<?xml version="1.0" encoding="UTF-8"?>
<!DOCTYPE html PUBLIC "-//W3C//DTD XHTML 1.0 Transitional//EN"
    "http://www.w3.org/TR/xhtml1/DTD/xhtml1-transitional.dtd">
<html xmlns="http://www.w3.org/1999/xhtml" xml:lang="en" lang="en">
 <head>
  <title>
</title>
<meta http-equiv="Content-Type" content="text/html;charset=utf-8" />
  <meta name='ocr-system' content='tesseract 3.04.00' />
  <meta name='ocr-capabilities' content='ocr_page ocr_carea ocr_par ocr_line ocrx_word'/>
</head>
<body>
  <div class='ocr_page' id='page_1' title='image "./miscellaneacrit02cobegoog_0477.png"; bbox 0 0 3086 4968; ppageno 0'>
   <div class='ocr_carea' id='block_1_1' title="bbox 653 291 718 361">
    <p class='ocr_par' dir='ltr' id='par_1_1' title="bbox 653 291 718 361">
     <span class='ocr_line' id='line_1_1' title="bbox 653 291 718 361; baseline -0.015 0"><span class='ocrx_word' id='word_1_1' title='bbox 653 291 718 361; x_wconf 81' lang='lat'><strong>453</strong></span> 
     </span>
    </p>
   </div>
   <div class='ocr_carea' id='block_1_2' title="bbox 92 485 1287 2578">
    <p class='ocr_par' dir='ltr' id='par_1_2' title="bbox 94 485 1279 682">
     <span class='ocr_line' id='line_1_2' title="bbox 94 485 1279 574; baseline 0.003 -20"><span class='ocrx_word' id='word_1_2' title='bbox 94 488 178 568; x_wconf 80' lang='grc' dir='ltr'><strong><em>μ’ων,</em></strong></span> <span class='ocrx_word' id='word_1_3' title='bbox 214 485 364 555; x_wconf 82' lang='grc'><strong>1111111111</strong></span> <span class='ocrx_word' id='word_1_4' title='bbox 388 486 465 554; x_wconf 86' lang='lat' dir='ltr'><strong>alibi</strong></span> <span class='ocrx_word' id='word_1_5' title='bbox 490 489 729 570; x_wconf 73' lang='grc' dir='ltr'><strong><em>ἀπεκεκλημην,</em></strong></span> <span class='ocrx_word' id='word_1_6' title='bbox 753 486 951 567; x_wconf 70' lang='grc' dir='ltr'><strong><em>ἀπεκλῄσθην</em></strong></span> <span class='ocrx_word' id='word_1_7' title='bbox 974 491 1006 552; x_wconf 88' lang='grc'><strong>11</strong></span> <span class='ocrx_word' id='word_1_8' title='bbox 1028 485 1150 574; x_wconf 89' lang='lat' dir='ltr'><strong>reliqua</strong></span> <span class='ocrx_word' id='word_1_9' title='bbox 1172 491 1279 558; x_wconf 90' lang='lat' dir='ltr'><strong>omnia</strong></span> 
     </span>
     <span class='ocr_line' id='line_1_3' title="bbox 94 594 500 682; baseline -0.005 -22"><span class='ocrx_word' id='word_1_10' title='bbox 94 595 132 660; x_wconf 91' lang='lat' dir='ltr'><strong>ad</strong></span> <span class='ocrx_word' id='word_1_11' title='bbox 153 595 287 661; x_wconf 91' lang='lat' dir='ltr'><strong>eandem</strong></span> <span class='ocrx_word' id='word_1_12' title='bbox 310 594 500 682; x_wconf 77' lang='lat' dir='ltr'><strong>analogiam.</strong></span> 
     </span>
    </p>

    <p class='ocr_par' dir='ltr' id='par_1_3' title="bbox 93 698 1280 1194">
     <span class='ocr_line' id='line_1_4' title="bbox 137 698 1279 790; baseline 0.003 -23"><span class='ocrx_word' id='word_1_13' title='bbox 137 701 273 768; x_wconf 82' lang='lat' dir='ltr'><strong>Factum</strong></span> <span class='ocrx_word' id='word_1_14' title='bbox 305 706 353 766; x_wconf 90' lang='lat' dir='ltr'><strong>est</strong></span> <span class='ocrx_word' id='word_1_15' title='bbox 382 706 491 767; x_wconf 84' lang='lat' dir='ltr'><strong>autam</strong></span> <span class='ocrx_word' id='word_1_16' title='bbox 523 699 607 785; x_wconf 92' lang='lat' dir='ltr'><strong>quod</strong></span> <span class='ocrx_word' id='word_1_17' title='bbox 635 702 670 765; x_wconf 91' lang='lat' dir='ltr'><strong>in</strong></span> <span class='ocrx_word' id='word_1_18' title='bbox 694 720 730 764; x_wconf 89' lang='lat' dir='ltr'><strong>ea</strong></span> <span class='ocrx_word' id='word_1_19' title='bbox 751 719 786 764; x_wconf 87' lang='lat' dir='ltr'><strong>re</strong></span> <span class='ocrx_word' id='word_1_20' title='bbox 809 698 941 776; x_wconf 87' lang='lat' dir='ltr'><strong>assolet,</strong></span> <span class='ocrx_word' id='word_1_21' title='bbox 965 705 1004 766; x_wconf 92' lang='lat' dir='ltr'><strong>ut</strong></span> <span class='ocrx_word' id='word_1_22' title='bbox 1025 722 1107 769; x_wconf 84' lang='lat' dir='ltr'><strong>nova</strong></span> <span class='ocrx_word' id='word_1_23' title='bbox 1128 703 1279 790; x_wconf 89' lang='lat' dir='ltr'><strong>loquendi</strong></span> 
     </span>
     <span class='ocr_line' id='line_1_5' title="bbox 95 803 1280 893; baseline 0.006 -24"><span class='ocrx_word' id='word_1_24' title='bbox 95 807 234 882; x_wconf 77' lang='grc' dir='ltr'><strong><em>ουνηάενοο</em></strong></span> <span class='ocrx_word' id='word_1_25' title='bbox 258 809 404 893; x_wconf 88' lang='lat' dir='ltr'><strong>antiquas</strong></span> <span class='ocrx_word' id='word_1_26' title='bbox 427 806 546 872; x_wconf 88' lang='lat' dir='ltr'><strong>formas</strong></span> <span class='ocrx_word' id='word_1_27' title='bbox 569 803 751 891; x_wconf 82' lang='lat' dir='ltr'><strong>expelleret.</strong></span> <span class='ocrx_word' id='word_1_28' title='bbox 796 804 883 871; x_wconf 83' lang='lat' dir='ltr'><strong>Luce</strong></span> <span class='ocrx_word' id='word_1_29' title='bbox 906 806 1022 874; x_wconf 89' lang='lat' dir='ltr'><strong>clarius</strong></span> <span class='ocrx_word' id='word_1_30' title='bbox 1044 809 1079 874; x_wconf 91' lang='lat' dir='ltr'><strong>id</strong></span> <span class='ocrx_word' id='word_1_31' title='bbox 1101 811 1135 874; x_wconf 92' lang='lat' dir='ltr'><strong>in</strong></span> <span class='ocrx_word' id='word_1_32' title='bbox 1158 811 1280 876; x_wconf 89' lang='lat' dir='ltr'><strong>Aristo·</strong></span> 
     </span>
     <span class='ocr_line' id='line_1_6' title="bbox 94 907 1280 1000; baseline 0.003 -22"><span class='ocrx_word' id='word_1_33' title='bbox 94 913 194 998; x_wconf 89' lang='lat' dir='ltr'><strong>phane</strong></span> <span class='ocrx_word' id='word_1_34' title='bbox 225 918 367 1000; x_wconf 88' lang='lat' dir='ltr'><strong>apparet.</strong></span> <span class='ocrx_word' id='word_1_35' title='bbox 412 912 450 978; x_wconf 95' lang='lat' dir='ltr'><strong>In</strong></span> <span class='ocrx_word' id='word_1_36' title='bbox 479 912 663 980; x_wconf 79' lang='lat' dir='ltr'><strong>Rauennate</strong></span> <span class='ocrx_word' id='word_1_37' title='bbox 693 907 810 979; x_wconf 78' lang='lat' dir='ltr'><strong>Codice</strong></span> <span class='ocrx_word' id='word_1_38' title='bbox 840 912 960 998; x_wconf 87' lang='lat' dir='ltr'><strong>ubique</strong></span> <span class='ocrx_word' id='word_1_39' title='bbox 989 936 1073 981; x_wconf 90' lang='lat' dir='ltr'><strong>nunc</strong></span> <span class='ocrx_word' id='word_1_40' title='bbox 1103 915 1224 982; x_wconf 88' lang='lat' dir='ltr'><strong>formas</strong></span> <span class='ocrx_word' id='word_1_41' title='bbox 1245 918 1280 981; x_wconf 90' lang='lat' dir='ltr'><strong>in</strong></span> 
     </span>
     <span class='ocr_line' id='line_1_7' title="bbox 96 1016 1280 1106; baseline 0.003 -22"><span class='ocrx_word' id='word_1_42' title='bbox 96 1056 114 1068; x_wconf 95' lang='lat'>-</span> <span class='ocrx_word' id='word_1_43' title='bbox 128 1028 167 1084; x_wconf 81' lang='lat' dir='ltr'><strong>el</strong></span> <span class='ocrx_word' id='word_1_44' title='bbox 197 1022 434 1106; x_wconf 88' lang='lat' dir='ltr'><strong>conspiciuntur</strong></span> <span class='ocrx_word' id='word_1_45' title='bbox 462 1023 587 1105; x_wconf 87' lang='lat' dir='ltr'><strong>praeter</strong></span> <span class='ocrx_word' id='word_1_46' title='bbox 617 1017 696 1084; x_wconf 93' lang='lat' dir='ltr'><strong>duos</strong></span> <span class='ocrx_word' id='word_1_47' title='bbox 722 1016 808 1085; x_wconf 90' lang='lat' dir='ltr'><strong>locos</strong></span> <span class='ocrx_word' id='word_1_48' title='bbox 837 1020 895 1085; x_wconf 90' lang='lat' dir='ltr'><strong>ubi</strong></span> <span class='ocrx_word' id='word_1_49' title='bbox 917 1019 995 1085; x_wconf 78' lang='lat' dir='ltr'><strong>telin</strong></span> <span class='ocrx_word' id='word_1_50' title='bbox 1016 1023 1171 1088; x_wconf 89' lang='lat' dir='ltr'><strong>mendum</strong></span> <span class='ocrx_word' id='word_1_51' title='bbox 1193 1026 1280 1088; x_wconf 86' lang='lat' dir='ltr'><strong>veta-</strong></span> 
     </span>
     <span class='ocr_line' id='line_1_8' title="bbox 93 1123 1008 1194; baseline -0.001 -2"><span class='ocrx_word' id='word_1_52' title='bbox 93 1148 159 1192; x_wconf 88' lang='lat' dir='ltr'><strong>rem</strong></span> <span class='ocrx_word' id='word_1_53' title='bbox 182 1126 355 1194; x_wconf 88' lang='lat' dir='ltr'><strong>lectionem</strong></span> <span class='ocrx_word' id='word_1_54' title='bbox 377 1123 514 1190; x_wconf 84' lang='lat' dir='ltr'><strong>fideliter</strong></span> <span class='ocrx_word' id='word_1_55' title='bbox 534 1125 692 1190; x_wconf 83' lang='lat' dir='ltr'><strong>servavit:</strong></span> <span class='ocrx_word' id='word_1_56' title='bbox 715 1125 886 1190; x_wconf 67' lang='lat' dir='ltr'><strong>inscitus</strong></span> <span class='ocrx_word' id='word_1_57' title='bbox 910 1123 1008 1192; x_wconf 90' lang='grc'><strong>1262.</strong></span> 
     </span>
    </p>

    <p class='ocr_par' dir='ltr' id='par_1_4' title="bbox 92 1229 1283 1830">
     <span class='ocr_line' id='line_1_9' title="bbox 412 1229 960 1309; baseline 0.002 -13"><span class='ocrx_word' id='word_1_58' title='bbox 412 1231 674 1308; x_wconf 74' lang='grc' dir='ltr'><strong><em>ἀποκεκλνὶκκμεν</em></strong></span> <span class='ocrx_word' id='word_1_59' title='bbox 699 1229 843 1309; x_wconf 75' lang='grc' dir='ltr'><em>διογενεῖς</em></span> <span class='ocrx_word' id='word_1_60' title='bbox 867 1232 960 1304; x_wconf 74' lang='grc' dir='ltr'><strong><em>θεούς.</em></strong></span> 
     </span>
     <span class='ocr_line' id='line_1_10' title="bbox 94 1337 1279 1423; baseline 0 -19"><span class='ocrx_word' id='word_1_61' title='bbox 94 1359 188 1423; x_wconf 90' lang='lat' dir='ltr'><strong>qnam</strong></span> <span class='ocrx_word' id='word_1_62' title='bbox 212 1340 351 1406; x_wconf 85' lang='lat' dir='ltr'><strong>formam</strong></span> <span class='ocrx_word' id='word_1_63' title='bbox 373 1338 413 1404; x_wconf 87' lang='lat' dir='ltr'><strong>ad</strong></span> <span class='ocrx_word' id='word_1_64' title='bbox 437 1339 610 1404; x_wconf 80' lang='grc' dir='ltr'><strong><em>ἀποκοολεῒν</em></strong></span> <span class='ocrx_word' id='word_1_65' title='bbox 632 1337 734 1422; x_wconf 79' lang='lat' dir='ltr'><strong>inepti</strong></span> <span class='ocrx_word' id='word_1_66' title='bbox 755 1337 946 1414; x_wconf 76' lang='lat' dir='ltr'><strong>referebant,</strong></span> <span class='ocrx_word' id='word_1_67' title='bbox 966 1343 999 1404; x_wconf 86' lang='grc'><strong>11</strong></span> <span class='ocrx_word' id='word_1_68' title='bbox 1015 1341 1050 1405; x_wconf 91' lang='lat' dir='ltr'><strong>in</strong></span> <span class='ocrx_word' id='word_1_69' title='bbox 1069 1339 1180 1403; x_wconf 77' lang='grc'><strong>1111111.</strong></span> <span class='ocrx_word' id='word_1_70' title='bbox 1202 1337 1279 1404; x_wconf 86' lang='grc'><strong>420.</strong></span> 
     </span>
     <span class='ocr_line' id='line_1_11' title="bbox 411 1440 837 1526; baseline 0 -18"><span class='ocrx_word' id='word_1_71' title='bbox 411 1443 445 1520; x_wconf 76' lang='grc' dir='ltr'><strong>ἢν</strong></span> <span class='ocrx_word' id='word_1_72' title='bbox 468 1442 493 1508; x_wconf 75' lang='grc' dir='ltr'><strong>δ’</strong></span> <span class='ocrx_word' id='word_1_73' title='bbox 515 1441 666 1525; x_wconf 77' lang='grc' dir='ltr'><strong><em>ἀποκλίνη</em></strong></span> <span class='ocrx_word' id='word_1_74' title='bbox 688 1450 727 1525; x_wconf 71' lang='grc' dir='ltr'><strong>τῇ</strong></span> <span class='ocrx_word' id='word_1_75' title='bbox 752 1440 837 1526; x_wconf 76' lang='grc' dir='ltr'><strong>θύρᾳ.</strong></span> 
     </span>
     <span class='ocr_line' id='line_1_12' title="bbox 93 1548 1283 1634; baseline 0.002 -18"><span class='ocrx_word' id='word_1_76' title='bbox 93 1552 148 1616; x_wconf 93' lang='lat' dir='ltr'><strong>ubi</strong></span> <span class='ocrx_word' id='word_1_77' title='bbox 177 1554 391 1618; x_wconf 85' lang='grc' dir='ltr'><strong><em>ἀποΚΛΗΙΗΙ</em></strong></span> <span class='ocrx_word' id='word_1_78' title='bbox 422 1549 695 1615; x_wconf 80' lang='grc' dir='ltr'><strong>11ἀποΚΛ1ΝΗΙ</strong></span> <span class='ocrx_word' id='word_1_79' title='bbox 727 1548 937 1634; x_wconf 85' lang='lat' dir='ltr'><strong>depravatum</strong></span> <span class='ocrx_word' id='word_1_80' title='bbox 967 1553 1023 1615; x_wconf 87' lang='lat' dir='ltr'><strong>est.</strong></span> <span class='ocrx_word' id='word_1_81' title='bbox 1071 1550 1283 1630; x_wconf 79' lang='lat' dir='ltr'><strong>Quemadmo-</strong></span> 
     </span>
     <span class='ocr_line' id='line_1_13' title="bbox 94 1654 1281 1740; baseline 0.001 -19"><span class='ocrx_word' id='word_1_82' title='bbox 94 1657 169 1723; x_wconf 86' lang='lat' dir='ltr'><strong>dum</strong></span> <span class='ocrx_word' id='word_1_83' title='bbox 203 1662 312 1725; x_wconf 86' lang='lat' dir='ltr'><strong>autem</strong></span> <span class='ocrx_word' id='word_1_84' title='bbox 341 1659 376 1720; x_wconf 90' lang='lat' dir='ltr'><strong>in</strong></span> <span class='ocrx_word' id='word_1_85' title='bbox 405 1655 457 1721; x_wconf 87' lang='lat' dir='ltr'><strong>his</strong></span> <span class='ocrx_word' id='word_1_86' title='bbox 482 1655 600 1740; x_wconf 90' lang='lat' dir='ltr'><strong>ubique</strong></span> <span class='ocrx_word' id='word_1_87' title='bbox 623 1654 829 1738; x_wconf 79' lang='lat' dir='ltr'><strong>Aristophani</strong></span> <span class='ocrx_word' id='word_1_88' title='bbox 850 1674 909 1719; x_wconf 90' lang='lat' dir='ltr'><strong>sua</strong></span> <span class='ocrx_word' id='word_1_89' title='bbox 930 1675 1045 1721; x_wconf 87' lang='lat' dir='ltr'><strong>manus</strong></span> <span class='ocrx_word' id='word_1_90' title='bbox 1068 1661 1116 1722; x_wconf 89' lang='lat' dir='ltr'><strong>est</strong></span> <span class='ocrx_word' id='word_1_91' title='bbox 1138 1657 1281 1733; x_wconf 88' lang='lat' dir='ltr'><strong>reddita,</strong></span> 
     </span>
     <span class='ocr_line' id='line_1_14' title="bbox 92 1758 1081 1830; baseline 0.003 -4"><span class='ocrx_word' id='word_1_92' title='bbox 92 1763 177 1830; x_wconf 84' lang='lat' dir='ltr'><strong>idem</strong></span> <span class='ocrx_word' id='word_1_93' title='bbox 203 1769 252 1830; x_wconf 88' lang='lat' dir='ltr'><strong>est</strong></span> <span class='ocrx_word' id='word_1_94' title='bbox 275 1767 307 1830; x_wconf 94' lang='lat' dir='ltr'><strong>et</strong></span> <span class='ocrx_word' id='word_1_95' title='bbox 328 1765 363 1827; x_wconf 88' lang='lat' dir='ltr'><strong>in</strong></span> <span class='ocrx_word' id='word_1_96' title='bbox 386 1762 517 1828; x_wconf 87' lang='lat' dir='ltr'><strong>caeteris</strong></span> <span class='ocrx_word' id='word_1_97' title='bbox 540 1765 572 1825; x_wconf 90' lang='grc'><strong>11</strong></span> <span class='ocrx_word' id='word_1_98' title='bbox 595 1761 629 1824; x_wconf 88' lang='lat' dir='ltr'><strong>in</strong></span> <span class='ocrx_word' id='word_1_99' title='bbox 646 1758 866 1824; x_wconf 80' lang='lat' dir='ltr'><strong>Demosthene</strong></span> <span class='ocrx_word' id='word_1_100' title='bbox 888 1760 1081 1829; x_wconf 88' lang='lat' dir='ltr'><strong>faciendum.</strong></span> 
     </span>
    </p>

    <p class='ocr_par' dir='ltr' id='par_1_5' title="bbox 92 1865 1285 2371">
     <span class='ocr_line' id='line_1_15' title="bbox 133 1865 1276 1958; baseline -0.004 -22"><span class='ocrx_word' id='word_1_101' title='bbox 133 1870 249 1956; x_wconf 87' lang='lat' dir='ltr'><strong>Itaque</strong></span> <span class='ocrx_word' id='word_1_102' title='bbox 272 1890 346 1958; x_wconf 81' lang='lat' dir='ltr'><strong>pag.</strong></span> <span class='ocrx_word' id='word_1_103' title='bbox 370 1865 446 1936; x_wconf 77' lang='grc'><strong>778.</strong></span> <span class='ocrx_word' id='word_1_104' title='bbox 468 1867 522 1932; x_wconf 90' lang='grc'><strong>11.</strong></span> <span class='ocrx_word' id='word_1_105' title='bbox 542 1866 743 1932; x_wconf 88' lang='lat' dir='ltr'><strong>scribendum</strong></span> <span class='ocrx_word' id='word_1_106' title='bbox 762 1866 951 1948; x_wconf 86' lang='grc' dir='ltr'><strong><em>κεκλημένης</em></strong></span> <span class='ocrx_word' id='word_1_107' title='bbox 971 1890 1023 1931; x_wconf 83' lang='grc' dir='ltr'><strong>σου</strong></span> <span class='ocrx_word' id='word_1_108' title='bbox 1047 1875 1102 1943; x_wconf 79' lang='grc' dir='ltr'><strong>τῆς</strong></span> <span class='ocrx_word' id='word_1_109' title='bbox 1123 1867 1276 1944; x_wconf 71' lang='grc' dir='ltr'><strong><em>ἔξουσίας,</em></strong></span> 
     </span>
     <span class='ocr_line' id='line_1_16' title="bbox 92 1971 1281 2061; baseline -0.002 -20"><span class='ocrx_word' id='word_1_110' title='bbox 92 1976 147 2041; x_wconf 90' lang='lat' dir='ltr'><strong>ubi</strong></span> <span class='ocrx_word' id='word_1_111' title='bbox 179 1973 204 2041; x_wconf 77' lang='lat' dir='ltr'>S</span> <span class='ocrx_word' id='word_1_112' title='bbox 229 1995 317 2061; x_wconf 86' lang='lat' dir='ltr'><strong>apr.</strong></span> <span class='ocrx_word' id='word_1_113' title='bbox 340 1995 386 2040; x_wconf 93' lang='lat' dir='ltr'><strong>m.</strong></span> <span class='ocrx_word' id='word_1_114' title='bbox 417 1972 598 2052; x_wconf 75' lang='grc' dir='ltr'><strong><em>κεκλιμένης</em></strong></span> <span class='ocrx_word' id='word_1_115' title='bbox 628 1972 775 2057; x_wconf 68' lang='lat' dir='ltr'><strong>exhibet,</strong></span> <span class='ocrx_word' id='word_1_116' title='bbox 807 1979 839 2039; x_wconf 89' lang='lat' dir='ltr'><strong>et</strong></span> <span class='ocrx_word' id='word_1_117' title='bbox 868 1993 942 2060; x_wconf 83' lang='lat' dir='ltr'><strong>pag.</strong></span> <span class='ocrx_word' id='word_1_118' title='bbox 968 1971 1044 2038; x_wconf 85' lang='grc'><strong>803.</strong></span> <span class='ocrx_word' id='word_1_119' title='bbox 1069 1971 1122 2040; x_wconf 83' lang='grc'><strong>30.</strong></span> <span class='ocrx_word' id='word_1_120' title='bbox 1147 1998 1281 2039; x_wconf 88' lang='grc' dir='ltr'><strong><em>κκτκκε-</em></strong></span> 
     </span>
     <span class='ocr_line' id='line_1_17' title="bbox 94 2076 1283 2171; baseline -0.002 -23"><span class='ocrx_word' id='word_1_121' title='bbox 94 2080 265 2165; x_wconf 85' lang='grc' dir='ltr'><strong><em>κλημένης,</em></strong></span> <span class='ocrx_word' id='word_1_122' title='bbox 295 2081 353 2146; x_wconf 90' lang='lat' dir='ltr'><strong>ubi</strong></span> <span class='ocrx_word' id='word_1_123' title='bbox 384 2076 651 2157; x_wconf 61' lang='lat' dir='ltr'><strong>accuratissima</strong></span> <span class='ocrx_word' id='word_1_124' title='bbox 681 2080 715 2142; x_wconf 90' lang='lat' dir='ltr'><strong>in</strong></span> <span class='ocrx_word' id='word_1_125' title='bbox 743 2077 906 2144; x_wconf 80' lang='lat' dir='ltr'><strong>nonnullis</strong></span> <span class='ocrx_word' id='word_1_126' title='bbox 936 2076 1027 2144; x_wconf 87' lang='lat' dir='ltr'><strong>libris</strong></span> <span class='ocrx_word' id='word_1_127' title='bbox 1057 2085 1113 2146; x_wconf 88' lang='lat' dir='ltr'><strong>est.</strong></span> <span class='ocrx_word' id='word_1_128' title='bbox 1146 2085 1179 2148; x_wconf 85' lang='grc'><strong>11</strong></span> <span class='ocrx_word' id='word_1_129' title='bbox 1208 2102 1283 2171; x_wconf 81' lang='lat' dir='ltr'><strong>pag.</strong></span> 
     </span>
     <span class='ocr_line' id='line_1_18' title="bbox 95 2184 1285 2270; baseline -0.001 -18"><span class='ocrx_word' id='word_1_130' title='bbox 95 2187 193 2254; x_wconf 89' lang='grc'><strong>1260.</strong></span> <span class='ocrx_word' id='word_1_131' title='bbox 226 2184 281 2253; x_wconf 82' lang='grc'><strong>23.</strong></span> <span class='ocrx_word' id='word_1_132' title='bbox 316 2191 375 2250; x_wconf 84' lang='grc' dir='ltr'><strong>τῶν</strong></span> <span class='ocrx_word' id='word_1_133' title='bbox 406 2185 507 2251; x_wconf 76' lang='grc' dir='ltr'><strong><em>σντέων</em></strong></span> <span class='ocrx_word' id='word_1_134' title='bbox 539 2185 763 2266; x_wconf 72' lang='grc' dir='ltr'><strong><em>ἀπεκεκλημην</em></strong></span> <span class='ocrx_word' id='word_1_135' title='bbox 784 2205 841 2270; x_wconf 89' lang='lat' dir='ltr'><strong>pro</strong></span> <span class='ocrx_word' id='word_1_136' title='bbox 864 2184 1096 2265; x_wconf 71' lang='grc' dir='ltr'><strong><em>ἀπεκεκλείμην</em></strong></span> <span class='ocrx_word' id='word_1_137' title='bbox 1117 2190 1150 2253; x_wconf 87' lang='grc'><strong>11</strong></span> <span class='ocrx_word' id='word_1_138' title='bbox 1172 2188 1285 2252; x_wconf 83' lang='grc' dir='ltr'><strong><em>ἀπεκε-</em></strong></span> 
     </span>
     <span class='ocr_line' id='line_1_19' title="bbox 94 2295 257 2371; baseline -0.018 -11"><span class='ocrx_word' id='word_1_139' title='bbox 94 2295 257 2371; x_wconf 80' lang='grc' dir='ltr'><strong><em>κλείσμην.</em></strong></span> 
     </span>
    </p>

    <p class='ocr_par' dir='ltr' id='par_1_6' title="bbox 93 2396 1287 2578">
     <span class='ocr_line' id='line_1_20' title="bbox 139 2396 1287 2486; baseline 0 -20"><span class='ocrx_word' id='word_1_140' title='bbox 139 2401 254 2467; x_wconf 76' lang='lat' dir='ltr'><strong>Etiam</strong></span> <span class='ocrx_word' id='word_1_141' title='bbox 274 2397 356 2465; x_wconf 87' lang='lat' dir='ltr'><strong>aliae</strong></span> <span class='ocrx_word' id='word_1_142' title='bbox 374 2398 495 2464; x_wconf 87' lang='lat' dir='ltr'><strong>formas</strong></span> <span class='ocrx_word' id='word_1_143' title='bbox 512 2399 636 2463; x_wconf 85' lang='lat' dir='ltr'><strong>veteres</strong></span> <span class='ocrx_word' id='word_1_144' title='bbox 655 2396 780 2462; x_wconf 87' lang='lat' dir='ltr'><strong>Atticae</strong></span> <span class='ocrx_word' id='word_1_145' title='bbox 800 2397 976 2463; x_wconf 85' lang='lat' dir='ltr'><strong>scribarum</strong></span> <span class='ocrx_word' id='word_1_146' title='bbox 995 2418 1146 2466; x_wconf 90' lang='lat' dir='ltr'><strong>consensu</strong></span> <span class='ocrx_word' id='word_1_147' title='bbox 1167 2400 1287 2486; x_wconf 91' lang='lat' dir='ltr'><strong>ubique</strong></span> 
     </span>
     <span class='ocr_line' id='line_1_21' title="bbox 93 2501 1200 2578; baseline -0.004 -3"><span class='ocrx_word' id='word_1_148' title='bbox 93 2507 283 2574; x_wconf 78' lang='lat' dir='ltr'><strong>obliteratae</strong></span> <span class='ocrx_word' id='word_1_149' title='bbox 303 2507 339 2570; x_wconf 91' lang='lat' dir='ltr'><strong>in</strong></span> <span class='ocrx_word' id='word_1_150' title='bbox 359 2502 466 2570; x_wconf 87' lang='lat' dir='ltr'><strong>lucem</strong></span> <span class='ocrx_word' id='word_1_151' title='bbox 489 2501 683 2569; x_wconf 84' lang='lat' dir='ltr'><strong>revocandae</strong></span> <span class='ocrx_word' id='word_1_152' title='bbox 706 2506 799 2578; x_wconf 85' lang='lat' dir='ltr'><strong>sunt,</strong></span> <span class='ocrx_word' id='word_1_153' title='bbox 822 2507 861 2568; x_wconf 90' lang='lat' dir='ltr'><strong>ut</strong></span> <span class='ocrx_word' id='word_1_154' title='bbox 882 2503 965 2570; x_wconf 85' lang='lat' dir='ltr'><strong>infra</strong></span> <span class='ocrx_word' id='word_1_155' title='bbox 989 2506 1200 2576; x_wconf 86' lang='lat' dir='ltr'><strong>ostendemus.</strong></span> 
     </span>
    </p>
   </div>
   <div class='ocr_carea' id='block_1_3' title="bbox 90 2709 1286 3653">
    <p class='ocr_par' dir='ltr' id='par_1_7' title="bbox 90 2709 1286 3653">
     <span class='ocr_line' id='line_1_22' title="bbox 135 2709 1283 2805; baseline 0.001 -25"><span class='ocrx_word' id='word_1_156' title='bbox 135 2717 221 2805; x_wconf 80' lang='lat' dir='ltr'><strong>Pag.</strong></span> <span class='ocrx_word' id='word_1_157' title='bbox 253 2713 308 2781; x_wconf 85' lang='grc'><strong>23.</strong></span> <span class='ocrx_word' id='word_1_158' title='bbox 340 2711 394 2778; x_wconf 88' lang='grc'><strong>14.</strong></span> <span class='ocrx_word' id='word_1_159' title='bbox 419 2713 444 2777; x_wconf 77' lang='grc' dir='ltr'><strong><em>εἰ</em></strong></span> <span class='ocrx_word' id='word_1_160' title='bbox 471 2710 503 2776; x_wconf 72' lang='grc' dir='ltr'><strong>δέ</strong></span> <span class='ocrx_word' id='word_1_161' title='bbox 526 2735 572 2783; x_wconf 77' lang='grc' dir='ltr'><strong>τις</strong></span> <span class='ocrx_word' id='word_1_162' title='bbox 597 2709 723 2794; x_wconf 78' lang='grc' dir='ltr'><strong><em>σώφρων</em></strong></span> <span class='ocrx_word' id='word_1_163' title='bbox 748 2712 764 2789; x_wconf 73' lang='grc' dir='ltr'>ἢ</span> <span class='ocrx_word' id='word_1_164' title='bbox 792 2711 907 2786; x_wconf 73' lang='grc' dir='ltr'><strong><em>ἀέκοντος</em></strong></span> <span class='ocrx_word' id='word_1_165' title='bbox 938 2717 1198 2793; x_wconf 76' lang='grc' dir='ltr'><strong><em>-πκρεῶσάκι</em></strong></span> <span class='ocrx_word' id='word_1_166' title='bbox 1231 2718 1283 2781; x_wconf 74' lang='lat' dir='ltr'><strong>acl</strong></span> 
     </span>
     <span class='ocr_line' id='line_1_23' title="bbox 92 2816 1285 2906; baseline -0.003 -17"><span class='ocrx_word' id='word_1_167' title='bbox 92 2826 122 2889; x_wconf 84' lang='grc' dir='ltr'><strong>ἒν</strong></span> <span class='ocrx_word' id='word_1_168' title='bbox 154 2821 273 2893; x_wconf 78' lang='grc' dir='ltr'><strong><em>οὐδενὸς</em></strong></span> <span class='ocrx_word' id='word_1_169' title='bbox 305 2816 381 2885; x_wconf 76' lang='lat' dir='ltr'><strong>alsae</strong></span> <span class='ocrx_word' id='word_1_170' title='bbox 415 2819 499 2899; x_wconf 76' lang='grc' dir='ltr'><strong><em>μέρει</em></strong></span> <span class='ocrx_word' id='word_1_171' title='bbox 531 2817 583 2882; x_wconf 76' lang='grc' dir='ltr'><strong>τὸν</strong></span> <span class='ocrx_word' id='word_1_172' title='bbox 606 2821 747 2884; x_wconf 77' lang='grc' dir='ltr'><strong><em>τοιοῦτον.</em></strong></span> <span class='ocrx_word' id='word_1_173' title='bbox 797 2817 851 2883; x_wconf 80' lang='lat' dir='ltr'><strong>Sic</strong></span> <span class='ocrx_word' id='word_1_174' title='bbox 874 2823 906 2883; x_wconf 89' lang='lat' dir='ltr'><strong>et</strong></span> <span class='ocrx_word' id='word_1_175' title='bbox 928 2840 1001 2906; x_wconf 85' lang='lat' dir='ltr'><strong>pag.</strong></span> <span class='ocrx_word' id='word_1_176' title='bbox 1028 2818 1102 2885; x_wconf 84' lang='lat'><strong>655.</strong></span> <span class='ocrx_word' id='word_1_177' title='bbox 1131 2819 1183 2885; x_wconf 88' lang='grc'><strong>15.</strong></span> <span class='ocrx_word' id='word_1_178' title='bbox 1209 2817 1285 2894; x_wconf 74' lang='grc' dir='ltr'><strong><em>ὅλως</em></strong></span> 
     </span>
     <span class='ocr_line' id='line_1_24' title="bbox 92 2923 1285 3010; baseline 0.001 -18"><span class='ocrx_word' id='word_1_179' title='bbox 92 2929 156 3010; x_wconf 72' lang='grc' dir='ltr'><strong>γάρ</strong></span> <span class='ocrx_word' id='word_1_180' title='bbox 183 2928 351 3008; x_wconf 66' lang='lat' dir='ltr'><strong>&gt;lyricorum</strong></span> <span class='ocrx_word' id='word_1_181' title='bbox 384 2925 622 3005; x_wconf 69' lang='lat' dir='ltr'><strong>taposirim</strong></span> <span class='ocrx_word' id='word_1_182' title='bbox 652 2925 708 3003; x_wconf 82' lang='grc' dir='ltr'><strong>μέν</strong></span> <span class='ocrx_word' id='word_1_183' title='bbox 740 2925 845 3001; x_wconf 74' lang='grc' dir='ltr'><strong><em>αὐτοί,</em></strong></span> <span class='ocrx_word' id='word_1_184' title='bbox 882 2923 953 3005; x_wconf 81' lang='grc' dir='ltr'><strong><em>πρὸς</em></strong></span> <span class='ocrx_word' id='word_1_185' title='bbox 989 2926 1228 3007; x_wconf 76' lang='grc' dir='ltr'><strong><em>Κερσοβλέπτην</em></strong></span> <span class='ocrx_word' id='word_1_186' title='bbox 1259 2928 1285 2993; x_wconf 72' lang='grc' dir='ltr'><strong>δ’</strong></span> 
     </span>
     <span class='ocr_line' id='line_1_25' title="bbox 91 3029 1284 3121; baseline -0.001 -19"><span class='ocrx_word' id='word_1_187' title='bbox 91 3034 270 3102; x_wconf 77' lang='grc' dir='ltr'><strong><em>ἀποκλίνειν</em></strong></span> <span class='ocrx_word' id='word_1_188' title='bbox 300 3033 395 3111; x_wconf 68' lang='lat' dir='ltr'><strong>onus.</strong></span> <span class='ocrx_word' id='word_1_189' title='bbox 440 3029 478 3096; x_wconf 92' lang='lat' dir='ltr'><strong>In</strong></span> <span class='ocrx_word' id='word_1_190' title='bbox 508 3034 643 3116; x_wconf 90' lang='lat' dir='ltr'><strong>utroque</strong></span> <span class='ocrx_word' id='word_1_191' title='bbox 673 3029 743 3096; x_wconf 93' lang='lat' dir='ltr'><strong>looo</strong></span> <span class='ocrx_word' id='word_1_192' title='bbox 775 3050 832 3115; x_wconf 94' lang='lat' dir='ltr'><strong>pro</strong></span> <span class='ocrx_word' id='word_1_193' title='bbox 865 3032 1037 3111; x_wconf 79' lang='grc' dir='ltr'><strong><em>πκρεάοάκν</em></strong></span> <span class='ocrx_word' id='word_1_194' title='bbox 1067 3035 1103 3097; x_wconf 91' lang='lat' dir='ltr'><strong>in</strong></span> <span class='ocrx_word' id='word_1_195' title='bbox 1124 3033 1284 3121; x_wconf 89' lang='lat' dir='ltr'><strong>plerisque</strong></span> 
     </span>
     <span class='ocr_line' id='line_1_26' title="bbox 90 3135 1286 3226; baseline -0.002 -17"><span class='ocrx_word' id='word_1_196' title='bbox 90 3143 187 3209; x_wconf 90' lang='lat' dir='ltr'><strong>libris</strong></span> <span class='ocrx_word' id='word_1_197' title='bbox 217 3145 265 3207; x_wconf 91' lang='lat' dir='ltr'><strong>est</strong></span> <span class='ocrx_word' id='word_1_198' title='bbox 287 3137 537 3222; x_wconf 66' lang='lat' dir='ltr'><strong>repropinata,</strong></span> <span class='ocrx_word' id='word_1_199' title='bbox 560 3156 641 3220; x_wconf 88' lang='lat' dir='ltr'><strong>quae</strong></span> <span class='ocrx_word' id='word_1_200' title='bbox 663 3135 766 3201; x_wconf 82' lang='lat' dir='ltr'><strong>forma</strong></span> <span class='ocrx_word' id='word_1_201' title='bbox 790 3141 838 3202; x_wconf 89' lang='lat' dir='ltr'><strong>est</strong></span> <span class='ocrx_word' id='word_1_202' title='bbox 859 3135 1069 3203; x_wconf 85' lang='lat' dir='ltr'><strong>Demostheni</strong></span> <span class='ocrx_word' id='word_1_203' title='bbox 1091 3145 1124 3205; x_wconf 89' lang='grc'><strong>11</strong></span> <span class='ocrx_word' id='word_1_204' title='bbox 1146 3140 1286 3226; x_wconf 88' lang='lat' dir='ltr'><strong>aequali-</strong></span> 
     </span>
     <span class='ocr_line' id='line_1_27' title="bbox 91 3241 1286 3331; baseline -0.004 -16"><span class='ocrx_word' id='word_1_205' title='bbox 91 3250 155 3316; x_wconf 87' lang='lat' dir='ltr'><strong>bus</strong></span> <span class='ocrx_word' id='word_1_206' title='bbox 185 3245 349 3324; x_wconf 89' lang='lat' dir='ltr'><strong>inaudita,</strong></span> <span class='ocrx_word' id='word_1_207' title='bbox 381 3245 437 3330; x_wconf 90' lang='lat' dir='ltr'><strong>qui</strong></span> <span class='ocrx_word' id='word_1_208' title='bbox 462 3242 631 3326; x_wconf 80' lang='grc' dir='ltr'><strong><em>περνῶφάκν</em></strong></span> <span class='ocrx_word' id='word_1_209' title='bbox 656 3241 820 3318; x_wconf 89' lang='lat' dir='ltr'><strong>dicebant,</strong></span> <span class='ocrx_word' id='word_1_210' title='bbox 844 3247 882 3307; x_wconf 94' lang='grc'><strong>11</strong></span> <span class='ocrx_word' id='word_1_211' title='bbox 904 3263 976 3331; x_wconf 82' lang='lat' dir='ltr'><strong>pag.</strong></span> <span class='ocrx_word' id='word_1_212' title='bbox 1004 3241 1079 3310; x_wconf 87' lang='grc'><strong>362.</strong></span> <span class='ocrx_word' id='word_1_213' title='bbox 1105 3244 1136 3313; x_wconf 91' lang='grc'><strong>9.</strong></span> <span class='ocrx_word' id='word_1_214' title='bbox 1161 3247 1286 3319; x_wconf 80' lang='grc' dir='ltr'><strong><em>τούτους</em></strong></span> 
     </span>
     <span class='ocr_line' id='line_1_28' title="bbox 94 3343 1284 3433; baseline 0.01 -27"><span class='ocrx_word' id='word_1_215' title='bbox 94 3393 115 3406; x_wconf 92' lang='grc'><strong><em>.</em></strong></span> <span class='ocrx_word' id='word_1_216' title='bbox 137 3357 367 3433; x_wconf 48' lang='lat' dir='ltr'><strong>anisacar</strong></span> <span class='ocrx_word' id='word_1_217' title='bbox 390 3353 521 3416; x_wconf 81' lang='grc' dir='ltr'><strong><em>τονοοῦτοο</em></strong></span> <span class='ocrx_word' id='word_1_218' title='bbox 544 3346 737 3420; x_wconf 73' lang='grc' dir='ltr'><strong><em>πεπονθότας</em></strong></span> <span class='ocrx_word' id='word_1_219' title='bbox 759 3343 808 3414; x_wconf 78' lang='grc' dir='ltr'><strong><em>οἷον</em></strong></span> <span class='ocrx_word' id='word_1_220' title='bbox 834 3346 947 3423; x_wconf 75' lang='grc' dir='ltr'><strong><em>οὐδένες</em></strong></span> <span class='ocrx_word' id='word_1_221' title='bbox 973 3349 1063 3415; x_wconf 85' lang='grc' dir='ltr'><strong><em>ἀλλον</em></strong></span> <span class='ocrx_word' id='word_1_222' title='bbox 1087 3352 1147 3416; x_wconf 81' lang='grc' dir='ltr'><strong>τῶν</strong></span> <span class='ocrx_word' id='word_1_223' title='bbox 1169 3352 1284 3428; x_wconf 68' lang='grc' dir='ltr'><strong><em>Ἑλλή-</em></strong></span> 
     </span>
     <span class='ocr_line' id='line_1_29' title="bbox 93 3451 1286 3541; baseline -0.007 -12"><span class='ocrx_word' id='word_1_224' title='bbox 93 3486 162 3529; x_wconf 84' lang='grc' dir='ltr'><strong>νων.</strong></span> <span class='ocrx_word' id='word_1_225' title='bbox 194 3464 227 3526; x_wconf 86' lang='lat' dir='ltr'><strong>et</strong></span> <span class='ocrx_word' id='word_1_226' title='bbox 257 3460 293 3526; x_wconf 89' lang='lat' dir='ltr'><strong>in</strong></span> <span class='ocrx_word' id='word_1_227' title='bbox 322 3457 420 3523; x_wconf 82' lang='lat' dir='ltr'><strong>verbo</strong></span> <span class='ocrx_word' id='word_1_228' title='bbox 442 3453 583 3541; x_wconf 79' lang='lat' dir='ltr'><strong>simplici</strong></span> <span class='ocrx_word' id='word_1_229' title='bbox 606 3474 678 3541; x_wconf 81' lang='lat' dir='ltr'><strong>pag.</strong></span> <span class='ocrx_word' id='word_1_230' title='bbox 705 3451 782 3521; x_wconf 80' lang='grc'><strong>722.</strong></span> <span class='ocrx_word' id='word_1_231' title='bbox 808 3454 837 3522; x_wconf 90' lang='grc'><strong>2.</strong></span> <span class='ocrx_word' id='word_1_232' title='bbox 864 3455 969 3533; x_wconf 73' lang='grc' dir='ltr'><strong><em>νόμους</em></strong></span> <span class='ocrx_word' id='word_1_233' title='bbox 994 3457 1141 3541; x_wconf 73' lang='grc' dir='ltr'><strong><em>εἰσφέρων</em></strong></span> <span class='ocrx_word' id='word_1_234' title='bbox 1165 3455 1286 3534; x_wconf 74' lang='lat' dir='ltr'><strong>claras,</strong></span> 
     </span>
     <span class='ocr_line' id='line_1_30' title="bbox 92 3558 969 3653; baseline -0.011 -19"><span class='ocrx_word' id='word_1_235' title='bbox 92 3573 134 3634; x_wconf 92' lang='lat' dir='ltr'><strong>nt</strong></span> <span class='ocrx_word' id='word_1_236' title='bbox 156 3567 276 3653; x_wconf 88' lang='lat' dir='ltr'><strong>passim</strong></span> <span class='ocrx_word' id='word_1_237' title='bbox 299 3563 402 3645; x_wconf 82' lang='grc' dir='ltr'><strong><em>ἀφέην</em></strong></span> <span class='ocrx_word' id='word_1_238' title='bbox 425 3565 458 3628; x_wconf 91' lang='grc'><strong>11</strong></span> <span class='ocrx_word' id='word_1_239' title='bbox 480 3561 655 3646; x_wconf 65' lang='lat' dir='ltr'><strong>&amp;ptissana</strong></span> <span class='ocrx_word' id='word_1_240' title='bbox 680 3558 843 3648; x_wconf 76' lang='lat' dir='ltr'><strong>legumtur.</strong></span> <span class='ocrx_word' id='word_1_241' title='bbox 966 3589 969 3594; x_wconf 94' lang='lat'>·</span> 
     </span>
    </p>
   </div>
   <div class='ocr_carea' id='block_1_4' title="bbox 97 3769 1289 4496">
    <p class='ocr_par' dir='ltr' id='par_1_8' title="bbox 97 3769 1289 4496">
     <span class='ocr_line' id='line_1_31' title="bbox 142 3769 1287 3866; baseline 0.001 -26"><span class='ocrx_word' id='word_1_242' title='bbox 142 3775 276 3841; x_wconf 79' lang='lat' dir='ltr'><strong>Frustra</strong></span> <span class='ocrx_word' id='word_1_243' title='bbox 304 3775 368 3840; x_wconf 83' lang='lat' dir='ltr'><strong>uiri</strong></span> <span class='ocrx_word' id='word_1_244' title='bbox 398 3771 485 3838; x_wconf 92' lang='lat' dir='ltr'><strong>docti</strong></span> <span class='ocrx_word' id='word_1_245' title='bbox 507 3769 588 3836; x_wconf 90' lang='lat' dir='ltr'><strong>olim</strong></span> <span class='ocrx_word' id='word_1_246' title='bbox 611 3774 775 3838; x_wconf 85' lang='lat' dir='ltr'><strong>tentarunt</strong></span> <span class='ocrx_word' id='word_1_247' title='bbox 797 3770 967 3836; x_wconf 90' lang='lat' dir='ltr'><strong>lectionem</strong></span> <span class='ocrx_word' id='word_1_248' title='bbox 989 3773 1191 3840; x_wconf 87' lang='lat' dir='ltr'><strong>verissimam</strong></span> <span class='ocrx_word' id='word_1_249' title='bbox 1212 3797 1287 3866; x_wconf 78' lang='lat' dir='ltr'><strong>pag.</strong></span> 
     </span>
     <span class='ocr_line' id='line_1_32' title="bbox 97 3872 1285 3963; baseline 0.002 -15"><span class='ocrx_word' id='word_1_250' title='bbox 97 3880 152 3949; x_wconf 86' lang='grc'><strong>23.</strong></span> <span class='ocrx_word' id='word_1_251' title='bbox 179 3879 233 3946; x_wconf 89' lang='grc'><strong>15.</strong></span> <span class='ocrx_word' id='word_1_252' title='bbox 266 3879 388 3952; x_wconf 79' lang='grc' dir='ltr'><strong><em>λοιποὺς</em></strong></span> <span class='ocrx_word' id='word_1_253' title='bbox 413 3878 448 3953; x_wconf 71' lang='lat' dir='ltr'><strong>aa</strong></span> <span class='ocrx_word' id='word_1_254' title='bbox 473 3875 540 3957; x_wconf 78' lang='grc' dir='ltr'><strong><em>περὶ</em></strong></span> <span class='ocrx_word' id='word_1_255' title='bbox 566 3876 659 3942; x_wconf 76' lang='lat' dir='ltr'><strong>cirta</strong></span> <span class='ocrx_word' id='word_1_256' title='bbox 682 3877 897 3963; x_wconf 83' lang='lat' dir='ltr'><strong>(Philippum)</strong></span> <span class='ocrx_word' id='word_1_257' title='bbox 921 3872 998 3942; x_wconf 81' lang='grc' dir='ltr'><strong><em>εἷνκο</em></strong></span> <span class='ocrx_word' id='word_1_258' title='bbox 1022 3887 1209 3948; x_wconf 83' lang='lat' dir='ltr'>AHICTAC</span> <span class='ocrx_word' id='word_1_259' title='bbox 1232 3886 1285 3950; x_wconf 82' lang='grc' dir='ltr'><strong><em>κκὶ</em></strong></span> 
     </span>
     <span class='ocr_line' id='line_1_33' title="bbox 97 3983 1285 4071; baseline 0 -17"><span class='ocrx_word' id='word_1_260' title='bbox 97 3987 249 4058; x_wconf 80' lang='grc' dir='ltr'><strong><em>κάλκκνος.</em></strong></span> <span class='ocrx_word' id='word_1_261' title='bbox 297 3984 360 4066; x_wconf 76' lang='lat' dir='ltr'><strong>Qus</strong></span> <span class='ocrx_word' id='word_1_262' title='bbox 389 4003 565 4070; x_wconf 87' lang='lat' dir='ltr'><strong>numquam</strong></span> <span class='ocrx_word' id='word_1_263' title='bbox 589 3984 720 4048; x_wconf 77' lang='grc'><strong>11111111</strong></span> <span class='ocrx_word' id='word_1_264' title='bbox 741 3983 904 4071; x_wconf 84' lang='lat' dir='ltr'><strong>viderant,</strong></span> <span class='ocrx_word' id='word_1_265' title='bbox 929 3986 992 4048; x_wconf 90' lang='lat' dir='ltr'><strong>nisi</strong></span> <span class='ocrx_word' id='word_1_266' title='bbox 1017 3984 1098 4052; x_wconf 84' lang='lat' dir='ltr'><strong>forte</strong></span> <span class='ocrx_word' id='word_1_267' title='bbox 1119 3988 1154 4052; x_wconf 92' lang='lat' dir='ltr'><strong>in</strong></span> <span class='ocrx_word' id='word_1_268' title='bbox 1177 4008 1285 4070; x_wconf 88' lang='lat' dir='ltr'><strong>scena,</strong></span> 
     </span>
     <span class='ocr_line' id='line_1_34' title="bbox 97 4088 1288 4162; baseline 0.003 -3"><span class='ocrx_word' id='word_1_269' title='bbox 97 4113 162 4160; x_wconf 91' lang='lat' dir='ltr'><strong>non</strong></span> <span class='ocrx_word' id='word_1_270' title='bbox 189 4090 435 4158; x_wconf 77' lang='lat' dir='ltr'><strong>recordabantur</strong></span> <span class='ocrx_word' id='word_1_271' title='bbox 465 4109 532 4155; x_wconf 88' lang='lat' dir='ltr'><strong>esse</strong></span> <span class='ocrx_word' id='word_1_272' title='bbox 563 4109 615 4154; x_wconf 88' lang='lat' dir='ltr'><strong>eos</strong></span> <span class='ocrx_word' id='word_1_273' title='bbox 646 4089 793 4155; x_wconf 90' lang='lat' dir='ltr'><strong>homines</strong></span> <span class='ocrx_word' id='word_1_274' title='bbox 824 4088 957 4154; x_wconf 91' lang='lat' dir='ltr'><strong>audaces</strong></span> <span class='ocrx_word' id='word_1_275' title='bbox 986 4093 1019 4154; x_wconf 95' lang='grc'><strong>11</strong></span> <span class='ocrx_word' id='word_1_276' title='bbox 1046 4090 1236 4160; x_wconf 89' lang='lat' dir='ltr'><strong>facinorosos</strong></span> <span class='ocrx_word' id='word_1_277' title='bbox 1256 4101 1288 4162; x_wconf 91' lang='lat' dir='ltr'><strong>et</strong></span> 
     </span>
     <span class='ocr_line' id='line_1_35' title="bbox 97 4193 1289 4286; baseline 0.003 -21"><span class='ocrx_word' id='word_1_278' title='bbox 97 4198 289 4275; x_wconf 88' lang='lat' dir='ltr'><strong>sceleratos,</strong></span> <span class='ocrx_word' id='word_1_279' title='bbox 315 4200 347 4264; x_wconf 89' lang='lat' dir='ltr'><strong>et</strong></span> <span class='ocrx_word' id='word_1_280' title='bbox 365 4193 449 4261; x_wconf 91' lang='lat' dir='ltr'><strong>nihil</strong></span> <span class='ocrx_word' id='word_1_281' title='bbox 468 4195 546 4261; x_wconf 92' lang='lat' dir='ltr'><strong>adeo</strong></span> <span class='ocrx_word' id='word_1_282' title='bbox 565 4195 604 4260; x_wconf 93' lang='lat' dir='ltr'><strong>de</strong></span> <span class='ocrx_word' id='word_1_283' title='bbox 622 4194 773 4282; x_wconf 92' lang='lat' dir='ltr'><strong>Philippo</strong></span> <span class='ocrx_word' id='word_1_284' title='bbox 792 4193 930 4261; x_wconf 88' lang='lat' dir='ltr'><strong>odiosius</strong></span> <span class='ocrx_word' id='word_1_285' title='bbox 950 4194 1013 4261; x_wconf 89' lang='lat' dir='ltr'><strong>dici</strong></span> <span class='ocrx_word' id='word_1_286' title='bbox 1030 4201 1172 4282; x_wconf 90' lang='lat' dir='ltr'><strong>potuisse</strong></span> <span class='ocrx_word' id='word_1_287' title='bbox 1191 4222 1289 4286; x_wconf 91' lang='lat' dir='ltr'><strong>quam</strong></span> 
     </span>
     <span class='ocr_line' id='line_1_36' title="bbox 97 4302 1288 4390; baseline 0.003 -19"><span class='ocrx_word' id='word_1_288' title='bbox 97 4307 232 4371; x_wconf 72' lang='lat' dir='ltr'><strong>lctrma</strong></span> <span class='ocrx_word' id='word_1_289' title='bbox 254 4323 329 4369; x_wconf 92' lang='lat' dir='ltr'><strong>eum</strong></span> <span class='ocrx_word' id='word_1_290' title='bbox 352 4307 384 4369; x_wconf 89' lang='lat' dir='ltr'><strong>et</strong></span> <span class='ocrx_word' id='word_1_291' title='bbox 406 4323 526 4366; x_wconf 77' lang='grc' dir='ltr'><strong><em>εοκτνκκ</em></strong></span> <span class='ocrx_word' id='word_1_292' title='bbox 549 4303 632 4367; x_wconf 88' lang='lat' dir='ltr'><strong>circa</strong></span> <span class='ocrx_word' id='word_1_293' title='bbox 654 4323 720 4367; x_wconf 84' lang='lat' dir='ltr'><strong>sese</strong></span> <span class='ocrx_word' id='word_1_294' title='bbox 742 4302 875 4380; x_wconf 88' lang='lat' dir='ltr'><strong>habere,</strong></span> <span class='ocrx_word' id='word_1_295' title='bbox 896 4302 1062 4369; x_wconf 88' lang='lat' dir='ltr'><strong>ethorum</strong></span> <span class='ocrx_word' id='word_1_296' title='bbox 1081 4308 1288 4390; x_wconf 88' lang='lat' dir='ltr'><strong>potissimum</strong></span> 
     </span>
     <span class='ocr_line' id='line_1_37' title="bbox 97 4403 1289 4496; baseline 0.002 -18"><span class='ocrx_word' id='word_1_297' title='bbox 97 4408 330 4478; x_wconf 88' lang='lat' dir='ltr'><strong>consuetudine</strong></span> <span class='ocrx_word' id='word_1_298' title='bbox 365 4403 523 4473; x_wconf 89' lang='lat' dir='ltr'><strong>delectari.</strong></span> <span class='ocrx_word' id='word_1_299' title='bbox 584 4404 738 4492; x_wconf 80' lang='lat' dir='ltr'><strong>Turpione</strong></span> <span class='ocrx_word' id='word_1_300' title='bbox 772 4409 870 4474; x_wconf 88' lang='lat' dir='ltr'><strong>etiam</strong></span> <span class='ocrx_word' id='word_1_301' title='bbox 903 4407 954 4474; x_wconf 90' lang='lat' dir='ltr'><strong>his</strong></span> <span class='ocrx_word' id='word_1_302' title='bbox 989 4413 1021 4475; x_wconf 89' lang='lat' dir='ltr'><strong>et</strong></span> <span class='ocrx_word' id='word_1_303' title='bbox 1056 4414 1216 4496; x_wconf 88' lang='lat' dir='ltr'><strong>spurciora</strong></span> <span class='ocrx_word' id='word_1_304' title='bbox 1250 4414 1289 4480; x_wconf 89' lang='lat' dir='ltr'><strong>ds</strong></span> 
     </span>
    </p>
   </div>
   <div class='ocr_carea' id='block_1_5' title="bbox 0 0 1548 4968">
    <p class='ocr_par' dir='ltr' id='par_1_9' title="bbox 0 0 1548 4968">
     <span class='ocr_line' id='line_1_38' title="bbox 0 0 1548 4968; baseline 0 0"><span class='ocrx_word' id='word_1_305' title='bbox 0 0 1548 4968; x_wconf 95' lang='lat' dir='ltr'><strong> </strong></span> 
     </span>
    </p>
   </div>
  </div>
 </body>
</html>
