<?xml version="1.0" encoding="UTF-8"?>
<!DOCTYPE html PUBLIC "-//W3C//DTD XHTML 1.0 Transitional//EN"
    "http://www.w3.org/TR/xhtml1/DTD/xhtml1-transitional.dtd">
<html xmlns="http://www.w3.org/1999/xhtml" xml:lang="en" lang="en">
 <head>
  <title>
</title>
<meta http-equiv="Content-Type" content="text/html;charset=utf-8" />
  <meta name='ocr-system' content='tesseract 3.04.00' />
  <meta name='ocr-capabilities' content='ocr_page ocr_carea ocr_par ocr_line ocrx_word'/>
</head>
<body>
  <div class='ocr_page' id='page_1' title='image "./miscellaneacrit02cobegoog_0070.png"; bbox 0 0 3080 4972; ppageno 0'>
   <div class='ocr_carea' id='block_1_1' title="bbox 791 227 833 297">
    <p class='ocr_par' dir='ltr' id='par_1_1' title="bbox 791 227 833 297">
     <span class='ocr_line' id='line_1_1' title="bbox 791 227 833 297; baseline 0.024 -1"><span class='ocrx_word' id='word_1_1' title='bbox 791 227 833 297; x_wconf 84' lang='grc'><strong>46</strong></span> 
     </span>
    </p>
   </div>
   <div class='ocr_carea' id='block_1_2' title="bbox 211 417 1406 3796">
    <p class='ocr_par' dir='ltr' id='par_1_2' title="bbox 214 417 1406 1567">
     <span class='ocr_line' id='line_1_2' title="bbox 215 417 1403 506; baseline -0.001 -19"><span class='ocrx_word' id='word_1_2' title='bbox 215 421 271 501; x_wconf 76' lang='grc' dir='ltr'><strong>μὲν</strong></span> <span class='ocrx_word' id='word_1_3' title='bbox 301 417 402 497; x_wconf 74' lang='grc' dir='ltr'><strong><em>ξένους</em></strong></span> <span class='ocrx_word' id='word_1_4' title='bbox 435 418 663 506; x_wconf 76' lang='grc' dir='ltr'><strong><em>[μισθοφόρους]</em></strong></span> <span class='ocrx_word' id='word_1_5' title='bbox 697 419 929 498; x_wconf 72' lang='grc' dir='ltr'><strong>εἰσπέμψαντες</strong></span> <span class='ocrx_word' id='word_1_6' title='bbox 957 420 1115 486; x_wconf 84' lang='grc' dir='ltr'><strong><em>ε’κθλνσαν</em></strong></span> <span class='ocrx_word' id='word_1_7' title='bbox 1139 420 1403 501; x_wconf 71' lang='grc' dir='ltr'><strong>ἐκπολιορκηθῆναι</strong></span> 
     </span>
     <span class='ocr_line' id='line_1_3' title="bbox 214 525 1405 613; baseline -0.002 -19"><span class='ocrx_word' id='word_1_8' title='bbox 214 528 350 609; x_wconf 80' lang='grc' dir='ltr'><strong><em>Πέρινθον</em></strong></span> <span class='ocrx_word' id='word_1_9' title='bbox 382 566 423 575; x_wconf 95' lang='grc'>-</span> <span class='ocrx_word' id='word_1_10' title='bbox 448 527 507 591; x_wconf 78' lang='grc' dir='ltr'><strong><em>νυνὶ</em></strong></span> <span class='ocrx_word' id='word_1_11' title='bbox 537 527 568 592; x_wconf 78' lang='grc' dir='ltr'><strong>δὲ</strong></span> <span class='ocrx_word' id='word_1_12' title='bbox 601 564 642 575; x_wconf 88' lang='grc'>-</span> <span class='ocrx_word' id='word_1_13' title='bbox 670 525 809 604; x_wconf 89' lang='grc' dir='ltr'><strong><em>βασιλέα</em></strong></span> <span class='ocrx_word' id='word_1_14' title='bbox 837 526 901 613; x_wconf 85' lang='grc' dir='ltr'><strong><em>[τὸν</em></strong></span> <span class='ocrx_word' id='word_1_15' title='bbox 925 531 1058 610; x_wconf 81' lang='grc' dir='ltr'><strong><em>Περσῶν]</em></strong></span> <span class='ocrx_word' id='word_1_16' title='bbox 1080 528 1235 609; x_wconf 75' lang='grc' dir='ltr'><strong><em>χρήματα</em></strong></span> <span class='ocrx_word' id='word_1_17' title='bbox 1258 534 1405 610; x_wconf 73' lang='grc' dir='ltr'><strong><em>χορηγεῖν</em></strong></span> 
     </span>
     <span class='ocr_line' id='line_1_4' title="bbox 216 632 1405 720; baseline -0.002 -20"><span class='ocrx_word' id='word_1_18' title='bbox 216 637 289 712; x_wconf 73' lang='grc' dir='ltr'><strong><em>ἡμῖν</em></strong></span> <span class='ocrx_word' id='word_1_19' title='bbox 313 634 544 715; x_wconf 76' lang='grc' dir='ltr'><strong><em>προτρέψονται.</em></strong></span> <span class='ocrx_word' id='word_1_20' title='bbox 592 632 713 699; x_wconf 87' lang='lat' dir='ltr'><strong>Melius</strong></span> <span class='ocrx_word' id='word_1_21' title='bbox 736 635 896 699; x_wconf 86' lang='lat' dir='ltr'><strong>omisisset</strong></span> <span class='ocrx_word' id='word_1_22' title='bbox 920 635 1110 711; x_wconf 79' lang='grc' dir='ltr'><strong><em>καθεςῶτες,</em></strong></span> <span class='ocrx_word' id='word_1_23' title='bbox 1137 654 1199 719; x_wconf 91' lang='lat' dir='ltr'><strong>quo</strong></span> <span class='ocrx_word' id='word_1_24' title='bbox 1223 637 1325 699; x_wconf 84' lang='lat' dir='ltr'><strong>utitur</strong></span> <span class='ocrx_word' id='word_1_25' title='bbox 1348 655 1405 720; x_wconf 90' lang='lat' dir='ltr'><strong>pro</strong></span> 
     </span>
     <span class='ocr_line' id='line_1_5' title="bbox 214 738 1406 828; baseline -0.001 -22"><span class='ocrx_word' id='word_1_26' title='bbox 214 740 297 814; x_wconf 79' lang='grc' dir='ltr'><strong><em>όντες</em></strong></span> <span class='ocrx_word' id='word_1_27' title='bbox 327 747 451 828; x_wconf 88' lang='lat' dir='ltr'><strong>praeter</strong></span> <span class='ocrx_word' id='word_1_28' title='bbox 480 761 577 805; x_wconf 90' lang='lat' dir='ltr'><strong>usum</strong></span> <span class='ocrx_word' id='word_1_29' title='bbox 607 744 771 816; x_wconf 81' lang='lat' dir='ltr'><strong>veterum,</strong></span> <span class='ocrx_word' id='word_1_30' title='bbox 804 738 859 804; x_wconf 89' lang='lat' dir='ltr'><strong>sed</strong></span> <span class='ocrx_word' id='word_1_31' title='bbox 883 740 1081 821; x_wconf 77' lang='grc' dir='ltr'><strong><em>μισθοφόρους</em></strong></span> <span class='ocrx_word' id='word_1_32' title='bbox 1105 762 1168 805; x_wconf 92' lang='lat' dir='ltr'><strong>non</strong></span> <span class='ocrx_word' id='word_1_33' title='bbox 1190 743 1258 826; x_wconf 91' lang='lat' dir='ltr'><strong>ipse</strong></span> <span class='ocrx_word' id='word_1_34' title='bbox 1281 739 1406 805; x_wconf 81' lang='lat' dir='ltr'><strong>addidit</strong></span> 
     </span>
     <span class='ocr_line' id='line_1_6' title="bbox 215 846 1406 935; baseline 0 -23"><span class='ocrx_word' id='word_1_35' title='bbox 215 849 269 913; x_wconf 90' lang='lat' dir='ltr'><strong>sed</strong></span> <span class='ocrx_word' id='word_1_36' title='bbox 299 850 454 935; x_wconf 80' lang='lat' dir='ltr'><strong>magister</strong></span> <span class='ocrx_word' id='word_1_37' title='bbox 483 846 599 931; x_wconf 85' lang='lat' dir='ltr'><strong>aliquis</strong></span> <span class='ocrx_word' id='word_1_38' title='bbox 630 847 686 930; x_wconf 89' lang='lat' dir='ltr'><strong>qui</strong></span> <span class='ocrx_word' id='word_1_39' title='bbox 717 866 781 910; x_wconf 92' lang='lat' dir='ltr'><strong>non</strong></span> <span class='ocrx_word' id='word_1_40' title='bbox 802 847 1025 911; x_wconf 85' lang='lat' dir='ltr'><strong>recordabatur</strong></span> <span class='ocrx_word' id='word_1_41' title='bbox 1048 846 1169 911; x_wconf 79' lang='lat' dir='ltr'><strong>milites</strong></span> <span class='ocrx_word' id='word_1_42' title='bbox 1193 847 1406 912; x_wconf 89' lang='lat' dir='ltr'><strong>conducticios</strong></span> 
     </span>
     <span class='ocr_line' id='line_1_7' title="bbox 214 950 1406 1036; baseline 0 -18"><span class='ocrx_word' id='word_1_43' title='bbox 214 953 329 1020; x_wconf 82' lang='lat' dir='ltr'><strong>blando</strong></span> <span class='ocrx_word' id='word_1_44' title='bbox 360 955 488 1018; x_wconf 88' lang='lat' dir='ltr'><strong>nomine</strong></span> <span class='ocrx_word' id='word_1_45' title='bbox 519 950 619 1026; x_wconf 77' lang='grc' dir='ltr'><strong><em>ξένους</em></strong></span> <span class='ocrx_word' id='word_1_46' title='bbox 644 950 814 1036; x_wconf 88' lang='lat' dir='ltr'><strong>appellari,</strong></span> <span class='ocrx_word' id='word_1_47' title='bbox 839 951 922 1017; x_wconf 87' lang='lat' dir='ltr'><strong>unde</strong></span> <span class='ocrx_word' id='word_1_48' title='bbox 946 951 1077 1031; x_wconf 81' lang='grc' dir='ltr'><strong><em>ξενικόν,</em></strong></span> <span class='ocrx_word' id='word_1_49' title='bbox 1102 951 1265 1032; x_wconf 77' lang='grc' dir='ltr'><strong><em>ξεναγεῖν,</em></strong></span> <span class='ocrx_word' id='word_1_50' title='bbox 1289 951 1406 1028; x_wconf 78' lang='grc' dir='ltr'><strong><em>ξενολο-</em></strong></span> 
     </span>
     <span class='ocr_line' id='line_1_8' title="bbox 215 1057 1404 1146; baseline -0.001 -21"><span class='ocrx_word' id='word_1_51' title='bbox 215 1069 282 1139; x_wconf 84' lang='grc' dir='ltr'><strong><em>γεῖν</em></strong></span> <span class='ocrx_word' id='word_1_52' title='bbox 308 1062 435 1125; x_wconf 88' lang='lat' dir='ltr'><strong>etaim.</strong></span> <span class='ocrx_word' id='word_1_53' title='bbox 460 1059 655 1123; x_wconf 80' lang='lat' dir='ltr'><strong>dicebantur.</strong></span> <span class='ocrx_word' id='word_1_54' title='bbox 703 1057 788 1136; x_wconf 76' lang='lat' dir='ltr'><strong>Quos</strong></span> <span class='ocrx_word' id='word_1_55' title='bbox 811 1057 950 1142; x_wconf 91' lang='lat' dir='ltr'><strong>appellat</strong></span> <span class='ocrx_word' id='word_1_56' title='bbox 974 1058 1070 1125; x_wconf 90' lang='lat' dir='ltr'><strong>homo</strong></span> <span class='ocrx_word' id='word_1_57' title='bbox 1093 1079 1166 1146; x_wconf 82' lang='lat' dir='ltr'><strong>pag.</strong></span> <span class='ocrx_word' id='word_1_58' title='bbox 1190 1057 1265 1124; x_wconf 78' lang='lat'>155.</span> <span class='ocrx_word' id='word_1_59' title='bbox 1280 1058 1310 1122; x_wconf 77' lang='lat'><strong>2.</strong></span> <span class='ocrx_word' id='word_1_60' title='bbox 1332 1061 1404 1130; x_wconf 73' lang='grc' dir='ltr'><strong><em>τοὺς</em></strong></span> 
     </span>
     <span class='ocr_line' id='line_1_9' title="bbox 214 1161 1406 1242; baseline 0.001 -12"><span class='ocrx_word' id='word_1_61' title='bbox 214 1171 273 1230; x_wconf 81' lang='grc' dir='ltr'><strong>τῶν</strong></span> <span class='ocrx_word' id='word_1_62' title='bbox 297 1163 386 1242; x_wconf 76' lang='grc' dir='ltr'><strong><em>ξένων</em></strong></span> <span class='ocrx_word' id='word_1_63' title='bbox 412 1161 568 1241; x_wconf 73' lang='grc' dir='ltr'><strong>ἡγεμόνος</strong></span> <span class='ocrx_word' id='word_1_64' title='bbox 593 1163 651 1228; x_wconf 89' lang='lat' dir='ltr'><strong>hos</strong></span> <span class='ocrx_word' id='word_1_65' title='bbox 674 1161 823 1239; x_wconf 79' lang='grc' dir='ltr'><strong><em>ξεναγούς</em></strong></span> <span class='ocrx_word' id='word_1_66' title='bbox 848 1169 970 1230; x_wconf 83' lang='lat' dir='ltr'><strong>veteres</strong></span> <span class='ocrx_word' id='word_1_67' title='bbox 994 1164 1097 1230; x_wconf 82' lang='lat' dir='ltr'><strong>dicere</strong></span> <span class='ocrx_word' id='word_1_68' title='bbox 1120 1165 1271 1230; x_wconf 85' lang='lat' dir='ltr'><strong>solebant.</strong></span> <span class='ocrx_word' id='word_1_69' title='bbox 1310 1163 1406 1231; x_wconf 80' lang='lat' dir='ltr'><strong>Prae-</strong></span> 
     </span>
     <span class='ocr_line' id='line_1_10' title="bbox 215 1268 1404 1356; baseline 0.002 -20"><span class='ocrx_word' id='word_1_70' title='bbox 215 1275 301 1336; x_wconf 90' lang='lat' dir='ltr'><strong>terea</strong></span> <span class='ocrx_word' id='word_1_71' title='bbox 332 1268 494 1335; x_wconf 88' lang='lat' dir='ltr'><strong>Dindorfio</strong></span> <span class='ocrx_word' id='word_1_72' title='bbox 524 1276 694 1356; x_wconf 89' lang='lat' dir='ltr'><strong>praeeunte</strong></span> <span class='ocrx_word' id='word_1_73' title='bbox 724 1269 794 1334; x_wconf 90' lang='lat' dir='ltr'><strong>dale</strong></span> <span class='ocrx_word' id='word_1_74' title='bbox 817 1269 868 1334; x_wconf 82' lang='grc' dir='ltr'><strong>τόν</strong></span> <span class='ocrx_word' id='word_1_75' title='bbox 893 1277 1024 1351; x_wconf 81' lang='grc' dir='ltr'><strong><em>Περσῶν.</em></strong></span> <span class='ocrx_word' id='word_1_76' title='bbox 1074 1272 1228 1356; x_wconf 88' lang='lat' dir='ltr'><strong>Persacpe</strong></span> <span class='ocrx_word' id='word_1_77' title='bbox 1250 1272 1404 1349; x_wconf 77' lang='grc' dir='ltr'><strong><em>βασιλεύς</em></strong></span> 
     </span>
     <span class='ocr_line' id='line_1_11' title="bbox 214 1375 1405 1462; baseline 0.001 -21"><span class='ocrx_word' id='word_1_78' title='bbox 214 1379 248 1441; x_wconf 92' lang='lat' dir='ltr'><strong>in</strong></span> <span class='ocrx_word' id='word_1_79' title='bbox 280 1378 407 1461; x_wconf 91' lang='lat' dir='ltr'><strong>scriptis</strong></span> <span class='ocrx_word' id='word_1_80' title='bbox 437 1380 584 1443; x_wconf 83' lang='lat' dir='ltr'><strong>veterum</strong></span> <span class='ocrx_word' id='word_1_81' title='bbox 614 1375 800 1440; x_wconf 89' lang='lat' dir='ltr'><strong>huiusmodi</strong></span> <span class='ocrx_word' id='word_1_82' title='bbox 831 1375 990 1462; x_wconf 79' lang='lat' dir='ltr'>glossema</span> <span class='ocrx_word' id='word_1_83' title='bbox 1020 1376 1136 1455; x_wconf 87' lang='lat' dir='ltr'><strong>trahit,</strong></span> <span class='ocrx_word' id='word_1_84' title='bbox 1171 1377 1226 1442; x_wconf 89' lang='lat' dir='ltr'><strong>sed</strong></span> <span class='ocrx_word' id='word_1_85' title='bbox 1247 1398 1405 1462; x_wconf 78' lang='lat' dir='ltr'><strong>nusquam</strong></span> 
     </span>
     <span class='ocr_line' id='line_1_12' title="bbox 214 1481 1404 1567; baseline 0.002 -21"><span class='ocrx_word' id='word_1_86' title='bbox 214 1485 355 1567; x_wconf 82' lang='lat' dir='ltr'><strong>ineptius</strong></span> <span class='ocrx_word' id='word_1_87' title='bbox 377 1502 473 1567; x_wconf 86' lang='lat' dir='ltr'><strong>quam</strong></span> <span class='ocrx_word' id='word_1_88' title='bbox 495 1481 528 1546; x_wconf 91' lang='lat' dir='ltr'><strong>h.</strong></span> <span class='ocrx_word' id='word_1_89' title='bbox 551 1481 573 1546; x_wconf 91' lang='lat' dir='ltr'><strong>l.</strong></span> <span class='ocrx_word' id='word_1_90' title='bbox 598 1484 674 1567; x_wconf 86' lang='lat' dir='ltr'><strong>quia</strong></span> <span class='ocrx_word' id='word_1_91' title='bbox 696 1481 855 1567; x_wconf 84' lang='lat' dir='ltr'><strong>praecedit</strong></span> <span class='ocrx_word' id='word_1_92' title='bbox 874 1484 900 1547; x_wconf 81' lang='lat' dir='ltr'><strong>oi</strong></span> <span class='ocrx_word' id='word_1_93' title='bbox 919 1483 1004 1546; x_wconf 75' lang='lat' dir='ltr'><strong>rarsi</strong></span> <span class='ocrx_word' id='word_1_94' title='bbox 1025 1486 1079 1558; x_wconf 75' lang='grc' dir='ltr'><strong><em>την</em></strong></span> <span class='ocrx_word' id='word_1_95' title='bbox 1099 1482 1210 1548; x_wconf 79' lang='grc' dir='ltr'><strong><em>Ἀσέαν</em></strong></span> <span class='ocrx_word' id='word_1_96' title='bbox 1231 1482 1404 1565; x_wconf 79' lang='grc' dir='ltr'><strong><em>σατροόπαι.</em></strong></span> 
     </span>
    </p>

    <p class='ocr_par' dir='ltr' id='par_1_3' title="bbox 213 1586 1406 3052">
     <span class='ocr_line' id='line_1_13' title="bbox 260 1586 1399 1675; baseline 0.001 -22"><span class='ocrx_word' id='word_1_97' title='bbox 260 1589 349 1653; x_wconf 91' lang='lat' dir='ltr'><strong>Alias</strong></span> <span class='ocrx_word' id='word_1_98' title='bbox 381 1609 430 1653; x_wconf 90' lang='lat' dir='ltr'><strong>res</strong></span> <span class='ocrx_word' id='word_1_99' title='bbox 454 1588 569 1675; x_wconf 77' lang='lat' dir='ltr'><strong>agebat</strong></span> <span class='ocrx_word' id='word_1_100' title='bbox 592 1586 743 1652; x_wconf 86' lang='lat' dir='ltr'><strong>Reiskins</strong></span> <span class='ocrx_word' id='word_1_101' title='bbox 765 1608 866 1672; x_wconf 89' lang='lat' dir='ltr'><strong>quum</strong></span> <span class='ocrx_word' id='word_1_102' title='bbox 890 1589 930 1652; x_wconf 89' lang='lat' dir='ltr'><strong>ad</strong></span> <span class='ocrx_word' id='word_1_103' title='bbox 952 1590 1050 1655; x_wconf 81' lang='lat' dir='ltr'><strong>verba</strong></span> <span class='ocrx_word' id='word_1_104' title='bbox 1074 1589 1230 1655; x_wconf 80' lang='grc' dir='ltr'><strong><em>ἐκώλυσαν</em></strong></span> <span class='ocrx_word' id='word_1_105' title='bbox 1254 1591 1399 1670; x_wconf 85' lang='grc' dir='ltr'><strong><em>ε’κπολιορ</em></strong></span> 
     </span>
     <span class='ocr_line' id='line_1_14' title="bbox 215 1693 1405 1779; baseline 0.002 -19"><span class='ocrx_word' id='word_1_106' title='bbox 215 1694 339 1770; x_wconf 78' lang='grc' dir='ltr'><strong><em>κηθῆναι</em></strong></span> <span class='ocrx_word' id='word_1_107' title='bbox 371 1693 507 1775; x_wconf 82' lang='grc' dir='ltr'><strong><em>Πέρινθον</em></strong></span> <span class='ocrx_word' id='word_1_108' title='bbox 532 1698 696 1759; x_wconf 76' lang='lat' dir='ltr'><strong>annotaret</strong></span> <span class='ocrx_word' id='word_1_109' title='bbox 722 1717 761 1771; x_wconf 83' lang='lat' dir='ltr'><strong>„a</strong></span> <span class='ocrx_word' id='word_1_110' title='bbox 784 1694 884 1770; x_wconf 82' lang='grc' dir='ltr'><strong><em>νοοόόο,</em></strong></span> <span class='ocrx_word' id='word_1_111' title='bbox 910 1695 1154 1772; x_wconf 76' lang='lat' dir='ltr'><strong>Atheniensibus,</strong></span> <span class='ocrx_word' id='word_1_112' title='bbox 1174 1695 1282 1779; x_wconf 58' lang='lat' dir='ltr'><strong>pcto?</strong></span> <span class='ocrx_word' id='word_1_113' title='bbox 1315 1695 1405 1762; x_wconf 87' lang='lat' dir='ltr'><strong>Haeo</strong></span> 
     </span>
     <span class='ocr_line' id='line_1_15' title="bbox 215 1800 1406 1887; baseline 0 -19"><span class='ocrx_word' id='word_1_114' title='bbox 215 1806 262 1868; x_wconf 90' lang='lat' dir='ltr'><strong>est</strong></span> <span class='ocrx_word' id='word_1_115' title='bbox 292 1804 378 1867; x_wconf 92' lang='lat' dir='ltr'><strong>enim</strong></span> <span class='ocrx_word' id='word_1_116' title='bbox 410 1801 466 1867; x_wconf 91' lang='lat' dir='ltr'><strong>illa</strong></span> <span class='ocrx_word' id='word_1_117' title='bbox 489 1800 606 1866; x_wconf 91' lang='lat' dir='ltr'><strong>nobilis</strong></span> <span class='ocrx_word' id='word_1_118' title='bbox 629 1800 751 1866; x_wconf 89' lang='lat' dir='ltr'><strong>obsidio</strong></span> <span class='ocrx_word' id='word_1_119' title='bbox 774 1800 938 1878; x_wconf 87' lang='lat' dir='ltr'><strong>Perinthi,</strong></span> <span class='ocrx_word' id='word_1_120' title='bbox 964 1821 1061 1886; x_wconf 87' lang='lat' dir='ltr'><strong>quern</strong></span> <span class='ocrx_word' id='word_1_121' title='bbox 1084 1800 1255 1887; x_wconf 91' lang='lat' dir='ltr'><strong>Philippus</strong></span> <span class='ocrx_word' id='word_1_122' title='bbox 1278 1823 1406 1869; x_wconf 90' lang='lat' dir='ltr'><strong>summa</strong></span> 
     </span>
     <span class='ocr_line' id='line_1_16' title="bbox 214 1907 1405 1992; baseline 0.001 -19"><span class='ocrx_word' id='word_1_123' title='bbox 214 1927 272 1992; x_wconf 91' lang='lat' dir='ltr'><strong>ope</strong></span> <span class='ocrx_word' id='word_1_124' title='bbox 310 1912 342 1972; x_wconf 89' lang='lat' dir='ltr'><strong>et</strong></span> <span class='ocrx_word' id='word_1_125' title='bbox 377 1907 525 1973; x_wconf 88' lang='lat' dir='ltr'><strong>omnibus</strong></span> <span class='ocrx_word' id='word_1_126' title='bbox 554 1907 677 1973; x_wconf 88' lang='lat' dir='ltr'><strong>viribus</strong></span> <span class='ocrx_word' id='word_1_127' title='bbox 710 1925 892 1992; x_wconf 81' lang='lat' dir='ltr'><strong>expugnare</strong></span> <span class='ocrx_word' id='word_1_128' title='bbox 930 1911 1061 1971; x_wconf 90' lang='lat' dir='ltr'><strong>conatus</strong></span> <span class='ocrx_word' id='word_1_129' title='bbox 1092 1927 1192 1991; x_wconf 87' lang='lat' dir='ltr'><strong>quum</strong></span> <span class='ocrx_word' id='word_1_130' title='bbox 1223 1908 1405 1974; x_wconf 80' lang='lat' dir='ltr'><strong>incredibili</strong></span> 
     </span>
     <span class='ocr_line' id='line_1_17' title="bbox 214 2012 1404 2098; baseline 0.003 -20"><span class='ocrx_word' id='word_1_131' title='bbox 214 2012 443 2098; x_wconf 87' lang='lat' dir='ltr'><strong>oppidanorum</strong></span> <span class='ocrx_word' id='word_1_132' title='bbox 473 2015 595 2078; x_wconf 80' lang='lat' dir='ltr'><strong>virtute</strong></span> <span class='ocrx_word' id='word_1_133' title='bbox 619 2016 651 2077; x_wconf 89' lang='lat' dir='ltr'><strong>et</strong></span> <span class='ocrx_word' id='word_1_134' title='bbox 674 2013 850 2077; x_wconf 90' lang='lat' dir='ltr'><strong>constantia</strong></span> <span class='ocrx_word' id='word_1_135' title='bbox 872 2017 944 2077; x_wconf 90' lang='lat' dir='ltr'><strong>tum</strong></span> <span class='ocrx_word' id='word_1_136' title='bbox 966 2012 1217 2098; x_wconf 82' lang='lat' dir='ltr'><strong>Byzantinorum</strong></span> <span class='ocrx_word' id='word_1_137' title='bbox 1241 2019 1273 2079; x_wconf 90' lang='lat' dir='ltr'><strong>et</strong></span> <span class='ocrx_word' id='word_1_138' title='bbox 1295 2014 1404 2081; x_wconf 79' lang='lat' dir='ltr'><strong>Persa</strong></span> 
     </span>
     <span class='ocr_line' id='line_1_18' title="bbox 213 2115 1403 2207; baseline 0.003 -25"><span class='ocrx_word' id='word_1_139' title='bbox 213 2139 287 2182; x_wconf 90' lang='lat' dir='ltr'><strong>rum</strong></span> <span class='ocrx_word' id='word_1_140' title='bbox 310 2118 430 2184; x_wconf 84' lang='lat' dir='ltr'><strong>anxilio</strong></span> <span class='ocrx_word' id='word_1_141' title='bbox 451 2139 485 2182; x_wconf 91' lang='lat' dir='ltr'><strong>re</strong></span> <span class='ocrx_word' id='word_1_142' title='bbox 508 2118 624 2182; x_wconf 84' lang='lat' dir='ltr'><strong>infecta</strong></span> <span class='ocrx_word' id='word_1_143' title='bbox 644 2118 730 2182; x_wconf 89' lang='lat' dir='ltr'><strong>abire</strong></span> <span class='ocrx_word' id='word_1_144' title='bbox 750 2122 951 2182; x_wconf 69' lang='lat' dir='ltr'><strong>coactus&#39;est.</strong></span> <span class='ocrx_word' id='word_1_145' title='bbox 991 2115 1123 2202; x_wconf 85' lang='lat' dir='ltr'><strong>Oopiose</strong></span> <span class='ocrx_word' id='word_1_146' title='bbox 1142 2139 1181 2184; x_wconf 82' lang='lat' dir='ltr'><strong>ex</strong></span> <span class='ocrx_word' id='word_1_147' title='bbox 1201 2118 1403 2207; x_wconf 79' lang='lat' dir='ltr'><strong>Theopompo</strong></span> 
     </span>
     <span class='ocr_line' id='line_1_19' title="bbox 213 2221 1402 2312; baseline 0.004 -25"><span class='ocrx_word' id='word_1_148' title='bbox 213 2223 402 2289; x_wconf 79' lang='lat' dir='ltr'><strong>describitur</strong></span> <span class='ocrx_word' id='word_1_149' title='bbox 424 2245 442 2288; x_wconf 91' lang='lat' dir='ltr'><strong>a</strong></span> <span class='ocrx_word' id='word_1_150' title='bbox 460 2223 598 2290; x_wconf 89' lang='lat' dir='ltr'><strong>Diodoro</strong></span> <span class='ocrx_word' id='word_1_151' title='bbox 618 2221 726 2288; x_wconf 77' lang='lat' dir='ltr'><strong>Siculo</strong></span> <span class='ocrx_word' id='word_1_152' title='bbox 747 2222 830 2288; x_wconf 85' lang='lat' dir='ltr'>XVI.</span> <span class='ocrx_word' id='word_1_153' title='bbox 852 2221 1002 2296; x_wconf 82' lang='lat'><strong>74-77.</strong></span> <span class='ocrx_word' id='word_1_154' title='bbox 1022 2225 1079 2288; x_wconf 91' lang='lat' dir='ltr'><strong>ubi</strong></span> <span class='ocrx_word' id='word_1_155' title='bbox 1098 2225 1173 2291; x_wconf 81' lang='lat' dir='ltr'><strong>vide</strong></span> <span class='ocrx_word' id='word_1_156' title='bbox 1193 2246 1273 2310; x_wconf 89' lang='lat' dir='ltr'><strong>quae</strong></span> <span class='ocrx_word' id='word_1_157' title='bbox 1284 2229 1402 2312; x_wconf 89' lang='lat' dir='ltr'><strong>scripta</strong></span> 
     </span>
     <span class='ocr_line' id='line_1_20' title="bbox 213 2327 1401 2414; baseline 0.002 -20"><span class='ocrx_word' id='word_1_158' title='bbox 213 2333 288 2395; x_wconf 87' lang='lat' dir='ltr'><strong>sunt</strong></span> <span class='ocrx_word' id='word_1_159' title='bbox 321 2350 387 2414; x_wconf 90' lang='lat' dir='ltr'><strong>cap.</strong></span> <span class='ocrx_word' id='word_1_160' title='bbox 422 2327 474 2395; x_wconf 76' lang='lat'><strong>75.</strong></span> <span class='ocrx_word' id='word_1_161' title='bbox 508 2328 697 2407; x_wconf 84' lang='grc' dir='ltr'><strong><em>όβασιλεὺς</em></strong></span> <span class='ocrx_word' id='word_1_162' title='bbox 721 2330 910 2407; x_wconf 78' lang='grc' dir='ltr'><strong><em>ὑφορώμενος</em></strong></span> <span class='ocrx_word' id='word_1_163' title='bbox 934 2331 988 2405; x_wconf 78' lang='grc' dir='ltr'><strong><em>την</em></strong></span> <span class='ocrx_word' id='word_1_164' title='bbox 1012 2337 1065 2395; x_wconf 86' lang='grc' dir='ltr'><strong>τοῦ</strong></span> <span class='ocrx_word' id='word_1_165' title='bbox 1091 2332 1246 2396; x_wconf 80' lang='grc' dir='ltr'><strong><em>Φιλίππου</em></strong></span> <span class='ocrx_word' id='word_1_166' title='bbox 1272 2332 1401 2410; x_wconf 73' lang='grc' dir='ltr'><strong><em>δύναμιν</em></strong></span> 
     </span>
     <span class='ocr_line' id='line_1_21' title="bbox 214 2434 1402 2518; baseline 0.003 -18"><span class='ocrx_word' id='word_1_167' title='bbox 214 2434 336 2518; x_wconf 75' lang='grc' dir='ltr'><strong><em>ἔγραψε</em></strong></span> <span class='ocrx_word' id='word_1_168' title='bbox 360 2437 431 2515; x_wconf 80' lang='grc' dir='ltr'><strong><em>πρός</em></strong></span> <span class='ocrx_word' id='word_1_169' title='bbox 457 2435 525 2507; x_wconf 83' lang='grc' dir='ltr'><strong><em>τοὺς</em></strong></span> <span class='ocrx_word' id='word_1_170' title='bbox 551 2435 600 2499; x_wconf 76' lang='grc' dir='ltr'><strong><em>ε’πὶ</em></strong></span> <span class='ocrx_word' id='word_1_171' title='bbox 626 2434 767 2516; x_wconf 83' lang='grc' dir='ltr'><strong><em>θαλοόττη</em></strong></span> <span class='ocrx_word' id='word_1_172' title='bbox 791 2435 958 2514; x_wconf 80' lang='grc' dir='ltr'><strong><em>σατροέπας</em></strong></span> <span class='ocrx_word' id='word_1_173' title='bbox 983 2435 1102 2513; x_wconf 83' lang='grc' dir='ltr'><strong><em>βοηθεῖν</em></strong></span> <span class='ocrx_word' id='word_1_174' title='bbox 1127 2439 1286 2518; x_wconf 70' lang='grc' dir='ltr'><strong><em>Περινθίοις</em></strong></span> <span class='ocrx_word' id='word_1_175' title='bbox 1308 2440 1402 2504; x_wconf 73' lang='grc' dir='ltr'><strong><em>παντὶ</em></strong></span> 
     </span>
     <span class='ocr_line' id='line_1_22' title="bbox 213 2541 1402 2624; baseline 0.002 -17"><span class='ocrx_word' id='word_1_176' title='bbox 213 2543 318 2607; x_wconf 87' lang='grc' dir='ltr'><strong><em>σθένει.</em></strong></span> <span class='ocrx_word' id='word_1_177' title='bbox 354 2543 455 2622; x_wconf 73' lang='grc' dir='ltr'><strong><em>διόπερ</em></strong></span> <span class='ocrx_word' id='word_1_178' title='bbox 487 2543 513 2607; x_wconf 84' lang='grc' dir='ltr'><strong>οἱ</strong></span> <span class='ocrx_word' id='word_1_179' title='bbox 549 2541 710 2621; x_wconf 79' lang='grc' dir='ltr'><strong><em>σατροόπαι</em></strong></span> <span class='ocrx_word' id='word_1_180' title='bbox 746 2543 1019 2623; x_wconf 70' lang='grc' dir='ltr'><strong><em>συμφρονήσαντες</em></strong></span> <span class='ocrx_word' id='word_1_181' title='bbox 1057 2543 1241 2624; x_wconf 73' lang='grc' dir='ltr'><strong><em>ἐξέπεμψαν</em></strong></span> <span class='ocrx_word' id='word_1_182' title='bbox 1275 2548 1317 2617; x_wconf 78' lang='grc' dir='ltr'><strong>εἷς</strong></span> <span class='ocrx_word' id='word_1_183' title='bbox 1347 2549 1402 2621; x_wconf 79' lang='grc' dir='ltr'><strong><em>την</em></strong></span> 
     </span>
     <span class='ocr_line' id='line_1_23' title="bbox 213 2645 1404 2729; baseline 0.002 -14"><span class='ocrx_word' id='word_1_184' title='bbox 213 2648 348 2729; x_wconf 80' lang='grc' dir='ltr'><strong><em>Πέρινθον</em></strong></span> <span class='ocrx_word' id='word_1_185' title='bbox 383 2645 569 2729; x_wconf 78' lang='grc' dir='ltr'><strong><em>μισθοφόρων</em></strong></span> <span class='ocrx_word' id='word_1_186' title='bbox 605 2649 728 2722; x_wconf 75' lang='grc' dir='ltr'><strong><em>πλῆθος.</em></strong></span> <span class='ocrx_word' id='word_1_187' title='bbox 780 2647 827 2712; x_wconf 78' lang='lat' dir='ltr'><strong>hx</strong></span> <span class='ocrx_word' id='word_1_188' title='bbox 861 2649 912 2713; x_wconf 90' lang='lat' dir='ltr'><strong>his</strong></span> <span class='ocrx_word' id='word_1_189' title='bbox 947 2653 979 2714; x_wconf 87' lang='lat' dir='ltr'><strong>et</strong></span> <span class='ocrx_word' id='word_1_190' title='bbox 1010 2649 1172 2715; x_wconf 84' lang='lat' dir='ltr'><strong>similibus</strong></span> <span class='ocrx_word' id='word_1_191' title='bbox 1202 2651 1281 2717; x_wconf 87' lang='lat' dir='ltr'><strong>loois</strong></span> <span class='ocrx_word' id='word_1_192' title='bbox 1310 2652 1404 2717; x_wconf 84' lang='lat' dir='ltr'><strong>facile</strong></span> 
     </span>
     <span class='ocr_line' id='line_1_24' title="bbox 213 2754 1403 2843; baseline 0.003 -23"><span class='ocrx_word' id='word_1_193' title='bbox 213 2755 346 2843; x_wconf 80' lang='lat' dir='ltr'><strong>colligas</strong></span> <span class='ocrx_word' id='word_1_194' title='bbox 377 2754 537 2831; x_wconf 86' lang='lat' dir='ltr'><strong>falsarios,</strong></span> <span class='ocrx_word' id='word_1_195' title='bbox 563 2756 620 2839; x_wconf 91' lang='lat' dir='ltr'><strong>qui</strong></span> <span class='ocrx_word' id='word_1_196' title='bbox 642 2754 700 2819; x_wconf 89' lang='lat' dir='ltr'><strong>has</strong></span> <span class='ocrx_word' id='word_1_197' title='bbox 724 2756 847 2840; x_wconf 91' lang='lat' dir='ltr'><strong>spurias</strong></span> <span class='ocrx_word' id='word_1_198' title='bbox 871 2757 1027 2820; x_wconf 86' lang='lat' dir='ltr'><strong>orationes</strong></span> <span class='ocrx_word' id='word_1_199' title='bbox 1051 2761 1083 2820; x_wconf 91' lang='lat' dir='ltr'><strong>et</strong></span> <span class='ocrx_word' id='word_1_200' title='bbox 1106 2756 1255 2842; x_wconf 86' lang='lat' dir='ltr'><strong>epistolas</strong></span> <span class='ocrx_word' id='word_1_201' title='bbox 1278 2778 1403 2843; x_wconf 90' lang='lat' dir='ltr'><strong>compo·</strong></span> 
     </span>
     <span class='ocr_line' id='line_1_25' title="bbox 213 2861 1404 2949; baseline 0.003 -23"><span class='ocrx_word' id='word_1_202' title='bbox 213 2866 360 2937; x_wconf 88' lang='lat' dir='ltr'><strong>suerunt,</strong></span> <span class='ocrx_word' id='word_1_203' title='bbox 395 2861 500 2926; x_wconf 90' lang='lat' dir='ltr'><strong>multa</strong></span> <span class='ocrx_word' id='word_1_204' title='bbox 535 2882 573 2926; x_wconf 84' lang='lat' dir='ltr'><strong>ex</strong></span> <span class='ocrx_word' id='word_1_205' title='bbox 609 2861 807 2946; x_wconf 81' lang='lat' dir='ltr'><strong>Theopompi</strong></span> <span class='ocrx_word' id='word_1_206' title='bbox 840 2861 983 2926; x_wconf 90' lang='lat' dir='ltr'><strong>historiis</strong></span> <span class='ocrx_word' id='word_1_207' title='bbox 1013 2864 1181 2940; x_wconf 88' lang='lat' dir='ltr'><strong>sumsisse,</strong></span> <span class='ocrx_word' id='word_1_208' title='bbox 1214 2864 1252 2928; x_wconf 90' lang='lat' dir='ltr'><strong>de</strong></span> <span class='ocrx_word' id='word_1_209' title='bbox 1285 2885 1347 2949; x_wconf 92' lang='lat' dir='ltr'><strong>qua</strong></span> <span class='ocrx_word' id='word_1_210' title='bbox 1370 2886 1404 2930; x_wconf 91' lang='lat' dir='ltr'><strong>re</strong></span> 
     </span>
     <span class='ocr_line' id='line_1_26' title="bbox 213 2966 799 3052; baseline -0.007 -18"><span class='ocrx_word' id='word_1_211' title='bbox 213 2967 276 3034; x_wconf 90' lang='lat' dir='ltr'><strong>alio</strong></span> <span class='ocrx_word' id='word_1_212' title='bbox 298 2966 368 3032; x_wconf 93' lang='lat' dir='ltr'><strong>loco</strong></span> <span class='ocrx_word' id='word_1_213' title='bbox 393 2967 431 3032; x_wconf 91' lang='lat' dir='ltr'><strong>de</strong></span> <span class='ocrx_word' id='word_1_214' title='bbox 454 2968 610 3033; x_wconf 89' lang='lat' dir='ltr'><strong>industria</strong></span> <span class='ocrx_word' id='word_1_215' title='bbox 633 2987 799 3052; x_wconf 82' lang='lat' dir='ltr'><strong>exponam.</strong></span> 
     </span>
    </p>

    <p class='ocr_par' dir='ltr' id='par_1_4' title="bbox 211 3069 1404 3796">
     <span class='ocr_line' id='line_1_27' title="bbox 258 3069 1403 3160; baseline 0.003 -22"><span class='ocrx_word' id='word_1_216' title='bbox 258 3069 428 3138; x_wconf 76' lang='lat' dir='ltr'><strong>Caeterum</strong></span> <span class='ocrx_word' id='word_1_217' title='bbox 457 3073 531 3140; x_wconf 89' lang='lat' dir='ltr'><strong>vide</strong></span> <span class='ocrx_word' id='word_1_218' title='bbox 562 3094 659 3158; x_wconf 85' lang='lat' dir='ltr'><strong>quarn</strong></span> <span class='ocrx_word' id='word_1_219' title='bbox 687 3071 888 3160; x_wconf 80' lang='lat' dir='ltr'><strong>negligenter</strong></span> <span class='ocrx_word' id='word_1_220' title='bbox 918 3073 1014 3138; x_wconf 91' lang='lat' dir='ltr'><strong>homo</strong></span> <span class='ocrx_word' id='word_1_221' title='bbox 1045 3073 1148 3139; x_wconf 89' lang='lat' dir='ltr'><strong>dicat:</strong></span> <span class='ocrx_word' id='word_1_222' title='bbox 1182 3076 1207 3139; x_wconf 80' lang='lat' dir='ltr'><strong>oi</strong></span> <span class='ocrx_word' id='word_1_223' title='bbox 1239 3077 1326 3140; x_wconf 80' lang='grc' dir='ltr'><strong><em>κατόν</em></strong></span> <span class='ocrx_word' id='word_1_224' title='bbox 1348 3077 1403 3150; x_wconf 80' lang='grc' dir='ltr'><strong><em>την</em></strong></span> 
     </span>
     <span class='ocr_line' id='line_1_28' title="bbox 215 3177 1404 3261; baseline 0.003 -17"><span class='ocrx_word' id='word_1_225' title='bbox 215 3177 327 3244; x_wconf 80' lang='grc' dir='ltr'><strong><em>Ἀσέαν</em></strong></span> <span class='ocrx_word' id='word_1_226' title='bbox 351 3177 512 3260; x_wconf 80' lang='grc' dir='ltr'><strong><em>σατροόπαι</em></strong></span> <span class='ocrx_word' id='word_1_227' title='bbox 537 3179 694 3243; x_wconf 77' lang='grc' dir='ltr'><strong><em>ἐκώλυσαν</em></strong></span> <span class='ocrx_word' id='word_1_228' title='bbox 716 3178 979 3258; x_wconf 73' lang='grc' dir='ltr'><strong><em>ἐκπολιορκηθῆναι</em></strong></span> <span class='ocrx_word' id='word_1_229' title='bbox 999 3178 1136 3257; x_wconf 80' lang='grc' dir='ltr'><strong><em>Πέρινθον</em></strong></span> <span class='ocrx_word' id='word_1_230' title='bbox 1157 3217 1171 3229; x_wconf 89' lang='grc'>-</span> <span class='ocrx_word' id='word_1_231' title='bbox 1191 3181 1243 3245; x_wconf 72' lang='grc' dir='ltr'><strong>καὶ</strong></span> <span class='ocrx_word' id='word_1_232' title='bbox 1264 3183 1404 3261; x_wconf 77' lang='grc' dir='ltr'><strong><em>βασιλέα</em></strong></span> 
     </span>
     <span class='ocr_line' id='line_1_29' title="bbox 211 3282 1402 3371; baseline 0.003 -21"><span class='ocrx_word' id='word_1_233' title='bbox 211 3285 364 3366; x_wconf 78' lang='grc' dir='ltr'><strong><em>χρηματα</em></strong></span> <span class='ocrx_word' id='word_1_234' title='bbox 388 3293 533 3366; x_wconf 81' lang='grc' dir='ltr'><strong><em>χορηγεῖν</em></strong></span> <span class='ocrx_word' id='word_1_235' title='bbox 559 3287 631 3362; x_wconf 73' lang='grc' dir='ltr'><strong><em>ἡμῖν</em></strong></span> <span class='ocrx_word' id='word_1_236' title='bbox 655 3282 886 3365; x_wconf 78' lang='grc' dir='ltr'><strong><em>προτρέψονται.</em></strong></span> <span class='ocrx_word' id='word_1_237' title='bbox 936 3285 1084 3350; x_wconf 89' lang='lat' dir='ltr'><strong>Primum</strong></span> <span class='ocrx_word' id='word_1_238' title='bbox 1107 3289 1213 3371; x_wconf 90' lang='lat' dir='ltr'><strong>inepte</strong></span> <span class='ocrx_word' id='word_1_239' title='bbox 1239 3289 1356 3353; x_wconf 88' lang='lat' dir='ltr'><strong>dicitur</strong></span> <span class='ocrx_word' id='word_1_240' title='bbox 1376 3291 1402 3353; x_wconf 81' lang='grc' dir='ltr'><strong>οἱ</strong></span> 
     </span>
     <span class='ocr_line' id='line_1_30' title="bbox 212 3389 1402 3478; baseline 0.005 -22"><span class='ocrx_word' id='word_1_241' title='bbox 212 3393 298 3456; x_wconf 78' lang='grc' dir='ltr'><strong><em>κατόν</em></strong></span> <span class='ocrx_word' id='word_1_242' title='bbox 328 3396 383 3468; x_wconf 81' lang='grc' dir='ltr'><strong><em>την</em></strong></span> <span class='ocrx_word' id='word_1_243' title='bbox 416 3393 527 3456; x_wconf 81' lang='grc' dir='ltr'><strong><em>Ἀσίαν</em></strong></span> <span class='ocrx_word' id='word_1_244' title='bbox 551 3389 731 3469; x_wconf 80' lang='grc' dir='ltr'><strong><em>σατροέπαι,</em></strong></span> <span class='ocrx_word' id='word_1_245' title='bbox 757 3390 870 3455; x_wconf 89' lang='lat' dir='ltr'><strong>deinde</strong></span> <span class='ocrx_word' id='word_1_246' title='bbox 893 3392 940 3455; x_wconf 89' lang='lat' dir='ltr'><strong>ita</strong></span> <span class='ocrx_word' id='word_1_247' title='bbox 963 3411 1031 3456; x_wconf 94' lang='lat' dir='ltr'><strong>rem</strong></span> <span class='ocrx_word' id='word_1_248' title='bbox 1054 3398 1161 3457; x_wconf 87' lang='lat' dir='ltr'><strong>narrat</strong></span> <span class='ocrx_word' id='word_1_249' title='bbox 1184 3397 1275 3478; x_wconf 88' lang='lat' dir='ltr'><strong>quasi</strong></span> <span class='ocrx_word' id='word_1_250' title='bbox 1297 3393 1402 3462; x_wconf 78' lang='lat' dir='ltr'><strong>Satra</strong></span> 
     </span>
     <span class='ocr_line' id='line_1_31' title="bbox 211 3495 1402 3586; baseline 0.001 -23"><span class='ocrx_word' id='word_1_251' title='bbox 211 3519 269 3583; x_wconf 88' lang='lat' dir='ltr'><strong>pac</strong></span> <span class='ocrx_word' id='word_1_252' title='bbox 301 3520 357 3564; x_wconf 90' lang='lat' dir='ltr'><strong>suo</strong></span> <span class='ocrx_word' id='word_1_253' title='bbox 387 3497 537 3575; x_wconf 91' lang='lat' dir='ltr'><strong>consilio,</strong></span> <span class='ocrx_word' id='word_1_254' title='bbox 565 3517 628 3562; x_wconf 92' lang='lat' dir='ltr'><strong>non</strong></span> <span class='ocrx_word' id='word_1_255' title='bbox 651 3498 786 3581; x_wconf 89' lang='lat' dir='ltr'><strong>imperio</strong></span> <span class='ocrx_word' id='word_1_256' title='bbox 808 3495 922 3583; x_wconf 81' lang='lat' dir='ltr'><strong>Regis,</strong></span> <span class='ocrx_word' id='word_1_257' title='bbox 949 3497 1101 3563; x_wconf 88' lang='lat' dir='ltr'><strong>Perintho</strong></span> <span class='ocrx_word' id='word_1_258' title='bbox 1125 3498 1275 3564; x_wconf 88' lang='lat' dir='ltr'><strong>tulissent</strong></span> <span class='ocrx_word' id='word_1_259' title='bbox 1298 3521 1402 3586; x_wconf 91' lang='lat' dir='ltr'><strong>opem.</strong></span> 
     </span>
     <span class='ocr_line' id='line_1_32' title="bbox 211 3600 1400 3687; baseline 0.003 -20"><span class='ocrx_word' id='word_1_260' title='bbox 211 3602 401 3668; x_wconf 84' lang='lat' dir='ltr'><strong>Rectissime</strong></span> <span class='ocrx_word' id='word_1_261' title='bbox 433 3608 542 3668; x_wconf 82' lang='lat' dir='ltr'><strong>contra</strong></span> <span class='ocrx_word' id='word_1_262' title='bbox 572 3602 813 3687; x_wconf 80' lang='lat' dir='ltr'><strong>Theopompus:</strong></span> <span class='ocrx_word' id='word_1_263' title='bbox 839 3600 991 3678; x_wconf 77' lang='grc' dir='ltr'><strong><em>βασιλεὺς</em></strong></span> <span class='ocrx_word' id='word_1_264' title='bbox 1015 3601 1137 3684; x_wconf 77' lang='grc' dir='ltr'><strong><em>ἔγραψε</em></strong></span> <span class='ocrx_word' id='word_1_265' title='bbox 1162 3606 1235 3683; x_wconf 82' lang='grc' dir='ltr'><strong><em>πρὸς</em></strong></span> <span class='ocrx_word' id='word_1_266' title='bbox 1256 3606 1325 3678; x_wconf 77' lang='grc' dir='ltr'><strong><em>τοὺς</em></strong></span> <span class='ocrx_word' id='word_1_267' title='bbox 1348 3607 1400 3670; x_wconf 77' lang='grc' dir='ltr'><strong>ἐπὶ</strong></span> 
     </span>
     <span class='ocr_line' id='line_1_33' title="bbox 212 3707 1401 3796; baseline 0.003 -24"><span class='ocrx_word' id='word_1_268' title='bbox 212 3707 354 3790; x_wconf 86' lang='grc' dir='ltr'><strong><em>θαλόττη</em></strong></span> <span class='ocrx_word' id='word_1_269' title='bbox 390 3708 556 3788; x_wconf 80' lang='grc' dir='ltr'><strong><em>σατροόπας</em></strong></span> <span class='ocrx_word' id='word_1_270' title='bbox 590 3708 662 3792; x_wconf 85' lang='lat' dir='ltr'><strong>(hoc</strong></span> <span class='ocrx_word' id='word_1_271' title='bbox 697 3728 810 3774; x_wconf 88' lang='lat' dir='ltr'><strong>verum</strong></span> <span class='ocrx_word' id='word_1_272' title='bbox 846 3728 961 3773; x_wconf 91' lang='lat' dir='ltr'><strong>nomen</strong></span> <span class='ocrx_word' id='word_1_273' title='bbox 997 3707 1056 3796; x_wconf 88' lang='lat' dir='ltr'><strong>est)</strong></span> <span class='ocrx_word' id='word_1_274' title='bbox 1090 3709 1210 3788; x_wconf 81' lang='grc' dir='ltr'><strong><em>βοηθεῖν</em></strong></span> <span class='ocrx_word' id='word_1_275' title='bbox 1241 3712 1401 3791; x_wconf 71' lang='grc' dir='ltr'><strong><em>Περινθίοις</em></strong></span> 
     </span>
    </p>
   </div>
   <div class='ocr_carea' id='block_1_3' title="bbox 211 3813 1402 4430">
    <p class='ocr_par' dir='ltr' id='par_1_5' title="bbox 211 3813 1400 3986">
     <span class='ocr_line' id='line_1_34' title="bbox 212 3813 1400 3901; baseline 0.003 -22"><span class='ocrx_word' id='word_1_276' title='bbox 212 3813 307 3901; x_wconf 64' lang='grc' dir='ltr'><strong><em>παντὶ</em></strong></span> <span class='ocrx_word' id='word_1_277' title='bbox 338 3815 441 3879; x_wconf 83' lang='grc' dir='ltr'><strong><em>σθένει.</em></strong></span> <span class='ocrx_word' id='word_1_278' title='bbox 475 3817 522 3879; x_wconf 88' lang='lat' dir='ltr'><strong>ita</strong></span> <span class='ocrx_word' id='word_1_279' title='bbox 552 3815 637 3878; x_wconf 91' lang='lat' dir='ltr'><strong>enim</strong></span> <span class='ocrx_word' id='word_1_280' title='bbox 669 3813 791 3878; x_wconf 89' lang='lat' dir='ltr'><strong>factum</strong></span> <span class='ocrx_word' id='word_1_281' title='bbox 822 3833 889 3878; x_wconf 90' lang='lat' dir='ltr'><strong>esse</strong></span> <span class='ocrx_word' id='word_1_282' title='bbox 921 3816 991 3897; x_wconf 92' lang='lat' dir='ltr'><strong>ipsa</strong></span> <span class='ocrx_word' id='word_1_283' title='bbox 1021 3817 1067 3879; x_wconf 88' lang='lat' dir='ltr'><strong>rei</strong></span> <span class='ocrx_word' id='word_1_284' title='bbox 1098 3821 1213 3881; x_wconf 88' lang='lat' dir='ltr'><strong>natura</strong></span> <span class='ocrx_word' id='word_1_285' title='bbox 1243 3820 1319 3882; x_wconf 89' lang='lat' dir='ltr'><strong>satis</strong></span> <span class='ocrx_word' id='word_1_286' title='bbox 1346 3817 1400 3882; x_wconf 78' lang='lat' dir='ltr'><strong>de</strong></span> 
     </span>
     <span class='ocr_line' id='line_1_35' title="bbox 211 3925 379 3986; baseline -0.012 0"><span class='ocrx_word' id='word_1_287' title='bbox 211 3925 379 3986; x_wconf 90' lang='lat' dir='ltr'><strong>monstrat.</strong></span> 
     </span>
    </p>

    <p class='ocr_par' dir='ltr' id='par_1_6' title="bbox 211 4023 1402 4430">
     <span class='ocr_line' id='line_1_36' title="bbox 256 4023 1402 4116; baseline 0.002 -26"><span class='ocrx_word' id='word_1_288' title='bbox 256 4025 363 4091; x_wconf 86' lang='lat' dir='ltr'><strong>Redeo</strong></span> <span class='ocrx_word' id='word_1_289' title='bbox 391 4026 431 4090; x_wconf 90' lang='lat' dir='ltr'><strong>ad</strong></span> <span class='ocrx_word' id='word_1_290' title='bbox 461 4024 841 4110; x_wconf 89' lang='lat' dir='ltr'><strong>pseudo-Demosthenem</strong></span> <span class='ocrx_word' id='word_1_291' title='bbox 872 4047 945 4112; x_wconf 81' lang='lat' dir='ltr'><strong>pag.</strong></span> <span class='ocrx_word' id='word_1_292' title='bbox 978 4024 1051 4090; x_wconf 81' lang='lat'>153.</span> <span class='ocrx_word' id='word_1_293' title='bbox 1087 4023 1141 4092; x_wconf 82' lang='lat'><strong>27.</strong></span> <span class='ocrx_word' id='word_1_294' title='bbox 1166 4027 1205 4092; x_wconf 92' lang='lat' dir='ltr'><strong>de</strong></span> <span class='ocrx_word' id='word_1_295' title='bbox 1229 4049 1303 4116; x_wconf 85' lang='lat' dir='ltr'><strong>rege</strong></span> <span class='ocrx_word' id='word_1_296' title='bbox 1324 4025 1402 4092; x_wconf 90' lang='lat' dir='ltr'><strong>Per-</strong></span> 
     </span>
     <span class='ocr_line' id='line_1_37' title="bbox 211 4129 1400 4208; baseline 0 -10"><span class='ocrx_word' id='word_1_297' title='bbox 211 4153 318 4198; x_wconf 85' lang='lat' dir='ltr'><strong>sarum</strong></span> <span class='ocrx_word' id='word_1_298' title='bbox 351 4131 525 4196; x_wconf 82' lang='lat' dir='ltr'><strong>dioentem:</strong></span> <span class='ocrx_word' id='word_1_299' title='bbox 558 4129 588 4201; x_wconf 78' lang='grc' dir='ltr'><strong>ὃς</strong></span> <span class='ocrx_word' id='word_1_300' title='bbox 621 4137 761 4195; x_wconf 80' lang='grc' dir='ltr'><strong><em>τοσοῦτον</em></strong></span> <span class='ocrx_word' id='word_1_301' title='bbox 792 4132 847 4208; x_wconf 78' lang='grc' dir='ltr'><strong>μὲν</strong></span> <span class='ocrx_word' id='word_1_302' title='bbox 873 4131 1019 4204; x_wconf 82' lang='grc' dir='ltr'><strong><em>κέκτηται</em></strong></span> <span class='ocrx_word' id='word_1_303' title='bbox 1043 4137 1175 4197; x_wconf 79' lang='grc' dir='ltr'><strong><em>πλοῦτον</em></strong></span> <span class='ocrx_word' id='word_1_304' title='bbox 1199 4129 1265 4199; x_wconf 83' lang='grc' dir='ltr'><strong><em>όσον</em></strong></span> <span class='ocrx_word' id='word_1_305' title='bbox 1288 4133 1345 4197; x_wconf 79' lang='grc' dir='ltr'><strong><em>οὐδ’</em></strong></span> <span class='ocrx_word' id='word_1_306' title='bbox 1371 4137 1400 4198; x_wconf 86' lang='grc' dir='ltr'><strong>οἱ</strong></span> 
     </span>
     <span class='ocr_line' id='line_1_38' title="bbox 211 4237 1400 4316; baseline -0.003 -13"><span class='ocrx_word' id='word_1_307' title='bbox 211 4238 309 4303; x_wconf 72' lang='grc' dir='ltr'><strong><em>λοιποὶ</em></strong></span> <span class='ocrx_word' id='word_1_308' title='bbox 333 4237 468 4312; x_wconf 82' lang='grc' dir='ltr'><strong><em>πιόντες,</em></strong></span> <span class='ocrx_word' id='word_1_309' title='bbox 490 4240 557 4301; x_wconf 93' lang='lat' dir='ltr'><strong>imo</strong></span> <span class='ocrx_word' id='word_1_310' title='bbox 578 4257 652 4303; x_wconf 90' lang='lat' dir='ltr'><strong>vero</strong></span> <span class='ocrx_word' id='word_1_311' title='bbox 670 4237 822 4302; x_wconf 85' lang='lat' dir='ltr'><strong>suadente</strong></span> <span class='ocrx_word' id='word_1_312' title='bbox 842 4241 998 4304; x_wconf 88' lang='lat' dir='ltr'><strong>sententia</strong></span> <span class='ocrx_word' id='word_1_313' title='bbox 1017 4241 1041 4304; x_wconf 85' lang='lat' dir='ltr'><strong>oi</strong></span> <span class='ocrx_word' id='word_1_314' title='bbox 1063 4240 1160 4305; x_wconf 74' lang='grc' dir='ltr'><strong><em>λοιποὶ</em></strong></span> <span class='ocrx_word' id='word_1_315' title='bbox 1180 4251 1400 4316; x_wconf 64' lang='lat' dir='ltr'><strong>artronum,</strong></span> 
     </span>
     <span class='ocr_line' id='line_1_39' title="bbox 211 4341 1016 4430; baseline -0.004 -18"><span class='ocrx_word' id='word_1_316' title='bbox 211 4346 275 4412; x_wconf 88' lang='lat' dir='ltr'><strong>uisi</strong></span> <span class='ocrx_word' id='word_1_317' title='bbox 297 4344 377 4414; x_wconf 88' lang='lat' dir='ltr'><strong>forte</strong></span> <span class='ocrx_word' id='word_1_318' title='bbox 400 4343 504 4410; x_wconf 88' lang='lat' dir='ltr'><strong>lenius</strong></span> <span class='ocrx_word' id='word_1_319' title='bbox 526 4341 685 4415; x_wconf 77' lang='grc' dir='ltr'><strong><em>Ἅπαντες</em></strong></span> <span class='ocrx_word' id='word_1_320' title='bbox 712 4347 760 4406; x_wconf 91' lang='lat' dir='ltr'><strong>est</strong></span> <span class='ocrx_word' id='word_1_321' title='bbox 783 4343 1016 4430; x_wconf 83' lang='lat' dir='ltr'><strong>corrigendum.</strong></span> 
     </span>
    </p>
   </div>
   <div class='ocr_carea' id='block_1_4' title="bbox 0 0 1544 4972">
    <p class='ocr_par' dir='ltr' id='par_1_7' title="bbox 0 0 1544 4972">
     <span class='ocr_line' id='line_1_40' title="bbox 0 0 1544 4972; baseline 0 1"><span class='ocrx_word' id='word_1_322' title='bbox 0 0 1544 4972; x_wconf 95' lang='lat' dir='ltr'><strong> </strong></span> 
     </span>
    </p>
   </div>
  </div>
 </body>
</html>
