3080 4972
692 200 734 267 39

102 398 161 462 οὐδὲ
195 397 261 475 γὰρ
295 397 325 460 ἕν
357 405 427 469 ταῖς
463 393 554 466 ίδίαις
590 391 698 464 οίκίαις
734 392 787 473 ὁρῶ
822 398 881 458 τῶν
913 395 944 458 ἕν
979 393 1083 479 ἡλικία
1119 395 1191 477 πρὸς
1225 393 1295 468 τοὺς

102 511 431 568 ssPeCBTTePoTc
451 499 528 566 οὕτω
544 498 732 576 διακείμενον
743 497 806 563 οὐδ’
820 496 913 571 οὕτως
925 499 1091 578 οίγνύμονα
1104 499 1167 566 οὐδ’
1181 498 1295 566 ιἰτοπον

102 617 156 674 τῶν
180 608 273 672 ὄντων
299 606 404 672 οὐδένα
428 604 485 676 ύςε
510 607 535 670 εἰ
561 607 604 682 μὴ
629 605 800 680 ποιήσουσιν
823 603 963 678 ἅπαντες
986 602 1051 670 ὅσον
1073 605 1178 692 (sios)
1199 607 1294 678 αύτδς

103 717 132 780 οὐ
156 714 294 797 Φύσκειν
326 715 458 792 ποιήσειν
493 712 574 777 οὐδὲν
606 713 665 776 οὐδ’
690 709 796 776 αύτύν.
842 710 890 775 Hi
908 713 972 798 ipsi
994 716 1084 789 sunt,
1109 732 1187 799 quos
1210 733 1294 778 com-

102 841 213 886 munes
244 823 387 886 civitatis
418 824 564 907 parentes
595 819 679 884 dixit
710 819 888 884 existimari
920 822 1076 904 oportere:
1111 816 1222 889 κοινοὺς
1248 817 1297 883 δεῖ

103 927 211 1004 γονέας
236 927 307 999 τοὺς
332 933 661 991 ssPeCBTTePOTC
692 922 882 1002 σύμπαντας
908 924 1049 1002 ἡγεῖσθαι
1074 921 1126 988 καί
1151 925 1294 1004 προσήκει

103 1032 267 1104 τούτους
301 1033 360 1112 οὐχ
393 1027 472 1105 ίτας
505 1028 542 1095 ὦν
573 1035 589 1107 ἡ
615 1029 704 1104 πόλις
736 1029 852 1096 διδασιν
884 1027 1058 1113 οίφελίσύαι
1081 1052 1129 1108 τι,
1163 1029 1239 1095 αλλ’
1269 1030 1294 1094 εί

104 1140 154 1204 καί
176 1139 273 1218 μηδὲν
293 1134 325 1213 ἦν
350 1138 463 1204 τούτων
495 1135 625 1202 ν’ίλλούεν
656 1135 780 1202 σαοπεῖν
811 1131 889 1208 ὅπως
921 1134 1048 1214 μνδενδς
1078 1133 1161 1207 ὄντες
1185 1133 1295 1207 ἐνδεεῖς

104 1245 368 1328 περιοφθήσονται.
416 1242 470 1309 sic
498 1243 584 1309 clara
605 1243 678 1308 luce
700 1242 866 1330 splendent
888 1244 1012 1308 omnia:
1044 1243 1069 1306 οἱ
1094 1238 1294 1321 πρεσβύτεροι

106 1352 156 1416 καί
181 1354 207 1416 οἱ
231 1350 454 1420 ἀδυνατοῦντες
477 1349 519 1428 τῷ
544 1349 665 1427 σύματι
693 1348 799 1426 μισθὸν
823 1349 858 1412 ἐκ
881 1354 932 1414 τοῦ
957 1348 1100 1425 δημοσίου
1125 1345 1230 1428 ἔφερον
1253 1347 1295 1411 τὼ

105 1457 148 1522 δύ’
173 1457 284 1535 ὀβολώ.
321 1456 385 1537 Qui
408 1459 475 1522 erat
500 1455 704 1542 sexagenario
728 1457 829 1520 maior
852 1475 891 1520 ex
910 1456 1029 1520 aerario
1049 1454 1128 1519 duos
1146 1473 1296 1518 nummos

106 1564 279 1649 accipiebat
302 1565 335 1627 in
360 1563 463 1646 diem,
487 1563 668 1646 promiscue
691 1580 800 1625 omnes
820 1561 937 1626 divites
953 1580 1177 1645 pauperesque.
1208 1557 1295 1623 Hinc

106 1669 187 1732 dixit
209 1689 283 1755 pag.
308 1666 452 1732 141.15.
477 1665 663 1747 τετρακόσια
685 1666 831 1730 τοίλαντα
855 1665 1059 1745 προσέρχεται
1078 1664 1193 1736 οὐδενὸς
1213 1663 1294 1728 οὐδὲν

104 1773 303 1853 ζημιουμένου
326 1780 385 1838 τῶν
408 1774 467 1846 τοὶς
491 1774 596 1844 οὐσίας
620 1771 752 1854 ἐχόντων
777 1772 865 1836 aare
889 1771 942 1836 καί
967 1767 1291 1852 προσλαμβανίνταν·

104 1883 125 1946 οἱ
148 1883 213 1960 γὰρ
243 1889 428 1945 ΕΤΠΟΡΟΙ
459 1878 575 1953 πύντες
609 1877 751 1960 ἔρχονται
781 1876 957 1955 μεθέξοντες
982 1875 1166 1941 τούτουκαὶ
1191 1880 1292 1956 καλῶς

104 1991 245 2052 ποιοῦσιν.
292 1986 403 2052 Fuisse
434 1993 537 2052 aetate
567 1986 751 2072 grandiores
775 1986 830 2070 qui
853 1983 934 2050 οὐδὲν
959 1987 1112 2051 ποιοῦντες
1137 1981 1294 2044 aerarium

105 2093 307 2158 exhaurirent
349 2094 447 2158 etiam
488 2092 571 2178 apud
613 2112 727 2158 rerum
771 2090 1019 2157 Demosthenem
1055 2090 1185 2174 apparet
1217 2105 1291 2171 pag.

107 2196 158 2263 38.
185 2197 240 2263 10.
269 2196 313 2268 ἔςι
340 2221 387 2270 τις
407 2199 512 2265 ’ἚΞΩ
537 2205 623 2262 THC
643 2204 828 2262 'HAIKIAC
853 2199 948 2274 ὑμῶν;
980 2191 1038 2260 ίσα
1071 2189 1156 2263 οὗτος
1188 2189 1290 2255 airola·

104 2327 158 2377 τος
193 2310 243 2368 νῦν
275 2302 450 2382 λαμβιίνων
480 2305 534 2369 ούκ
565 2307 683 2387 ὠφελεῖ
711 2305 802 2368 ταῦτ’
837 2302 869 2367 ἐν
898 2302 948 2384 lep
970 2299 1059 2377 τιίξει
1085 2294 1290 2377 λαμβανέτω.

105 2408 240 2477 Omnino
251 2412 381 2478 videtur
402 2431 517 2475 nomen
541 2410 575 2473 ri
600 2410 752 2490 ίεαρικίν,
777 2410 819 2474 τα
843 2407 978 2494 despinal,
1001 2406 1116 2472 multis
1134 2402 1292 2470 erroribus

103 2537 210 2582 ansam
235 2518 374 2583 dedisse:
400 2515 469 2582 fieri
486 2521 592 2602 potest
609 2522 648 2581 ut
667 2519 844 2602 antiquitus
864 2515 987 2581 duobus
1003 2511 1104 2580 obolis
1122 2533 1158 2576 ex
1173 2509 1291 2574 aerario

103 2625 238 2708 acceptis
268 2623 376 2688 sedem
409 2622 472 2688 sibi
493 2624 529 2686 in
551 2622 675 2687 theatro
706 2625 855 2699 emerint,
888 2622 943 2686 sed
972 2624 1082 2705 postea
1104 2637 1140 2683 eo
1163 2615 1292 2681 nomine

103 2728 261 2812 quaelibet
291 2728 437 2806 διανομαί
467 2727 621 2814 appellari
651 2734 796 2812 coeptae,
826 2729 861 2791 in
892 2746 1027 2812 querum
1058 2742 1190 2788 numero
1213 2720 1291 2785 haec

103 2855 224 2921 quoque
253 2835 317 2899 fuit
347 2838 385 2900 ut
415 2835 591 2900 senioribus
619 2830 679 2921 (οὓς
705 2833 815 2906 κοινοὺς
840 2833 887 2898 δεῖ
907 2830 1017 2909 γονίας
1041 2827 1209 2908 συμπείσας
1234 2832 1289 2899 τῆς

102 2939 216 3014 πόλεως
243 2941 398 3024 ἡγεῖσθαι)
424 2940 485 3006 duo
509 2942 637 3005 nummi
660 2943 694 3005 in
719 2941 806 3006 diem
825 2961 864 3004 ex
884 2940 1003 3004 aerario
1023 2936 1286 3005 attribuerentum

103 3066 196 3130 quam
215 3047 421 3135 largitionem
440 3066 541 3131 quum
552 3047 699 3112 nonnulli
723 3049 837 3111 acriter
859 3043 1123 3130 reprehenderent
1145 3058 1289 3126 persona-

102 3156 153 3217 tus
175 3152 405 3218 Demosthenes
428 3151 509 3218 hanc
533 3153 595 3217 sibi
619 3173 748 3218 cansam
769 3150 997 3217 defendendam
1020 3149 1170 3231 suscepit.
1207 3147 1209 3152 ’

145 3257 374 3324 Demosthenes
404 3259 472 3343 ipse
504 3279 630 3324 summa
659 3279 717 3344 ope
741 3259 846 3322 enisus
870 3261 917 3321 est
940 3259 977 3320 nt
999 3253 1169 3320 malesanis
1192 3250 1290 3335 largi-

102 3364 241 3430 tionibus
271 3363 343 3429 finis
370 3369 426 3429 aut
453 3365 568 3434 modus
597 3368 822 3451 imponeretur.
847 3363 903 3426 ubi
924 3361 1035 3427 scribit
1056 3379 1127 3444 pag.
1153 3354 1207 3420 31.
1232 3352 1285 3418 24.

102 3470 184 3536 λύειν
205 3473 276 3544 τούς
301 3469 407 3549 νόμους
432 3469 480 3535 δεῖ
506 3469 630 3542 τούτους
651 3470 720 3542 τοὺς
745 3468 856 3540 αὐτοὺς
882 3467 984 3544 aaroni
1007 3464 1089 3543 οἵπερ
1114 3463 1166 3527 καί
1189 3460 1286 3526 τεύεί-

104 3598 192 3640 κασιν
227 3577 266 3642 de
302 3575 429 3642 Dubulo
466 3575 562 3654 dicit,
600 3597 695 3661 quem
735 3577 817 3663 legis
849 3579 1010 3639 auctorem
1051 3572 1148 3636 fuisse
1185 3571 1291 3634 sciunt

104 3702 220 3748 omnes.

148 3787 186 3852 ln
206 3789 273 3855 loco
296 3788 537 3866 Demosthenis,
563 3799 624 3874 quo
649 3788 688 3854 de
712 3789 857 3876 agimus,
882 3785 953 3851 lare
975 3783 1128 3850 mendum
1150 3787 1291 3868 superest

103 3895 136 3958 in
160 3896 263 3960 verbis
294 3895 356 3968 ἑνὸς
386 3897 470 3973 ἡμῶν
500 3893 611 3964 aaaron
645 3902 717 3959 Tic
749 3896 794 3962 ter
826 3892 944 3970 γονεύς.
992 3888 1151 3958 Graecum
1175 3893 1222 3953 est
1246 3885 1291 3955 ἔτι

104 4023 150 4070 τις
176 3999 295 4077 γονεύς,
330 4021 392 4066 non
428 4006 537 4066 tamen
560 4002 605 4066 sic
629 3999 819 4088 legendum,
843 3998 898 4063 sed
924 4007 988 4062 ele
1012 3991 1080 4083 (είς)
1108 3997 1152 4062 ε’ςι
1177 3991 1293 4072 γονεύς.

104 4105 261 4190 Frequens
284 4107 362 4173 haec
386 4107 528 4173 confusio
549 4111 609 4172 est.
634 4103 683 4173 Of.
707 4106 784 4170 Nou.
808 4104 903 4168 lectt.
925 4125 999 4191 pag.
1023 4099 1099 4166 484.
