3086 4968
665 257 730 328 465

103 451 133 514 in
155 449 178 516 S
203 450 355 516 lectiones
375 452 522 528 vitiosae,
543 471 623 537 quae
640 457 768 536 propter
786 451 862 518 libri
879 455 1101 518 auctoritatem
1120 474 1284 538 perperam

103 562 245 642 receptae
276 568 365 636 sunt,
390 563 428 622 ut
449 557 481 621 h.
494 555 515 621 1.
551 556 738 642 Requiritur
760 558 921 640 ἐφέντας,
946 559 1060 622 missia
1083 561 1207 624 caeteris
1230 583 1287 623 om-

103 663 206 742 uibus,
239 669 272 728 et
299 666 343 728 sic
371 666 473 728 estin
496 663 645 728 omnibus
667 663 759 729 libris
780 652 1009 750 praeterquam
1023 667 1058 729 in
1080 686 1143 731 uno
1166 665 1206 742 S,
1229 668 1286 751 qui

102 788 203 834 errore
226 770 345 836 scribae
367 767 546 849 ἀφελόντας
570 769 711 834 exhibet.

143 873 305 940 Similiter
333 895 408 963 pag.
438 873 493 940 92.
517 873 571 940 20.
593 879 678 940 recte
700 877 736 938 in
758 875 906 940 omnihus
928 877 1078 942 scribitur
1100 877 1142 942 τῶ
1167 893 1284 957 παρελ-

102 979 192 1045 ίίντα
217 979 397 1060 πράγματα
421 979 537 1047 ἅπαντ’
559 981 766 1059 ῶπίλσλΕΝ,
790 980 896 1046 editur
917 1003 1001 1047 nuno
1023 985 1137 1050 vitiose
1161 1005 1200 1049 ex
1221 1005 1285 1050 uno

101 1086 122 1152 S
146 1087 402 1155 οὶπολοίλΕΚθΝ.
737 1097 739 1101 ’

146 1300 228 1388 Peg.
254 1298 307 1364 93.
334 1297 387 1364 14.
410 1299 506 1364 οίεσίε
529 1299 599 1373 ποῦς
623 1297 805 1380 Βυζαντίους
828 1307 931 1378 μενεῖν
955 1300 1005 1365 ἐπὶ
1029 1309 1085 1375 πῶς
1105 1302 1209 1374 ῶνοίας
1231 1309 1287 1377 τῆς

101 1407 200 1480 αῦπῶς
235 1404 333 1485 ῶσπερ
369 1409 418 1469 νῦν
449 1405 500 1469 καὶ
533 1405 603 1470 οῦτε
634 1413 911 1485 παρακαλΘΟΕΙΝ
945 1406 1027 1482 ὑμῶς
1062 1405 1132 1471 οὔτε
1167 1408 1287 1485 βοηθεῖν

102 1514 209 1585 αὑτοῖς
242 1511 389 1591 ῶξιῶσειν.
437 1511 518 1578 Vivo
541 1510 753 1577 Demosthene
776 1511 1006 1592 παρακαλέσειν
1028 1521 1076 1576 eet
1097 1514 1200 1579 forma
1224 1516 1290 1578 bor·

101 1621 191 1684 burc:
222 1625 326 1703 καλῶ,
360 1619 503 1701 ἐγκαλῶ,
536 1625 709 1696 παρακαλῶ
731 1619 844 1704 futuri
873 1617 993 1682 formae
1024 1624 1099 1683 sunt
1128 1624 1166 1683 ut
1188 1628 1285 1706 τελῶ,

101 1725 251 1795 διατελῶ,
286 1729 392 1803 γαμῶ.
439 1723 560 1789 lladem
590 1728 638 1789 est
669 1721 793 1789 Codicis
824 1723 948 1788 Sratio
975 1727 1069 1809 atque
1092 1723 1287 1809 reliquorum

100 1832 258 1896 omnium.
305 1829 369 1895 Ubi
398 1851 462 1895 non
491 1832 602 1894 statim
634 1835 764 1915 apparet
784 1829 932 1915 futur-roa
954 1849 1038 1905 esse,
1064 1829 1184 1896 formae
1207 1835 1289 1896 anti·

100 1957 181 2021 quae
213 1935 319 2001 salvae
343 1940 433 2013 sunt,
458 1936 515 2000 ubi
538 1939 646 2000 autem
669 1934 760 2000 nulla
782 1940 830 1999 est
853 1934 1011 2000 dubitatio
1036 1937 1113 2020 quin
1135 1938 1178 2002 sit
1200 1937 1288 2004 futu-

100 2064 174 2107 rum
199 2039 348 2108 Graeculi
371 2062 464 2108 suam
487 2041 644 2115 συνήθειαν
667 2041 877 2106 substituunt.

144 2147 272 2215 Revoca
295 2150 396 2235 igitur
419 2156 624 2228 παρακαλεῖν.

144 2358 227 2444 Peg.
260 2355 314 2421 93.
345 2355 400 2422 23.
435 2358 468 2432 νίς
499 2356 563 2422 Δία
592 2358 843 2435 κακοδαιμονοῦσι
867 2356 930 2437 γαρ
955 2354 1100 2438 ι’ίνίριιποι
1126 2360 1178 2425 καί
1203 2362 1290 2442 ὑπερ-

101 2463 277 2541 βαλλονσιν
297 2462 394 2546 ιἰνοίρο.
430 2463 658 2529 Demosthenes
679 2463 806 2530 dederat
824 2465 1080 2544 conclamemus
1100 2465 1164 2548 γαρ
1181 2464 1287 2549 ῶνίριο·

101 2595 162 2637 ποι.
211 2569 445 2648 Κακοδαιμονῶν
479 2572 565 2634 enim
589 2569 737 2634 dicuntur
759 2566 806 2641 οῦς
830 2572 923 2642 κακῶς
947 2571 1064 2649 δαίμονι
1087 2573 1226 2651 ἐλαύνει,
1250 2579 1289 2640 ut

103 2675 325 2754 κακοδαιμονία
356 2680 404 2740 est
439 2675 584 2739 vecordia.
632 2675 678 2739 Do
713 2697 806 2740 sensu
841 2677 1067 2759 κακοδαιμονᾷς
1100 2676 1221 2764 legitur
1253 2682 1288 2744 in

101 2767 431 2868 hierophanis‘Plea
453 2779 527 2849 372.
549 2784 633 2846 etin
653 2781 873 2866 Xenophontis
892 2782 1137 2845 Memorabil'bce
1156 2782 1199 2849 Π.
1213 2784 1243 2848 1.
1258 2783 1289 2850 5.

102 2893 193 2954 τοῦτο
224 2889 411 2952 παντοίπασι
441 2886 719 2966 κακοδαιμονῶντός
752 2889 831 2964 ἐςιν,
864 2892 896 2951 et
918 2886 1096 2952 Dinarchus
1118 2888 1204 2952 κατα
1227 2897 1288 2963 Διρ-

101 2993 263 3073 μοσίένονς
294 2992 388 3079 §aa
409 2995 446 3058 a}
479 2996 523 3057 ἔτι
539 3029 541 3034 ·
557 2991 606 3058 δεῖ
633 2995 687 3067 τὴν
718 2991 806 3058 πόλιν
833 2999 888 3066 πῶς
914 2994 1122 3070 Δαμοσίένονς
1146 2994 1289 3075 πονηρίας

101 3099 286 3178 ῶπολαιίειν,
308 3096 356 3164 ίνα
376 3099 468 3164 πλέον
493 3100 861 3177 κακοδαιμονῶμεν
887 3098 965 3183 (οῦδὲ
989 3099 1051 3180 pap
1072 3097 1135 3179 ἐχα
1155 3091 1191 3165 τί
1207 3099 1287 3166 ι’ίλλο

79 3205 201 3287 ἐίποι).
227 3212 260 3271 et
282 3206 500 3284 κακοδαιμονία
523 3207 662 3270 uecordia
684 3209 718 3270 in
741 3208 831 3271 Paro
856 3204 932 3270 501.

146 3314 194 3388 τίς
220 3312 258 3378 ῶν
280 3315 341 3394 οὐχ
366 3316 466 3391 ἡγοῖτ’
491 3309 566 3378 εἶναι
590 3313 706 3391 μανίαν
730 3312 965 3390 κακοδαιμονίαν
987 3314 1017 3375 τ’
1041 3308 1085 3377 ἐτι
1109 3315 1240 3390 μᾶλλον.

146 3419 268 3484 Eodem
300 3441 393 3485 sensu
422 3418 652 3485 Demosthenes
685 3419 767 3484 dixit
796 3439 868 3506 pag.
902 3416 956 3483 23.
981 3415 1035 3483 26.
1060 3417 1160 3483 καίτοι
1182 3426 1289 3487 ταῦτα

101 3527 153 3589 καί
188 3527 212 3588 sl
245 3525 341 3605 μικροί
369 3550 415 3597 τις
448 3528 571 3604 ἡγεῖται
603 3523 737 3602 μεγαλα
763 3525 925 3603 δείγματα
948 3530 1004 3597 πῶς
1027 3525 1139 3590 ἐκείνου
1162 3531 1287 3605 γνῶμνς

100 3631 154 3695 καί
187 3631 510 3710 κακοδαιμονίας
542 3631 587 3699 ἐςί
620 3639 681 3704 τοῖς
706 3627 740 3696 εῦ
765 3635 931 3713 φρονοῦσιν.
956 3635 988 3695 et
1010 3652 1084 3718 pag.
1110 3629 1208 3696 1435.
1235 3631 1288 3700 11.

100 3738 157 3810 τέρν
181 3734 293 3822 τούτων
317 3736 492 3818 ίρασιίτιρπα
519 3737 570 3802 καί
596 3736 922 3816 κακοδαιμονίαν
946 3737 1186 3818 ἐπανορθοῦντες.

147 3949 224 4034 Pag.
256 3945 310 4011 99.
344 3946 376 4012 2.
409 3948 497 4026 ὑμεῖς
522 3945 547 4011 δ’
576 3948 640 4012 οῦδὲ
671 3945 763 4011 ταῦτ’
793 3945 1014 4022 ῶπελῦσαοίε,
1044 3946 1069 4009 εί
1093 3945 1187 4023 μηδὲν
1211 3946 1291 4015 ι’ίλλο

99 4051 286 4130 ἐβούλεσθε,
319 4055 393 4119 αλλ’
423 4053 565 4138 [εἲιίκατε
598 4055 667 4137 καί]
700 4051 846 4134 ῶΦέςατε
878 4051 966 4126 δῆλον
997 4045 1043 4115 ἐτι
1067 4053 1162 4134 αὐτῷ.
1209 4055 1293 4122 Ine

98 4167 224 4252 legitur
242 4157 371 4225 εῖοίκατε
390 4160 535 4242 ῶφέςατε
555 4162 671 4225 omissa
690 4158 803 4243 copule
821 4157 885 4222 καί.
923 4154 1090 4224 Glossema
1102 4165 1150 4224 eet
1162 4158 1290 4228 εῖιίκατε

101 4273 143 4338 ad
166 4267 315 4349 ῶφέςατε
341 4266 419 4330 olim
443 4265 648 4352 adscriptum.

147 4376 227 4443 Post
258 4393 360 4459 pauca
389 4393 463 4459 pag.
497 4370 550 4436 99.
569 4361 616 4436 48.
651 4369 688 4436 ῶν
719 4375 824 4436 ταῦτα
848 4370 965 4450 λέμιισι
990 4371 1022 4438 τί
1045 4372 1167 4453 ἐροῦμεν
1191 4375 1238 4456 [ἢ·
1264 4379 1297 4444 τί

692 4494 694 4498 ’
1122 4484 1154 4526 ³0
