3034 4970
648 233 712 302 163

113 418 266 500 probassent
295 422 469 488 adscribere
501 426 534 488 in
557 427 703 511 margine
726 426 821 504 ἀξιον.
858 425 990 510 Saepius
1015 429 1123 488 autem
1147 423 1268 487 iactum

113 531 148 586 ast
171 532 202 589 ut
231 527 310 602 ἀξιον
342 549 380 593 ex
411 549 465 594 ora
496 529 572 594 libri
603 533 801 614 ineptissime
831 534 865 595 in
892 535 1072 594 contextam
1095 530 1269 594 orationem

111 633 286 714 reciperetur,
317 641 354 698 nt
385 637 519 720 scriptor
548 635 722 699 ridiculum
749 639 782 701 in
807 638 939 701 modum
962 636 1020 697 aidi
1044 635 1105 717 ipsa
1125 635 1269 716 plaudere

111 734 239 802 rideatur.
281 738 433 804 Libanins
464 741 586 805 dixerat
618 740 660 804 II.
696 740 771 807 189.
805 741 835 806 8.
868 743 928 819 ἐγὼ
961 741 991 804 δὲ
1018 740 1115 816 ἠξίουν
1139 742 1189 804 τὸν
1213 741 1267 816 πρὸ

110 841 177 904 τοῦδε
200 841 428 929 (Constantium
448 844 566 910 iuliani
586 846 793 927 decessorem)
814 849 855 911 τά
876 847 931 923 μὲν
952 847 1009 910 τῶν
1022 848 1162 909 ἐναντίων
1177 845 1268 926 (irad)

110 949 252 1027 udiciaria,
277 988 319 997 -
344 952 457 1014 οἰκείων
480 952 583 1026 μέντοι
609 960 684 1016 ναῶν
707 990 745 1000 -
770 954 820 1016 καὶ
843 952 1085 1032 προκινδυνεύειν,
1123 949 1270 1014 inlibris

109 1057 145 1114 esi
168 1057 212 1117 ani
241 1058 474 1135 προκινδυνεύειν
507 1055 601 1131 ἀξιον.
639 1057 790 1123 Suboluit
820 1057 1080 1133 fraus·Reiskio‚
1105 1059 1160 1140 qui
1187 1054 1269 1130 ἀξιον

109 1165 246 1242 expunxit.
281 1163 320 1226 In
349 1163 493 1227 Platonis
524 1165 599 1246 Rapo.
632 1185 704 1250 pag.
736 1162 812 1228 496.
836 1184 869 1228 1.
907 1164 1044 1251 iegitur:
1078 1157 1125 1241 ἀρ’
1149 1165 1209 1240 οὐχ
1232 1163 1269 1232 ὡς

108 1263 205 1336 diadar
238 1269 427 1346 προσήκοντα
463 1271 593 1333 ἀκοῦσαι
629 1270 816 1347 σοφίσματα
853 1271 904 1334 καὶ
941 1271 1022 1334 οὐδὲν
1051 1270 1172 1347 γνῆσιον
1205 1268 1270 1331 οὐδὲ

108 1372 251 1445 φρονήσεως
284 1373 396 1458 [ἀξιον]
431 1375 573 1447 ἀληθινῆς
608 1375 772 1454 ἕχθμενονς
808 1377 862 1440 sed
886 1377 1037 1460 deprensa
1060 1376 1146 1439 fraus
1169 1380 1216 1439 est
1239 1379 1271 1437 et

106 1474 173 1550 ἀξιον
194 1480 341 1545 deletum.
377 1479 488 1544 Minus
511 1484 704 1565 perspicaces
727 1482 811 1546 docti
830 1483 975 1545 homines
994 1483 1123 1545 fuerunt
1144 1483 1179 1544 in
1198 1480 1271 1544 Pla-

106 1585 172 1648 tonis
193 1586 263 1670 Ιθορ.
286 1607 360 1673 pag.
391 1584 516 1650 5041).
541 1588 574 1649 οὐ
597 1595 717 1664 γελοῖον
741 1587 789 1650 ἐπὶ
813 1590 868 1663 μὲν
894 1586 1000 1658 ἀλλοις
1026 1591 1150 1664 σμικροῦ
1176 1583 1269 1660 ἀξίοις

106 1691 155 1750 τάν
182 1700 268 1756 ποιεῖν
300 1690 540 1766 συντεινομένους
572 1687 651 1762 ὅπως
684 1689 728 1756 ὅτι
760 1692 956 1772 aspipedem
990 1693 1041 1754 uoci
1066 1693 1271 1768 καθαρώτατα

103 1787 168 1878 ἕξει,
189 1800 243 1861 τῶν
268 1797 299 1862 δὲ
323 1798 462 1874 μεγθςων
483 1797 527 1871 μῆ
548 1801 685 1874 μερίτας
714 1797 815 1872 ἀξιοῦν
837 1795 912 1862 εἶναι
938 1798 990 1862 καὶ
1020 1797 1077 1867 τάς
1091 1797 1269 1874 ἀκριβεθαε;

103 1902 149 1963 Καὶ
180 1904 284 1980 μάλα,
320 1902 380 1982 ἔφυ
413 1901 511 1988 [ἀξιον
538 1905 571 1966 rb
604 1903 780 1986 διανθῆμα].
806 1905 851 1967 Cf.
883 1903 952 1966 Ver.
977 1903 1068 1966 Lecti.
1095 1923 1167 1990 pag.
1193 1901 1270 1968 480.

101 2005 180 2090 Apud
207 2009 417 2076 Iamblichum
451 2012 485 2072 in
518 2009 580 2072 ια’θα
612 2010 796 2090 Ρρθάαρυεωο
826 2009 842 2092 ᾗ
867 2007 920 2072 41.
943 2008 1079 2094 legitur:
1103 2009 1214 2086 ἐφεξῆς
1241 2009 1272 2073 δὲ

100 2111 177 2188 ἔλεγε
199 2117 424 2202 (Pythagoras)
449 2115 515 2186 aspi
541 2115 749 2192 σωφροσύνης,
777 2153 816 2162 -—
842 2111 909 2177 εἶτα
935 2113 1134 2191 προετρέπετο
1158 2116 1272 2192 θεωρεῖν

99 2216 195 2306 [ἀξιον]
227 2219 271 2284 dra
302 2220 395 2297 μόνης
430 2227 484 2284 τῶν
519 2223 630 2297 ἀρετῶν
654 2220 770 2292 ταύτης
796 2221 847 2283 καὶ
873 2221 958 2283 παιδὶ
983 2219 1035 2282 καὶ
1061 2220 1194 2300 παρθένῳ
1219 2220 1270 2284 καὶ

98 2328 204 2394 γυναικὶ
235 2328 454 2390 ἀντιποιεῖσθαι
490 2327 640 2404 προσῆκει.
677 2326 834 2390 Kusterus
858 2333 988 2391 acutum
1013 2346 1136 2391 cernere
1159 2325 1272 2391 solitus

98 2439 225 2496 annotat:
252 2434 369 2510 „araas
393 2441 421 2496 ιθ
443 2455 545 2496 aenaea
568 2432 676 2494 rectius
696 2434 880 2513 procederet,
904 2432 932 2494 ω’
944 2429 1026 2506 ἀξιον
1038 2432 1180 2494 deleatur.
1218 2433 1273 2495 an

96 2536 162 2598 enim
185 2561 448 2622 superuacaneum,
474 2539 590 2600 rasead
611 2539 705 2600 lecara
728 2539 805 2599 dunc
828 2538 983 2621 quicquam
997 2537 1112 2620 facit.''
1147 2536 1271 2621 Perspi-

97 2661 180 2707 cuum
208 2667 290 2710 nunc
322 2649 383 2710 erit
412 2646 471 2708 tibi
494 2645 576 2708 unde
600 2644 729 2708 tandem
754 2645 796 2706 sit
819 2649 942 2707 natum.
977 2641 1076 2706 Plane
1099 2641 1186 2706 idem
1209 2645 1272 2706 θεσ-

96 2751 155 2812 ium
185 2759 230 2816 eet
260 2751 345 2837 apud
376 2751 548 2816 Libanium
580 2749 634 2813 IV.
668 2748 743 2813 646.
778 2749 829 2812 15.
855 2747 920 2811 ἐπεὶ
946 2747 1069 2811 καὶτὸν
1093 2747 1271 2825 ἀνδροφόνον

96 2853 189 2928 κρίνειν
219 2855 335 2933 ἕξεσιν,
368 2857 445 2919 ἀλλ’
475 2858 508 2920 οθ
540 2854 591 2919 τθν
627 2879 666 2932 γε
698 2857 752 2927 τῆν
776 2863 869 2933 χεῖρα
893 2853 1021 2932 καθαρόν
1046 2850 1171 2937 [ἀξιον].
1207 2852 1272 2916 Ubi

94 2955 160 3023 haec
185 2963 283 3028 semei
308 2964 459 3047 deprensa
480 2966 555 3025 sunt
578 2958 705 3024 difficile
731 2966 777 3024 est
799 2959 968 3045 vulgatam
992 2961 1180 3042 scripturam
1205 2961 1271 3021 sine

93 3066 150 3129 risu
172 3069 319 3156 relegere.

402 3314 624 3371 A1n0NTec
650 3344 691 3353 —
718 3312 952 3370 ArnoNTec.

129 3487 292 3560 libanius,
311 3488 366 3554 III.
400 3510 472 3575 pag.
509 3486 583 3552 141.
618 3487 667 3551 12.
702 3487 829 3551 scribit:
862 3487 915 3550 οὐκ
947 3485 1103 3564 ἀπθρρῆτα
1132 3484 1272 3564 ἐξέφερεν

92 3593 149 3656 οὐδὲ
180 3594 237 3659 dra
261 3597 443 3672 σεσιγῆσθαι
469 3605 565 3674 χρῆν,
591 3593 667 3658 ἀλλ’
693 3585 713 3656 ἀ
738 3600 795 3654 τῶν
820 3592 1024 3671 ὑπογραφθων
1046 3579 1197 3656 ΔΙδθντων
1224 3593 1272 3656 ἐπὶ

90 3705 136 3769 τῆς
169 3707 244 3773 eoois
275 3700 393 3766 ἀπασιν
428 3701 563 3778 ὑπῆρχεν
588 3699 706 3764 sidicat.
744 3697 885 3761 Emenda
909 3699 1082 3762 ’.41δθνσωα
1117 3697 1276 3784 Frequens

90 3802 255 3870 admodum
286 3807 363 3871 haec
395 3806 535 3870 confusio
567 3811 623 3870 est.
656 3803 772 3866 ’Ἃιδειν
797 3810 828 3866 et
851 3802 976 3884 ᾅδεσθαι
1001 3824 1092 3888 saepe
1116 3805 1199 3889 apud
1223 3805 1275 3868 Li-

87 3905 214 3974 banium
248 3915 378 3997 ponitur
413 3911 451 3974 de
482 3913 523 3974 iis
552 3912 664 3982 rebus,
696 3930 776 3993 quae
800 3909 904 3990 ρωθυνιι
936 3915 963 3971 σθ
986 3909 1096 3972 crebris
1117 3911 1274 3973 νιιωθθοννινιι

87 4018 264 4080 sermonibus
287 4019 482 4081 celebrantur.
518 4016 674 4100 Exempla
694 4014 848 4099 quaedam
869 4013 1273 4096 proferreiuvao.1.78.2.

87 4122 133 4182 καὶ
155 4128 205 4186 νῦν
230 4129 317 4186 τοῦτο
335 4123 445 4205 ᾄδεται
465 4125 536 4200 παρ’
558 4125 678 4200 ἀμφοῖν
699 4122 745 4192 τίς
769 4120 820 4182 καὶ
842 4121 919 4185 τίνος
939 4118 1205 4192 ἀκῆαοεν.1.226.
1223 4119 1273 4183 18.

85 4228 173 4291 ταυτὶ
205 4231 262 4306 μὲν
296 4229 403 4308 ἑτέροις
435 4229 518 4311 ᾄδειν
546 4229 695 4307 ἀφείσθω.
727 4223 752 4287 Ι.
781 4223 856 4288 314,
885 4221 938 4286 12.
972 4224 1013 4287 τάι
1038 4225 1164 4292 παλαιοὶ
1188 4231 1274 4306 σφῶν

86 4335 180 4399 αὐτῶν
207 4335 347 4418 ᾄδουσαι.
375 4333 399 4398 Ι.
427 4334 504 4398 451.
530 4332 560 4397 4.
582 4331 633 4397 καὶ
657 4328 798 4395 ταῦταθι
820 4329 934 4401 πάντεο
950 4329 1078 4412 ᾄδουσιν.
1090 4329 1116 4393 I.
1132 4323 1208 4392 589.
1224 4333 1274 4394 11.
