3034 4970
491 1414 878 1515 HOMllRIOA.

563 1746 811 1790 ψ.

664 2026 691 2093 Ι.

381 2236 561 2302 ἈΠΡΘΠΗ
584 2253 669 2300 aruo
692 2233 861 2302 Homerum

378 2359 482 2408 rmro
505 2343 811 2408 commanerem
832 2361 962 2410 runroro.

124 2554 244 2621 Multis
270 2555 355 2619 mihi
378 2553 461 2640 apud
483 2551 664 2619 Homerum
687 2550 765 2618 locis
787 2555 1048 2623 animadvertisse
1070 2558 1181 2626 videor
1204 2583 1273 2627 eru-

84 2661 163 2728 ditos
180 2661 412 2728 Alexandrinos
432 2657 668 2725 Grammaticos
688 2663 720 2725 et
739 2657 874 2727 Oriticos
884 2661 1027 2730 heroicae
1040 2669 1072 2730 et
1083 2663 1273 2734 Homericae

81 2769 193 2833 aetatis
216 2766 457 2852 simplicitatem
476 2771 508 2831 et
527 2764 696 2832 candorem
717 2771 749 2831 et
769 2769 1002 2847 sinceritatem,
1024 2790 1125 2855 quum
1136 2775 1171 2838 in
1182 2776 1273 2860 regia

81 2872 339 2942 Ptolemaeorum
359 2877 391 2938 et
410 2874 445 2936 in
466 2871 587 2937 aulicae
606 2875 827 2938 assentationis
846 2875 964 2941 foetore
983 2877 1067 2940 inter
1083 2883 1273 2962 purpuratos

79 2985 219 3046 aetatem
242 2983 390 3066 agerent,
414 2980 573 3044 nonsatis
592 2978 710 3063 ubique
733 2981 866 3045 sensisse
883 2984 940 3045 aut
959 2983 993 3046 in
1012 2987 1153 3068 tempore
1171 3005 1272 3050 recor-

79 3084 166 3152 datos
179 3106 257 3152 esse.
276 3083 462 3149 Plurimum
476 3084 585 3149 aberat
596 3088 634 3148 ut
645 3085 679 3147 in
690 3087 753 3149 ista
764 3087 833 3152 vita
844 3085 937 3151 molli
949 3092 980 3152 et
992 3087 1128 3153 delicata
1138 3089 1272 3155 heroum

77 3190 327 3259 Homericorum
338 3190 372 3254 τὸ
386 3190 504 3269 ἀφελὲς
519 3190 571 3256 καὶ
583 3189 731 3256 ἁπλοϊκόν
743 3192 832 3255 omni
844 3190 916 3256 fuco
928 3197 960 3257 et
971 3192 1167 3260 affectatione
1178 3195 1272 3280 plane

76 3319 218 3364 vacuum
236 3299 337 3364 libero
356 3300 462 3363 animo
480 3300 648 3363 aestimare
669 3302 806 3381 possent.
843 3297 893 3362 Ex
913 3318 987 3363 suae
1007 3303 1121 3365 aetatis
1139 3301 1271 3368 modulo

74 3408 225 3491 antiquos
258 3405 369 3470 heroes
402 3404 635 3479 metiebantur,
672 3424 711 3468 ex
742 3423 798 3468 suo
831 3407 862 3468 et
893 3403 1075 3489 aequalium
1107 3428 1200 3473 sensu
1231 3407 1270 3473 de

71 3508 258 3577 Homericis
288 3511 383 3576 rebus
413 3511 617 3595 personisque
647 3509 849 3593 iudicabant,
880 3510 964 3576 unda
987 3532 1084 3594 quam
1106 3534 1271 3597 perversae

71 3618 110 3683 de
143 3619 228 3683 locis
259 3616 451 3702 quibusdam
482 3616 644 3710 opiniones
675 3619 761 3679 ortae
789 3617 854 3679 sint
874 3615 1092 3702 compluribus
1115 3619 1271 3705 exemplis

69 3724 241 3790 ostendere
263 3727 364 3790 iuvat.
401 3722 505 3788 Nemo
527 3725 674 3788 veterum
698 3717 891 3786 Oriticorum
915 3742 951 3787 eo
974 3725 1056 3788 vitio
1074 3723 1168 3808 plane
1188 3724 1270 3791 liber

68 3835 135 3894 cst:
164 3829 371 3895 Aristarchus
394 3830 494 3894 etiam
517 3829 553 3892 in
575 3827 626 3892 his
649 3826 753 3892 multo
777 3831 826 3892 est
848 3831 979 3894 caeteris
1001 3833 1122 3908 sanior,
1147 3832 1202 3896 sed
1221 3836 1270 3897 ta·

64 3958 145 4001 men
178 3939 214 4001 et
241 3939 310 4021 ipse
341 3933 487 4000 nonnihil
518 3952 757 4018 nonnumquam
781 3936 900 4018 peccat.
946 3931 1009 4000 Sed
1033 3939 1178 4001 omnium
1199 3936 1270 4022 plu·

65 4044 217 4117 rimum,
260 4045 289 4107 si
322 4040 400 4126 quid
433 4041 544 4118 video,
579 4041 614 4104 in
649 4060 685 4105 eo
720 4061 834 4127 genere
870 4041 1009 4127 impegit
1043 4042 1270 4127 Aristophanes

13 4189 16 4198 ·
61 4148 284 4236 Byzantinus
770 4148 773 4152 ’

108 4252 288 4320 Proferam
310 4256 453 4341 primum
476 4253 652 4342 insigniora
675 4252 831 4337 quaedam
853 4256 1037 4322 testimonia
1061 4260 1094 4322 ei
1112 4255 1267 4340 exempla.

61 4363 192 4451 Odyas.
219 4359 254 4426 0.
281 4359 332 4426 19.

1092 4469 1120 4514 15
