3080 4972
693 211 737 279 13

159 405 239 494 Peg.
264 401 392 471 12.16.
420 403 492 484 πρὸς
514 401 577 482 νίιρ
601 403 635 467 τὸ
659 410 837 469 τελευταῖον
861 403 960 484 ε’κβίιν
984 401 1093 472 tuero
1117 411 1175 469 τῶν
1200 407 1314 485 προϋπ-

118 512 272 593 αρξάντων
308 509 358 598 [ὡς
391 510 435 575 τοὶ
466 508 585 595 πολλοὶ]
625 508 771 590 κρίνεται.
818 508 1008 577 Rectissime
1036 511 1180 577 Dindorf.
1214 511 1313 578 verbe

117 623 154 691 ὡς
177 620 220 684 τίν
244 615 349 684 πολλθ
373 618 408 681 10
431 615 454 681 S
478 616 859 681 0100011000011001100
882 616 991 683 addita
1011 620 1119 703 spuria
1138 622 1170 683 et
1193 638 1313 704 expun-

119 725 221 813 genda
244 743 312 790 esse
335 722 500 788 iudicavit.

163 935 243 1022 Peg.
279 932 331 999 13.
365 931 396 1000 7.
425 932 457 998 τι’
479 927 528 998 οὖν
555 933 615 1019 [τις
641 931 679 1000 ἂν
702 932 793 1021 είποι]
820 938 925 999 ταῦτα
948 934 1052 1011 λέγεις
1079 936 1152 1011 ήμῖν
1177 939 1245 1011 νῦν;
1271 934 1313 1000 111

121 1040 278 1106 soloeoum
309 1044 357 1104 est
385 1045 418 1104 et
440 1038 535 1125 plene
556 1059 825 1125 supervacaneum
848 1063 895 1112 τις
919 1037 958 1103 ἂν
982 1037 1070 1105 είτοι.
1119 1038 1312 1126 Saepissime

121 1153 152 1214 et
180 1147 297 1231 reliqui
329 1165 438 1212 omnes
462 1150 493 1210 01
516 1145 746 1211 Demosthenes
769 1144 994 1230 obloquentem
1017 1147 1079 1211 sibi
1104 1148 1242 1231 aliquem
1266 1149 1314 1211 in·

121 1254 240 1318 duount
259 1255 327 1318 sine
344 1251 566 1318 huiuscemodi
586 1251 821 1317 additamento:
842 1255 920 1316 00110
940 1253 1026 1316 enim
1046 1253 1313 1318 vooisinflexione

121 1381 169 1425 res
197 1357 402 1446 intelligitur.
436 1362 474 1422 ut
497 1378 571 1445 pag.
598 1355 652 1421 16.
678 1354 731 1421 23.
756 1358 831 1421 ἀλλ’
855 1354 936 1421 circio
960 1357 1029 1438 οὐχὶ
1053 1357 1255 1434 βουλήσεται.
1281 1362 1313 1423 01

120 1485 191 1552 pag.
225 1463 280 1528 36.
314 1462 367 1528 15.
399 1464 473 1527 ἀλλ’
505 1459 645 1527 1τοῖνεῖ
678 1465 782 1526 ταῦτα
815 1463 946 1543 φαύλως
978 1461 1021 1528 τοὶ
1052 1465 1085 1541 γ’
1114 1465 1143 1528 ίν
1166 1466 1248 1546 αὐτή
1273 1475 1311 1546 πή

120 1570 208 1636 πθλει
232 1573 283 1634 νῦν
305 1567 431 1645 ἄμεινον
455 1568 534 1647 ἔχει.
560 1571 592 1633 01
616 1569 661 1633 sio
684 1588 833 1654 persaepe
858 1568 946 1635 olibi.

163 1781 295 1848 Elximie
327 1785 359 1846 et
381 1784 467 1846 00110
488 1778 626 1845 Dobreei
650 1778 830 1846 emendatio
851 1799 926 1867 pag.
953 1776 1005 1845 13.
1033 1779 1084 1846 19.
1111 1803 1207 1866 quem
1230 1781 1313 1848 nihil

120 1892 161 1954 sit
196 1888 289 1952 libris
319 1886 398 1952 Mss.
430 1885 620 1951 eredendum
652 1885 775 1970 liquido
805 1885 1010 1952 demonstret.
1058 1886 1094 1952 ln
1124 1887 1215 1954 libris
1246 1893 1311 1954 est:

120 1994 242 2060 δέδοικα
265 1994 310 2071 μή
334 1993 385 2057 τὸν
409 1991 502 2056 αὐτὸν
526 1989 635 2072 τρίπον
658 1987 756 2072 ὥσπερ
780 1992 806 2056 ol
830 1989 1031 2072 δανειζθμενοι
1051 1993 1157 2077 ρ’ριδίοις
1178 1995 1227 2058 ἐπὶ
1248 2003 1311 2068 τοῖς

119 2100 275 2178 μεγάλοις
298 2098 395 2171 τίκοις
413 2097 517 2179 μικρὸν
539 2097 761 2177 εὐπορήσαντες
780 2097 886 2180 χρόνον
907 2094 1008 2179 ἕτερον
1028 2101 1080 2165 καὶ
1101 2106 1159 2166 τῶν
1175 2101 1314 2182 ἀρχαίων

120 2206 285 2280 ἀπέςήσαν
309 2203 385 2270 οὕτω
409 2203 462 2269 καὶ
488 2207 575 2281 ήμεῖς
606 2200 712 2290 [ἋΝ]
738 2204 787 2268 ἐπὶ
813 2206 919 2284 πολλῷ
943 2211 1090 2287 φανῶμεν
1115 2204 1312 2288 ε’ρρριθυμήκθ-

120 2336 170 2384 τες
194 2313 249 2376 καί
274 2308 405 2376 ἅπαντα
429 2310 501 2390 πρὸς
527 2309 628 2385 ήδονήν
653 2307 812 2387 ζητοῦντες
836 2311 942 2375 πολλοὶ
966 2312 1018 2376 καὶ
1042 2313 1177 2391 χαλεποὶ
1202 2308 1239 2376 ὧν
1259 2314 1313 2378 οὐκ

124 2413 320 2496 ήβουλθμεθα
352 2414 453 2497 ὕςερυν
484 2417 526 2489 εἰς
558 2412 701 2494 ἀνάγκην
726 2413 859 2496 ἔλθωμεν
883 2427 989 2484 ποιεῖν.
1027 2417 1105 2498 Quis
1127 2439 1146 2484 0
1169 2419 1312 2486 Debraeo

122 2524 305 2589 admonitus
334 2542 397 2587 uon
429 2523 526 2588 sent't
552 2523 630 2587 ’'AN
663 2525 804 2610 expungi
834 2527 976 2608 oportere
1004 2528 1036 2589 et
1060 2527 1226 2590 oouiunots
1248 2545 1315 2590 0000

121 2631 240 2696 δέδοικα
263 2630 309 2706 μή
333 2628 384 2693 ἐπὶ
410 2628 515 2708 πολλῷ
541 2631 689 2706 Φανῶμεν
713 2626 974 2710 ἑρρριθυμήιιθτες1
998 2627 1058 2694 Sed
1084 2633 1184 2694 estin
1204 2630 1315 2696 eodem

121 2735 188 2801 looo
213 2739 246 2800 et
270 2733 333 2800 0110
356 2733 500 2814 manile,
527 2753 625 2819 quom
648 2733 827 2820 abstergere
850 2733 943 2800 fooile
963 2739 1011 2800 001
1029 2737 1064 2800 in
1083 2737 1188 2801 verbis
1209 2735 1315 2802 πολλοὶ

126 2841 191 2928 [καὶ
225 2842 379 2923 χαλεποὶ]
412 2837 450 2905 ὦν
475 2841 529 2905 οὐκ
554 2837 759 2917 ήβουλθμεθα.
807 2837 910 2904 Periit
934 2841 1019 2905 enim
1042 2847 1176 2908 venuste
1199 2847 1231 2907 et
1254 2841 1315 2908 ele·

121 2970 200 3036 gans
224 2946 470 3012 Atheniensium
494 2945 655 3026 εὐφημία,
680 2943 797 3029 quibus
817 2944 970 3010 derebus
991 2947 1110 3012 eoerbis
1129 2952 1161 3012 et
1171 2948 1316 3014 molestis

122 3059 310 3119 consuetum
352 3056 400 3116 est
444 3050 547 3116 dinem
583 3048 689 3114 πολλοὶ
725 3046 764 3115 ὦν
798 3051 831 3115 οὐ
866 3049 1065 3129 βουλθμεθα,
1101 3053 1153 3120 uel
1189 3051 1226 3118 ὧν
1262 3057 1316 3119 οὐκ

124 3159 332 3237 ήβουλίμεθοι.

164 3368 296 3435 Excidit
326 3365 521 3434 venabulum
552 3367 592 3433 sd
625 3369 817 3434 sententiam
848 3387 975 3453 prorsus
1006 3372 1219 3436 necessarium
1240 3392 1314 3461 pag.

125 3473 175 3540 14.
213 3475 243 3540 5.
267 3473 353 3555 φημὶ
379 3474 415 3548 δή
440 3472 512 3556 διχή
537 3473 698 3552 βοήθήτὲον
722 3469 797 3539 είναι
821 3482 886 3546 τοῖς
909 3473 1094 3554 προίνμασιν
1119 3478 1192 3555 ήμῑν
1216 3482 1257 3560 τῷ
1282 3504 1318 3546 τε

124 3583 182 3653 τοὶς
215 3579 320 3652 πόλεις
345 3586 408 3651 τοῖς
432 3580 599 3652 Ὀλυνθίοις
624 3578 728 3660 σώζειν
752 3579 805 3644 καί
831 3582 900 3652 τοὺς
925 3584 1014 3646 τοῦτο
1038 3581 1219 3657 ποιήσοντας
1246 3610 1317 3668 ςρα-

124 3687 237 3770 τιίιτας
272 3686 442 3764 ἐκπέμπειν
477 3685 528 3751 καὶ
566 3686 607 3766 τῷ
644 3686 698 3760 τήν
733 3687 846 3751 ἐκείνου
877 3687 982 3767 χώραν
1012 3695 1112 3760 κακῶς
1145 3699 1239 3756 ποιεῖν
1263 3694 1316 3759 καὶ

124 3794 253 3873 τριήρεσι
288 3793 341 3857 καὶ
378 3793 561 3869 τρατιθταις
596 3789 716 3871 ἑτέροις.
771 3791 896 3855 Duobus
928 3795 1120 3860 exercitibus
1150 3818 1220 3862 rem
1252 3821 1318 3869 esse

26 3929 27 3966 2
125 3899 297 3986 gerendam
329 3903 451 3973 censet,
484 3897 584 3962 011010
615 3899 671 3982 qui
700 3899 847 3962 civitates
869 3893 1068 3964 Gholoidioas
1089 3900 1318 3988 Olynthiorum

26 3983 27 4032 ί
126 4006 226 4070 000100
255 4008 401 4080 tueatur,
433 4001 531 4069 altero
564 4005 620 4088 qui
651 4003 874 4069 Macedoniarn
896 4003 1034 4071 infestet.
1080 4007 1210 4096 Pergit:
1235 4011 1261 4073 εἰ
1287 4011 1343 4077 δὲ·

127 4110 252 4189 θατέρου
286 4108 400 4175 τούτων
436 4109 638 4190 ὀλιγωρήσετε
670 4110 742 4174 θκνῶ
778 4108 822 4188 μὲν
858 4107 993 4188 μήταιυς
1029 4111 1154 4189 torre
1189 4103 1335 4192 ςρατεία

127 4217 267 4293 νένήται.
301 4215 364 4280 εἴτε
393 4215 455 4295 yolo
489 4217 571 4295 ὑμῶν
601 4218 657 4291 τήν
689 4216 801 4281 ἐκείνου
834 4218 935 4289 κακῶς
967 4218 1128 4282 ποιούντων
1152 4219 1321 4296 ὑπομείνας

129 4327 216 4388 τοῦτο
233 4322 385 4387 Ὄλυνθον
403 4323 621 4402 παραςήσεται
641 4321 747 4406 ῥᾳδίως
766 4319 816 4385 ἐπὶ
838 4321 893 4396 τήν
913 4323 1026 4388 οἰκείαν
1039 4324 1130 4388 ἐλθὼν
1142 4326 1323 4413 ἀμυνεῖται,
