3034 4970
636 235 699 312 sse

85 433 230 501 intaotnm
259 431 400 516 reliquit.
446 431 572 497 Sciebat
603 436 712 498 tamen
741 435 775 497 in
803 433 896 500 libris
919 434 1068 499 omnibus
1093 471 1133 481 -
1158 459 1260 506 σονσεο

86 547 110 606 et
143 577 183 590 -
217 563 327 610 σοντες
362 544 486 624 praeter
520 542 658 604 auctoris
692 542 882 605 sententiam
912 547 969 606 ant
998 544 1106 606 eontra
1137 542 1262 608 dicendi

85 647 162 735 leges
181 651 331 733 perpetuo
354 644 513 710 confundi.

121 752 270 818 Eiusdem
301 753 348 816 rei
376 752 501 837 insigne
532 749 716 836 exemplum
743 755 792 816 est
815 772 888 839 pag.
914 750 990 817 515.
1016 752 1262 829 νεοσερνσίίνσων

87 859 191 924 tireio
216 856 271 933 ἔξω
295 862 349 922 τοῦ
372 857 496 935 Ταύρου
519 856 570 920 διὰ
595 857 629 921 τὸ
654 858 726 935 πρὸς
751 860 987 923 ἈΛΛΗΛΟΙΟ
1012 853 1088 922 εἶναι
1113 858 1182 930 τοὺς
1207 866 1262 934 τῆς

88 966 188 1044 Συρίας
230 963 283 1028 καὶ
325 967 382 1035 τῆς
425 961 549 1037 Μηδίας
588 962 755 1039 βασιλέας.
802 963 924 1029 Verum
957 964 1058 1048 vidit,
1093 969 1131 1028 ut
1165 963 1262 1038 solet,

87 1069 235 1157 Tyrwhitt
266 1069 456 1134 emendans:
489 1068 539 1132 διὰ
569 1068 604 1133 τὸ
635 1070 708 1147 πρὸς
736 1072 918 1135 ”Ansere
948 1065 1043 1146 εἶναι,
1075 1069 1160 1154 quod
1184 1069 1264 1135 Kre-

86 1197 163 1242 msro
187 1197 379 1258 ,ροισρονορονο
401 1173 544 1251 ονσίοίοί,”
563 1174 618 1239 sed
637 1179 744 1239 tamen
765 1175 938 1240 absurdum
959 1174 1107 1250 ἀλλήλοις
1129 1173 1264 1240 fideliter

87 1285 199 1350 retinet.
244 1280 374 1348 Poterat
404 1285 512 1346 tamen
541 1281 727 1345 meminisse
761 1280 839 1345 haee
873 1301 996 1364 quoque
1027 1284 1200 1348 sexcenties
1229 1284 1264 1346 in

86 1387 164 1454 libris
193 1391 277 1453 inter
308 1408 341 1453 se
371 1388 553 1471 permisceri
580 1384 684 1450 ἄλλων
709 1423 751 1434 -
775 1387 935 1460 αλλήλων,
962 1385 1069 1458 ἄλλοις
1097 1425 1140 1436 -
1165 1389 1265 1464 οίλλνί-

87 1510 150 1568 οοις.
195 1493 392 1559 simillimus
423 1491 512 1558 loeus
541 1491 662 1578 legitur
692 1513 767 1579 pag.
792 1490 868 1556 669.
902 1492 974 1572 πρὸς
998 1491 1105 1573 ἑτέροις
1131 1493 1157 1558 δ’
1180 1492 1262 1568 ὄντες

87 1609 139 1672 τοῖς
168 1599 324 1680 ἐγγυτέρω
350 1636 392 1646 -
416 1599 477 1679 οὐχ
507 1591 561 1662 οἷοί
583 1599 612 1662 τ’
636 1594 713 1672 ἦσαν
737 1597 780 1662 σοὶ
803 1595 949 1676 ἀπωτέρω
974 1605 1108 1663 σκοπεῖν.
1134 1609 1166 1664 et
1188 1620 1262 1687 pag.

89 1705 152 1770 456.
176 1708 248 1786 πρὸς
273 1704 381 1776 ἄλλοις
405 1703 538 1785 μείζοσιν
562 1703 600 1767 bv
625 1703 780 1768 κατέλυσε
803 1703 854 1767 τὸν
877 1703 956 1781 βίον.

126 1811 268 1877 Tertium
294 1811 375 1876 addo
401 1831 475 1897 peg.
507 1809 583 1874 581.
616 1817 681 1874 erat
712 1809 840 1895 (inquit)
869 1816 988 1893 patrum
1020 1817 1184 1874 nostrorum
1207 1833 1265 1873 νοσ-

87 1919 170 1982 οοοσὶο
200 1919 337 2000 8οορσννοο
367 1917 476 1980 nobiti-s
506 1917 606 1981 νοίοίο
635 1917 830 1993 medieorum,
862 1918 912 1979 νῦν
943 1916 969 1980 δ’
993 1917 1052 1996 οὐχ
1078 1917 1195 1993 treolae
1218 1922 1264 1980 Ti

89 2023 254 2102 συμβαίνει.
290 2022 487 2088 Felicissime
506 2019 634 2088 Comes:
657 2025 716 2105 οὐχ
736 2023 843 2099 ὁμοίως
857 2024 946 2086 ”erl
959 2031 1140 2098 σνμΜΕνεο.
1178 2032 1266 2099 Σομ-

89 2129 182 2206 eatae
213 2134 244 2195 et
275 2129 424 2207 συμμένει
451 2130 549 2193 etiam
573 2128 651 2194 alibi
673 2149 736 2196 non
759 2148 847 2213 raro,
870 2127 956 2213 apud
978 2126 1167 2194 Strabonem
1190 2149 1265 2214 qno·

89 2257 157 2320 qne,
184 2237 312 2303 confusa
333 2237 551 2321 reperiuntur,
576 2239 613 2299 ut
632 2256 705 2324 pag.
731 2233 808 2300 693.
833 2242 1002 2312 συμμεῖναι
1026 2271 1068 2284 -
1092 2235 1264 2314 συμβῆναι.

88 2361 154 2429 pag.
176 2341 239 2408 595
264 2342 468 2419 συμμένουσνν
493 2377 534 2390 -
560 2341 793 2420 συμβαίνουσιν.

128 2447 252 2534 Propria
285 2447 383 2514 verba
417 2452 492 2514 sunt
526 2449 558 2511 in
590 2446 645 2512 tali
678 2468 712 2513 rs
743 2448 893 2527 σομμίνεο
926 2454 959 2515 et
989 2447 1034 2514 ἔσο
1057 2447 1207 2526 coppim
1232 2453 1265 2513 et

89 2554 165 2639 apud
190 2554 268 2621 alios
297 2558 330 2619 et
362 2554 447 2639 apud
475 2551 664 2619 Strabonem
693 2555 797 2622 veluti
830 2577 903 2643 pag.
940 2553 1016 2620 300.
1053 2555 1105 2620 καί
1138 2559 1188 2618 νῦν
1220 2551 1264 2618 ἔτι

89 2662 235 2737 οομμίνεν.
267 2665 300 2726 et
330 2679 405 2746 pag.
438 2658 513 2724 646.
545 2659 580 2723 rt
612 2664 662 2724 νῦν
692 2659 737 2724 ἔσο
765 2663 930 2747 σομμένον.
957 2667 990 2726 et
1017 2682 1092 2748 peg.
1118 2658 1193 2725 388.
1219 2656 1265 2723 ἔσο

88 2768 205 2845 μετρίως
227 2766 392 2845 capesse,
417 2771 449 2831 et
472 2765 545 2832 aliis
567 2765 656 2831 lonis.
693 2765 814 2834 Tamen
835 2774 920 2833 certa
939 2768 1118 2833 emendatio
1136 2785 1199 2832 non
1218 2771 1266 2831 est

89 2879 211 2958 recepta.
256 2873 414 2938 Laudatur
437 2879 465 2936 et
487 2873 576 2956 οίροί.

130 3081 249 3151 Sibero
276 3104 351 3172 pag.
376 3081 454 3149 553..
479 3081 665 3170 (Homerus)
687 3083 740 3149 καὶ
764 3081 870 3155 ἄλλως
893 3081 1066 3165 ‘serpere
1090 3079 1169 3162 ἔχων
1194 3079 1266 3162 πρὸς

92 3187 124 3250 οἶν
150 3199 208 3263 τοῖς
241 3198 393 3267 ποταμοῖς
418 3190 616 3270 ἀφορίζεσθαι
641 3191 709 3261 σοὺς
734 3189 856 3262 τόσους.
904 3189 994 3255 Duae
1015 3187 1161 3253 literuloe
1186 3189 1268 3253 exei-

93 3292 210 3361 derunt:
242 3297 356 3362 Strabo
385 3298 470 3362 enim
500 3294 706 3376 Ετεσνφίρονς
730 3296 864 3362 dixerat.
891 3296 1198 3379 Frequentiesimum
1221 3299 1269 3359 est

93 3401 257 3484 εὐεσίφορον
289 3399 366 3468 εἶναι
391 3409 423 3468 et
444 3404 632 3484 εὐεσνφίρως
657 3403 741 3484 ἔχειν
765 3402 804 3468 de
827 3423 864 3468 eo
887 3405 942 3487 qui
965 3401 1043 3486 quid
1064 3401 1210 3467 lubenter
1233 3421 1269 3466 ao

93 3523 174 3592 saepe
194 3509 297 3575 dicere
322 3514 378 3576 ant
399 3510 500 3575 iecere
522 3509 611 3575 solet.
656 3508 777 3574 lterum
802 3509 840 3574 de
858 3508 1001 3574 Homero
1021 3506 1099 3572 dicit
1118 3527 1191 3594 pag.
1213 3506 1269 3572 28.

92 3611 265 3696 εὐεσίφίρος
295 3613 375 3694 ἔχει.
429 3613 529 3702 Saepe
558 3615 628 3682 vidi
660 3617 778 3681 scribas
812 3618 858 3680 sio
892 3621 1031 3680 errantes
1062 3615 1099 3678 in
1132 3611 1270 3679 Scholiis

93 3713 208 3786 Venetis
230 3723 271 3788 ad
292 3722 438 3788 Iliadem.

135 3925 207 4018 Pag.
232 3929 307 3997 555.
333 3933 389 4007 etv
413 3932 470 4008 μὲν
493 3926 541 3998 οὖν
565 3932 676 4013 μικρὸν
697 3931 862 4010 Ἀρμενίαν
881 3928 994 3994 ἄλλοτ’
1014 3926 1118 3994 ἄλλον
1138 3930 1271 4012 ἐχόντων

94 4035 159 4099 ‘sse
188 4038 348 4114 ἐβούλοντο
378 4041 522 4116 Ῥωμαῖον
566 4042 634 4105 imo
664 4058 739 4104 vero
764 4054 844 4112 Quos
867 4037 998 4101 Romani
1020 4037 1169 4122 οοίοίοονί,
1189 4043 1272 4102 OTC

97 4137 245 4212 ἐβούλοντο
265 4147 419 4221 Ῥωμαῖον.
441 4150 479 4209 ut
497 4167 571 4232 pag.
594 4143 670 4210 398.
690 4145 848 4223 τυράννους
869 4146 972 4213 αὐτοῖς
995 4145 1172 4217 κασίςνσαν
1189 4153 1244 4209 OT
1250 4153 1272 4208 C

98 4243 112 4306 ί
142 4247 285 4324 βασιλεὺς
321 4250 479 4328 ἐβούλετο.
517 4257 551 4316 et
583 4271 656 4338 pag.
694 4249 770 4315 312.
808 4249 866 4314 ὑπὸ
897 4256 960 4319 σοῖο
991 4255 1050 4314 τῶν
1080 4255 1272 4332 Βοσπορανῶν
1378 4256 1383 4265 ’

97 4349 287 4440 βασιλεῦσίν,
316 4367 399 4422 OTC
424 4356 461 4422 tv
485 4360 628 4436 Ῥωμαῖον
654 4359 871 4436 κασαςνίσωσνν
894 4353 1024 4421 ἅσανσοί
1047 4357 1118 4428 see.
