3034 4970
654 243 719 314 233

114 455 163 502 nou
182 437 324 513 cadebat,
349 446 386 501 ut
409 443 471 500 tom
494 436 622 521 quidem
641 436 740 524 vulgo
762 443 981 523 opinabantur.
1016 439 1052 504 ln
1072 441 1279 525 simplicitate

112 547 225 628 antiqua
247 547 318 629 quis
341 543 469 607 tandem
493 544 526 606 in
552 543 609 607 tali
631 565 665 608 re
688 543 889 610 offendisset?

148 650 248 714 Unum
272 671 310 714 er
333 648 432 713 Iliada
455 648 561 712 locum
586 649 710 712 addam.
758 650 892 737 Legitur
914 660 953 714 T.
981 648 1058 715 318.

230 755 372 830 κρείσσων
398 750 439 823 εἷς
466 753 568 830 ἐμέθεν
594 754 645 817 uel
672 755 813 833 Φέρπερος
838 758 891 820 οὐκ
915 757 1018 832 ὀλίγον
1043 779 1099 835 περ

230 861 339 940 ἔγχει,
364 861 425 938 ἐγὼ
449 859 482 924 δέ
506 883 540 923 κε
564 868 626 925 σεῖο
650 863 783 936 actuari
807 887 845 938 γε
870 862 1083 939 προβαλοίμην

230 965 360 1039 πολλόν,
385 965 451 1030 έπεὶ
476 967 614 1046 πρότερος
638 966 773 1041 γενόμην
795 969 847 1032 uui
873 969 998 1031 πλειόνκ
1024 963 1105 1030 olda.

108 1067 225 1134 laudans
244 1072 329 1136 hunc
350 1092 479 1136 versum
498 1071 654 1136 Aristides
674 1072 740 1150 περὶ
762 1078 815 1136 ποῦ
836 1073 1111 1152 salamonem
1133 1070 1224 1136 Tom.
1238 1070 1278 1134 Π.

109 1195 170 1263 pag.
201 1175 275 1242 499.
299 1176 394 1241 Dind.
421 1177 523 1242 addit:
549 1179 574 1242 οἱ
599 1183 717 1256 Φκῦλοι
743 1186 800 1243 τῶν
824 1183 1054 1258 γροοριροκπιςᾶν
1077 1177 1279 1254 λυρικίνονπκι

108 1283 142 1358 τῷ
170 1281 251 1356 ἔπει,
283 1275 310 1347 οἳ
337 1284 371 1346 τὸ
403 1291 589 1348 ΠΟΛΛΟΝ
615 1285 799 1348 ἀπολύουσιν
822 1289 883 1350 ἀπὸ
909 1291 962 1350 τοῦ
986 1285 1144 1364 προτέρου.
1169 1282 1280 1360 ἄγονοι

108 1385 128 1448 δ’
155 1389 203 1450 ἐπὶ
235 1388 277 1453 τοὶ
305 1387 393 1466 ἑξῆς,
417 1385 455 1452 ὧν
479 1391 603 1464 lipsiam
628 1393 711 1454 κοντοὶ
734 1395 787 1462 ‘rico
812 1397 865 1455 τοῦ
892 1389 980 1462 ἔπους
1004 1392 1113 1469 ἀρχήν.
1161 1389 1282 1454 Eadem

106 1512 147 1556 res
173 1495 286 1559 multis
314 1509 582 1561 commemoratur
613 1499 646 1560 in
677 1495 831 1562 Scholiie:
856 1497 1094 1573 exspatiant
1119 1495 1280 1572 διοιβόηποι

106 1598 236 1676 dotauit
261 1604 277 1673 ἡ
303 1602 344 1670 εἰς
368 1603 403 1665 πὸ
428 1601 716 1678 προβαλοίμην
741 1605 793 1666 acci
814 1604 1006 1681 οὶνοιφέρετοιι
1028 1604 1069 1670 εἷς
1089 1601 1281 1677 ’carraxata

106 1701 177 1781 Quid
196 1707 324 1772 tandem
348 1708 508 1790 permovit
532 1707 723 1772 Aristoclem
746 1715 784 1772 ut
809 1715 873 1772 tam
894 1714 1033 1773 coactam
1055 1713 1087 1772 et
1106 1715 1281 1770 contortam

104 1810 260 1876 verborum
274 1814 534 1896 compositionem
548 1812 686 1878 naturali
699 1834 735 1878 ac
747 1813 889 1898 simplici
906 1815 1124 1898 anteponeret?
1159 1811 1282 1895 Nempe

104 1914 296 1984 ’ΛΠΡΕΠΕΟ
327 1918 410 1983 δοκεῖ
438 1920 521 1998 αὐτῷ
547 1918 581 1982 τὸ
615 1918 769 1983 πολλόν
804 1929 866 1992 τοῖς
896 1919 1072 1997 ἡγουμένοις
1096 1920 1280 1994 οννοὶππειν,

102 2031 275 2109 poteratque
306 2045 343 2089 ea
369 2045 418 2090 res
441 2024 563 2089 Achilli
585 2025 750 2109 displicere
775 2032 831 2090 aut
854 2026 955 2092 bilem
980 2045 1117 2090 movere.
1168 2021 1282 2090 Gram-

102 2131 283 2194 maticorum
303 2131 510 2196 deliramenta
527 2131 604 2195 baec
623 2136 698 2196 suut
714 2151 750 2196 eo
771 2135 914 2218 turpiora
933 2151 995 2217 quo
1015 2132 1161 2216 pluribus
1177 2150 1282 2194 exem·

101 2231 155 2315 plis
172 2237 335 2302 constabat
353 2237 422 2308 τοὺς
444 2235 540 2312 ἥρωος
560 2238 593 2300 in
613 2248 714 2301 semet
734 2240 811 2322 ipsis
830 2238 996 2302 laudandis
1011 2247 1159 2302 naturam
1172 2241 1277 2326 magis

102 2350 214 2406 secutos
235 2363 331 2426 quem
355 2341 521 2407 artificiose
544 2342 731 2408 simulatam
753 2344 952 2410 modestiam.

139 2444 286 2513 Scholion
315 2449 355 2513 ad
387 2447 500 2535 odyss.
532 2458 568 2514 Γ.
605 2447 682 2516 337.
714 2452 761 2514 ita
791 2451 1066 2516 constituendum:
1100 2451 1203 2531 χρεῖός
1229 2474 1278 2526 μοι

98 2550 261 2626 ὀφέλλεται
285 2553 349 2618 οὔτι
373 2553 434 2618 νέον
457 2579 496 2632 γε
520 2555 580 2620 οὐδ’
605 2555 725 2631 ditiaco:
750 2564 934 2621 AICXPON
959 2558 1021 2634 γὰρ
1045 2557 1079 2620 τὸ
1103 2559 1200 2623 δοκεῖν
1224 2557 1276 2622 διὰ

98 2654 199 2740 βραχὺ
231 2659 372 2740 ἀργύριον
404 2662 683 2734 οὶποιλλοὶππεοέκι,
707 2664 829 2727 mirum
852 2665 888 2727 ni
911 2663 1080 2742 ἀργυρίδιον
1104 2664 1265 2748 scripserit

97 2767 129 2826 ut
150 2771 196 2830 est
218 2773 287 2831 tota
308 2766 583 2832 observatiuncula
604 2768 732 2842 εὐτελὴς
757 2771 809 2831 κον)
835 2769 1001 2849 νεωτερικέ.

139 2869 248 2958 Odyss.
283 2881 320 2936 H.
353 2871 430 2936 233.
463 2875 510 2944 τίς
535 2897 580 2936 ποι
604 2875 681 2938 coila
705 2871 813 2949 ἄκοντ’
837 2874 962 2948 tionem
990 2879 1175 2940 annotatur:
1203 2874 1286 2950 δοκεῖ

98 2974 153 3039 τισὶ
183 2979 461 3057 μικροπρεπὲς
494 2979 546 3044 tal
579 2980 773 3044 ταπεινὸν
804 2982 838 3044 τὸ
871 2983 925 3057 τὴν
957 2983 1088 3061 Ἀρήνην
1120 2981 1206 3060 ποιροὶ
1230 2984 1283 3044 ποῦ

98 3079 174 3156 ξένον
199 3091 314 3163 πρῶτον
339 3084 405 3161 περὶ
430 3093 485 3157 τῆς
511 3086 632 3159 ἐσθῆτος
658 3088 873 3151 novacaesar.

140 3187 223 3268 Quid
254 3197 363 3255 contra
394 3198 524 3258 naturae
556 3197 781 3280 congruentius
805 3209 868 3268 est,
894 3193 971 3278 quid
995 3197 1213 3256 matronarum
1236 3193 1282 3255 in·

99 3297 188 3379 genio
211 3295 471 3363 convenientius?
504 3297 629 3386 Regina
653 3301 793 3386 Aegypti
817 3304 849 3363 et
872 3298 1038 3384 opulentae
1058 3297 1283 3362 Alexandrino·

97 3421 166 3466 rum
188 3427 302 3472 uxorea
325 3406 403 3472 talia
421 3426 483 3471 non
502 3407 670 3472 curabant:
691 3407 784 3472 facile
807 3406 915 3480 credo,
937 3406 991 3469 sed
1011 3405 1088 3490 quid
1108 3405 1147 3469 ad
1165 3402 1284 3468 Home-

98 3508 186 3574 rum?
232 3511 445 3594 recuperatis
490 3521 521 3578 et
563 3512 706 3577 ταπεινόν
753 3510 908 3579 vocabula
949 3517 1024 3576 sunt
1066 3511 1283 3596 arrogantium

100 3615 284 3684 aulicorum.

141 3720 254 3810 Odyss.
280 3733 318 3789 H.
345 3723 422 3791 311.

209 3831 235 3893 εἰ
261 3833 339 3910 γάρ,
365 3837 424 3896 Ζεῦ
449 3855 485 3895 πε
510 3830 608 3910 ποέτερ
633 3831 686 3896 καὶ
712 3831 856 3906 ’Λέκνοιέιρ
881 3831 934 3896 aa>
955 3833 1130 3902 Ἄπολλον,

210 3943 287 4006 ποῖος
313 3939 365 4001 ἐὼν
389 3933 446 4008 οἷός
471 3939 553 4014 ἐσσι,
579 3939 680 4002 τρέπε
704 3941 833 4016 Φρονέιιν
857 3939 895 4007 ὡς
916 3937 975 4013 ἐγώ
1000 3961 1070 4016 περ,

212 4044 314 4106 natta
339 4045 367 4107 τ’
392 4044 467 4117 tcto
491 4043 603 4122 ἐχέμεν
628 4044 680 4107 texi
706 4046 777 4118 ἐμὸς
801 4044 947 4123 γαμβρὸς
973 4042 1151 4110 κοολέεοέοιι.

98 4148 165 4215 τοὺς
200 4143 234 4224 ἓξ
265 4147 472 4233 (tlt-316)
504 4152 687 4228 Ἀρίςκρχος
720 4149 836 4230 διςέζει
862 4151 996 4226 Ὀμήρου
1020 4146 1106 4214 εἷνκι.
1133 4149 1157 4214 εἷ
1181 4148 1210 4214 δέ
1233 4149 1285 4214 acci

99 4255 257 4330 Ὁμηρικοὶ
289 4256 336 4342 (id
366 4261 425 4322 est·
445 4256 561 4320 etiamsi
582 4257 689 4342 forma
713 4263 741 4319 et
764 4257 860 4320 cerdis
881 4257 990 4320 similia
1011 4263 1081 4320 ονοκέ
1104 4256 1282 4334 Homericis,

99 4365 217 4429 etamsi
245 4387 380 4430 νοοονκνν
411 4363 632 4428 Homericam
661 4362 781 4446 pectem
804 4364 954 4454 raserunt)
979 4364 1101 4434 εἰκότος
1125 4361 1177 4448 (ἂν
1200 4362 1284 4452 add.)
