3086 4968
678 271 741 345 tel

110 465 259 535 Dobraeo
286 470 443 536 videntur.
493 469 651 556 Equidem
673 491 737 536 uns
758 470 857 536 litura
880 469 1061 537 deleverim.
1111 470 1215 552 Quam
1240 469 1300 541 fer-

110 575 188 641 vida
220 581 296 641 sunt
318 579 422 663 priora
446 598 544 662 usque
571 579 611 642 ad
635 578 684 640 ἐπὶ
710 578 765 651 την
792 575 937 649 Ἀττικὴν
961 576 1107 656 ἐπορεύεθ’
1134 575 1299 660 ἅνθρωπος,

110 687 179 747 tam
221 683 342 770 frigent
375 667 517 770 reliques
577 682 613 748 Si
646 683 815 769 Philippus
849 684 963 748 infesto
998 685 1139 748 exercitu
1171 686 1299 769 petebat

108 789 272 866 Athenas,
305 809 401 874 quam
433 790 561 855 fatuum
583 795 632 854 est
655 791 768 856 addere
792 812 879 868 „noo
902 797 966 854 eret
989 790 1117 874 amplios
1138 813 1186 854 τοι
1208 791 1298 855 ambi·

105 919 185 980 ριια,
211 897 265 959 sed
286 895 418 960 instabat
442 895 578 959 θοθθιινι.”
625 895 694 975 Quo
715 900 825 983 patto,
850 916 982 981 quaem,
1006 896 1136 960 instabat
1159 895 1296 976 bellum,

108 1004 196 1092 quod
219 1001 391 1087 Philippus
413 1023 541 1068 summe
562 1005 597 1069 vi
620 1022 730 1090 gerere
753 999 891 1069 dieitur?

155 1212 240 1299 Pag.
267 1207 344 1277 277.
369 1209 400 1276 2.
425 1209 606 1290 προβληθεὶς
620 1210 815 1296 ,πυλαγόρας
835 1206 919 1282 οὗτος
942 1209 1024 1296 [καὶ]
1045 1217 1129 1292 τριῶν
1150 1212 1167 1287 ἢ
1187 1209 1300 1275 πεττοῖ-

109 1342 164 1397 ρων
198 1315 475 1399 χειροτονησάντων
505 1318 597 1381 αὐτὸν
624 1317 775 1396 ιὶνερρηθη.
831 1314 866 1382 Si
889 1316 949 1383 hoo
972 1337 1047 1405 ages
1070 1317 1162 1383 facile
1184 1319 1301 1383 senties

106 1424 283 1491 molestam
308 1422 454 1508 copulam
478 1424 619 1510 expungi
642 1428 793 1508 oportere.

153 1636 237 1724 Pag.
264 1630 341 1700 277.
367 1631 397 1698 3.
421 1635 460 1704 ὥς
484 1633 514 1698 δὲ
529 1669 570 1681 -
584 1632 717 1713 ἄφίκετο
737 1634 780 1704 εἷς
801 1631 871 1707 τοὺς
892 1631 1125 1714 Ἀμφικτύονας
1139 1672 1180 1683 -
1193 1635 1299 1715 θνθρῶ-

108 1766 184 1814 πους
220 1741 363 1821 οῖπείρους
395 1739 495 1817 λόγων
528 1738 580 1802 καῖ
613 1743 646 1804 τὸ
677 1738 792 1816 μέλλον
820 1740 853 1804 σθ
877 1739 1093 1820 προορωμένους
1120 1742 1205 1828 [τοὺς
1229 1741 1300 1820 ἱερο-

105 1848 286 1931 μνήμονας]
322 1847 418 1911 πείθει
452 1845 655 1926 ψηφίσασθαι
690 1847 856 1925 περιελθεῖν
887 1846 942 1920 την
973 1849 1087 1926 χώραν.
1141 1847 1213 1913 Non
1236 1867 1299 1912 uno

105 1958 303 2043 argumento
326 1955 470 2037 ineptum
491 1950 649 2016 emblema
669 1953 826 2039 arguitur.
864 1951 1014 2017 Primum
1033 1952 1170 2017 alienam
1190 1953 1298 2018 sedem

105 2066 263 2148 occupat:
298 2059 411 2124 deinde
438 2078 501 2122 non
526 2057 607 2122 solos
631 2058 847 2136 ἱερομνήμονος
871 2058 924 2123 sed
948 2057 1166 2140 οῖμφιιιτθονας
1189 2079 1299 2124 omnes

107 2167 161 2253 (id
193 2171 240 2230 est
272 2171 304 2230 et
335 2166 552 2246 ἱερομνήμονας
584 2168 615 2229 et
646 2164 843 2245 πυλαγόρας)
881 2185 1128 2231 commemorare
1155 2163 1298 2230 debebat.

107 2273 176 2340 Sed
207 2272 290 2337 nihil
323 2277 390 2338 erat
422 2291 515 2360 opus,
544 2271 619 2354 quie
640 2271 736 2336 modo
760 2270 883 2337 dixerat
906 2272 1039 2354 θφῖκετι
1063 2273 1104 2342 εἰς
1128 2269 1198 2343 τοὺς
1220 2274 1299 2348 Ἀμ-

105 2380 292 2464 Φικτύονας.

155 2591 237 2678 Peg.
261 2586 339 2653 285.
363 2585 417 2653 20.
443 2589 469 2652 εῖ
493 2585 524 2650 δὲ
550 2585 724 2672 (παρελθεῖν
748 2586 819 2672 ἔδει)
842 2589 911 2662 τοὺς
937 2590 988 2655 καῖ
1013 2587 1114 2661 εὔνους
1138 2598 1176 2670 τῇ
1208 2586 1297 2652 πθλει

108 2696 163 2761 καὶ
197 2694 359 2766 πλουσίους
394 2691 546 2781 (ἐβάδιζον
578 2693 616 2760 θιν
648 2694 697 2758 ἐπὶ
731 2695 765 2758 τθ
795 2695 901 2782 βῆμα)
935 2697 960 2760 οἱ
994 2694 1078 2771 μετὰ
1109 2699 1214 2759 ταῦτα
1238 2692 1298 2762 τθις

107 2801 261 2882 μεγάλας
295 2785 442 2873 ἐπιδόσεις
476 2799 628 2873 ἐπιδόντες
662 2800 729 2883 [καὶ
762 2810 839 2865 ΓΑΡ
868 2801 968 2883 εὔνοι’ρι
991 2801 1042 2864 καὶ
1068 2800 1190 2881 πλιθτιρ
1214 2799 1298 2864 τοῦτ’

108 2907 285 2994 ε’ποῖησαν].
335 2905 439 2986 Quam
468 2909 611 2971 risissent
641 2905 848 2972 Athenienses
878 2909 904 2972 οῖ
936 2907 1059 2970 πάντων
1084 2905 1226 2984 θξύτατοι
1254 2901 1298 2968 τθι

107 3015 239 3100 ῥηθέντος
263 3019 394 3091 γνῶναι,
419 3015 447 3078 si
470 3014 540 3098 quis
562 3012 640 3078 haec
663 3014 744 3078 serio
768 3012 950 3079 addidisset.

155 3226 237 3312 Pag.
263 3222 339 3288 286.
365 3222 418 3288 20.
440 3221 590 3300 βούλεται
605 3223 730 3294 -τοὺς
754 3224 810 3300 μὲν
835 3223 943 3288 ἑωυτοῦ
963 3224 1072 3304 Φῖλους
1094 3225 1205 3303 ἐπᾶραι
1229 3223 1296 3308 [καὶ

110 3335 231 3413 θρασεῖς
266 3332 420 3411 ποιησαι],
453 3329 522 3401 τοὺς
556 3329 581 3392 δ’
611 3327 853 3406 ἐναντιουμένους
879 3327 1094 3404 καταπλῆξαι.
1141 3327 1298 3414 Superva-

108 3460 207 3506 cuum
240 3437 492 3502 additamentum
522 3433 585 3500 loci
619 3437 812 3500 concinnitas
845 3438 977 3520 respuit.
1024 3436 1175 3515 Ἐποῖραι,
1213 3436 1297 3520 quod

106 3549 216 3632 ipsum
249 3541 408 3629 signifieat
432 3543 551 3621 θρασεῖς
577 3547 717 3614 ποιῆσαι,
741 3548 810 3605 tam
832 3540 919 3606 male
940 3541 1018 3607 haec
1039 3541 1136 3608 verba
1159 3542 1221 3606 sibi
1244 3542 1298 3606 ad-

107 3652 176 3717 dita
208 3648 305 3713 habet
337 3668 374 3712 ae
396 3649 424 3711 si
446 3650 480 3710 in
503 3667 569 3731 sqq.
595 3647 800 3711 scriberetur:
824 3646 1028 3722 καταπλῆξαι
1052 3646 1104 3711 καὶ
1130 3649 1171 3720 εῖς
1196 3647 1297 3726 Φόβον

108 3763 304 3830 καταςησαι.
353 3747 517 3818 Concitata
540 3754 640 3819 oratio
663 3752 744 3816 hane
767 3754 992 3818 verbositatem
1015 3774 1077 3818 non
1101 3754 1255 3818 admittit.

152 3862 322 3926 Praeterea
353 3858 405 3923 καὶ
438 3859 555 3937 θρασεῖς
587 3866 711 3934 ποιῆσαι
741 3859 777 3923 in
807 3858 898 3923 libris
920 3864 1027 3924 mutat
1049 3852 1174 3938 loeumj
1199 3865 1237 3926 ut
1260 3870 1296 3927 ea

107 3969 210 4037 solent
232 3987 312 4052 quae
336 3967 370 4030 in
393 3967 539 4052 margine
561 3964 640 4030 olim
664 3964 822 4050 adscripta
845 3952 982 4029 fuerunt.

153 4179 236 4266 Peg.
269 4175 346 4244 287.
379 4175 434 4241 20.
469 4175 500 4241 τι’
531 4169 580 4240 οὖν
610 4173 695 4255 Φημὶ
730 4175 808 4249 δεῖν;
842 4180 956 4254 πρῶτον
986 4175 1042 4251 μὲν
1073 4175 1124 4239 τὸν
1158 4177 1296 4256 παρόντα

109 4288 268 4351 ἐπανεῖναι
294 4281 410 4365 φόβον,
426 4321 468 4331 --
482 4281 579 4346 ἔπειτ’
601 4279 779 4357 ἐξελθόντας
796 4318 835 4328 -
851 4279 947 4357 δεῖξαι
968 4285 1062 4346 ποῖοιν
1083 4283 1164 4360 ὑμεῖς
1185 4286 1296 4360 αὐτοὺς

110 4392 188 4479 (leg.
214 4390 264 4454 καῖ
289 4389 414 4476 αὐτοὺς)
438 4391 468 4452 ἐν
488 4395 550 4460 τοῖς
571 4384 674 4460 ὅπλοις
696 4383 790 4467 εἶναι,
806 4425 844 4438 -
861 4388 946 4465 μετα
966 4393 1069 4453 ταῦτα
1088 4401 1298 4470 χειροτονῆσαι

1127 4499 1155 4542 οι
