3086 4968
810 241 874 322 496

291 445 371 537 Peg.
405 446 480 515 471.
517 446 571 512 22.
604 445 768 526 λογιζέσθω
801 441 846 510 θτι
880 443 946 525 περί
982 440 1073 522 νόμον
1104 441 1216 522 μέλλει
1247 443 1341 525 φέρειν
1369 439 1412 516 τήν

246 559 352 637 ψήφου
384 549 406 635 ᾧ
438 555 482 632 μή
513 552 632 618 λυθέντι
666 553 765 626 δεήσει
798 552 951 632 χρήσθλΙ.
999 549 1168 637 Languida
1198 550 1362 615 admodum
1389 553 1414 613 et
1515 607 1517 616 2

246 661 364 749 frigida
395 661 473 725 haec
506 659 662 724 sententia
693 664 741 722 est
770 679 806 722 ac
829 678 927 741 paene
950 658 1059 740 inepta
1082 656 1162 739 lepe,
1183 679 1261 740 quae
1282 656 1416 739 σινιίριιοθο

247 791 306 832 uon
334 767 390 845 eit,
421 767 469 830 cti
492 775 641 848 oportere,
666 764 720 829 sed
744 767 839 849 periit
861 761 976 829 vocula
998 763 1174 828 necessarie
1196 764 1243 825 sic
1267 759 1416 846 explenda:

248 874 347 948 δεήσει
370 874 514 954 χρήσθλί
542 869 646 948 ἈΕΙ,
673 872 772 935 etiam
795 871 851 935 ubi
873 868 1013 935 nolueris
1037 873 1069 932 et
1099 872 1208 934 contra
1239 889 1335 953 remp.
1363 885 1417 930 esse

246 979 451 1046 intellexeris.

291 1191 369 1277 Pag.
394 1186 472 1254 472.
493 1186 546 1254 20.
570 1186 740 1267 ἐπέρχεταί
758 1210 809 1264 μοι
832 1187 965 1267 πρώτους
988 1182 1135 1261 ἐξετάσαι
1156 1184 1227 1256 τοὺς
1249 1185 1283 1248 ἐκ
1303 1182 1418 1263 Κορίνθον

246 1296 429 1378 φΤρθντιις.
486 1294 565 1381 Leg.
605 1294 792 1375 φεύγοντας.
853 1292 1066 1378 Appellantur
1098 1293 1185 1356 enim
1221 1292 1333 1356 σοονθιο
1361 1307 1418 1374 pro

247 1404 368 1467 miscuo
392 1402 417 1466 οἰ
442 1401 585 1483 φυγάδες
610 1405 642 1465 et
669 1402 694 1464 σι’
719 1399 891 1482 φεύγοντες
912 1406 944 1464 et
964 1400 989 1464 οἰ
1010 1396 1261 1474 ἐκπεπτωκότες,
1279 1419 1338 1463 non
1354 1399 1421 1460 item
1518 1463 1519 1480 φ

247 1511 272 1574 οἰ
304 1508 470 1587 φυγόντες.
517 1506 642 1572 Passim
672 1506 749 1571 haec
778 1509 812 1570 in
835 1506 926 1571 libris
949 1508 1181 1590 permiscentur
1203 1510 1241 1569 ut
1262 1504 1420 1569 λείπειν-
1518 1493 1519 1530 ¹

248 1622 364 1691 λιπεῖν,
389 1613 522 1692 βάλλειν
544 1651 586 1661 -
604 1612 733 1690 βαλεῖν,
758 1610 850 1691 άγειν
870 1649 912 1660 -
930 1614 1070 1690 σίραηείν
1094 1615 1127 1675 et
1149 1613 1223 1676 sim.

293 1823 372 1913 Pag.
406 1820 481 1889 473.
515 1821 545 1886 2.
579 1821 714 1903 άνθῳξαν
736 1822 795 1894 τάς
821 1821 926 1894 πύλας
947 1859 987 1868 -
1007 1822 1059 1886 καί
1083 1819 1283 1903 εἰσέφρΟΤΝ
1307 1820 1339 1884 τὸ
1360 1814 1423 1898 spei·
1465 1811 1467 1818 ¹

249 1954 353 2010 τενμα
385 1931 436 1996 καί
470 1927 615 1994 διέσωσαν
648 1926 699 1992 καί
734 1929 817 2006 ὑμᾶς
853 1929 906 1992 καί
930 1926 1000 2000 τοὺς
1024 1925 1227 2008 συμμάχους.
1275 1925 1321 1992 De
1342 1923 1424 1990 verbo

249 2035 426 2119 εἰσφρὲσθαι
463 2041 495 2100 et
529 2033 746 2114 ἐπεισφρέσθαι
784 2032 955 2121 diligenter
992 2035 1123 2118 exposui
1157 2036 1192 2098 in
1233 2032 1302 2098 Ver.
1338 2031 1422 2095 decet.

248 2164 279 2227 p.
306 2139 371 2207 775
395 2163 460 2227 sqq.
494 2141 551 2205 nbi
579 2137 649 2205 h.l.
675 2139 908 2205 restituendum
932 2159 999 2205 esse
1023 2141 1284 2220 εἰσεφρΟΤΝΤΟ
1307 2140 1342 2204 τί
1363 2133 1424 2215 cpe·

249 2270 352 2325 τενμιι
377 2247 593 2320 ostendimus,
617 2251 655 2311 ut
679 2245 764 2332 apud
786 2244 973 2330 Euripidem
998 2244 1120 2333 legitur
1142 2249 1177 2310 in
1204 2247 1308 2309 Troad.
1335 2240 1403 2308 653.
1520 2317 1521 2338 φ

523 2351 591 2417 εἰσιν
617 2348 777 2432 μελάθρων
802 2350 913 2430 κομψά
938 2353 1060 2427 θηλειῶν
1086 2347 1145 2427 ἔπη

523 2460 576 2523 οθοο
607 2456 898 2540 εἰσεφρούμην.

251 2568 340 2632 etin
366 2566 486 2652 Opclope
509 2562 583 2631 235.

520 2671 590 2744 τοὺς
614 2667 707 2752 άρνας
742 2671 1002 2753 ἐξεφροῦντο.

295 2883 373 2970 Peg.
400 2878 473 2947 473.
504 2879 533 2948 7.
560 2879 663 2955 ἐπειδή
688 2880 719 2944 δὲ
744 2881 816 2959 πρὸς
841 2879 1103 2958 Λακεδαιμονίους
1126 2881 1222 2961 εἰρήνη
1244 2881 1329 2958 μετά
1349 2878 1428 2944 ταῦτ’

250 2988 371 3067 ἐγένετο
405 2989 433 3072 [ή
461 2987 511 3052 ἕπί
537 2986 752 3072 Ἀνταλκίδου]
779 2985 847 3050 οἰντί
872 2992 929 3051 τῶν
951 2983 1045 3066 ἔργον
1069 2986 1183 3051 τούτων
1209 2987 1266 3051 ὑπὸ
1289 2985 1428 3052 Λακεδαι-

249 3096 356 3174 μονίων
388 3091 541 3168 ἐξέπεσον.
589 3093 717 3158 Itruditi
747 3091 875 3158 lectoris
900 3092 1161 3157 annotatiuncula
1184 3099 1232 3158 est
1257 3095 1273 3167 ή
1297 3092 1345 3158 ε’τί
1369 3097 1429 3155 Ἀν-

250 3201 406 3266 τοιλνιίθον.
442 3199 514 3264 Non
539 3202 586 3264 est
609 3200 741 3263 oratoris
765 3197 842 3262 talia
866 3218 1134 3273 commemorare,
1160 3204 1193 3264 et
1211 3200 1295 3264 nihil
1314 3199 1429 3264 omnino

250 3309 326 3372 facit
358 3305 397 3371 ad
428 3326 506 3370 rem.
553 3303 623 3369 Hoc
656 3325 758 3368 unum
787 3307 855 3390 agit
878 3303 1106 3369 Demosthenes
1130 3310 1169 3368 ut
1190 3307 1334 3371 ostendat
1357 3306 1430 3369 ciues

251 3409 430 3478 Oon'nthios
464 3410 501 3474 de
532 3410 779 3475 Atheniensibus
813 3412 933 3495 optime
966 3413 1098 3474 meritos
1122 3412 1161 3475 oh
1185 3412 1218 3475 id
1244 3414 1348 3497 ipsum
1370 3413 1431 3496 post

250 3539 362 3604 pacem
385 3518 594 3601 compositam
619 3537 637 3582 a
664 3515 924 3582 Lacedaemoniis
948 3537 1015 3581 esse
1038 3519 1142 3601 patria
1165 3517 1320 3603 expulsos.
1360 3512 1433 3596 Quid

250 3625 380 3690 tandem
405 3622 562 3689 attinebat
587 3642 714 3686 narrare
737 3622 818 3687 hanc
843 3643 954 3708 pacem
976 3643 1042 3687 esse
1066 3623 1120 3695 τήν
1145 3623 1194 3687 ἐπ’
1219 3615 1431 3688 ’Λντοιλνιθονί

250 3731 418 3796 Praeterea
439 3733 477 3793 ut
500 3733 585 3792 recte
609 3726 776 3792 adderetur
802 3730 818 3804 ή
844 3727 892 3791 ἐπὶ
917 3728 1121 3793 Ἀντιιλκιῒον
1145 3730 1330 3814 praecedere
1353 3727 1431 3792 debe·

250 3836 322 3902 bat:
357 3834 458 3907 ἐπειδή
494 3833 524 3897 δὲ
556 3836 592 3897 Ἡ
625 3833 697 3914 πρὸς
731 3832 992 3912 Λακεδαιμονίους
1025 3835 1121 3914 εἰρήνη
1156 3823 1295 3910 ἐγένετο,
1327 3838 1361 3899 Ἡ
1389 3828 1429 3895 iri

252 3941 465 4007 Ἀνταλκίδου.
512 3939 637 4005 Nomen
661 3949 715 4015 τής
742 3941 791 4004 ἐπ’
815 3941 1018 4006 ’λντοολκίθον
1042 3941 1155 4020 εἰρήνης
1180 3947 1293 4006 notum
1317 3945 1381 4006 erat
1405 3941 1431 4000 et

252 4047 445 4114 celebratum
469 4045 553 4131 apud
578 4066 697 4111 omnes.
745 4046 921 4131 Xenophon
945 4046 1066 4111 Ηείθειι.
1092 4045 1129 4110 V.
1157 4048 1186 4109 1.
1213 4045 1266 4112 36.
1292 4049 1317 4111 οἰ
1340 4057 1432 4110 Acre-

252 4151 400 4230 δαιμόνιοι
421 4153 500 4216 πολὺ
521 4151 722 4232 ἐπικνδὲςεροι
744 4153 881 4231 ἐγένοντο
902 4155 935 4217 ἐκ
955 4160 1010 4228 τής
1034 4152 1082 4217 ἐπ’
1104 4153 1308 4218 'hereseon
1331 4149 1432 4229 εἰρήνης

253 4255 456 4332 καλουμένης.
504 4257 598 4342 Apud
630 4258 805 4326 Diodorum
838 4259 983 4326 Siculum
1013 4260 1069 4324 ubi
1093 4260 1131 4324 de
1155 4258 1215 4323 hac
1238 4279 1314 4344 pace
1334 4253 1434 4322 scribit

149 4439 152 4444 ¹
253 4357 338 4429 XIV.
373 4361 447 4426 110.
479 4361 669 4449 legendum:
704 4363 717 4427 θ
751 4364 903 4441 βασιλεὺς
929 4363 1107 4449 ἔφησεν-
1126 4372 1190 4438 τοῖς
1215 4366 1259 4444 μή
1283 4361 1434 4444 προσδεχν
