3034 4970
663 180 727 248 231

114 371 267 436 suaserint.
315 367 377 433 aad
409 368 486 453 quid
516 369 594 434 haec
625 373 732 435 omnia
757 370 907 436 adversus
930 371 1102 454 antiquam
1117 371 1151 434 in
1175 370 1234 436 tali
1256 393 1289 436 re

113 477 270 553 τιιρρνσίοιν
294 499 329 538 τε
353 474 405 537 aui
427 473 702 554 edtuppanacu'uaul
724 475 769 539 Ut
789 475 971 562 cogitabant
991 477 1038 539 ita
1057 479 1163 559 aperta
1181 475 1289 561 loque-

112 580 233 654 bantur,
265 587 298 645 et
329 599 390 664 quo
421 587 534 644 natura
566 581 701 646 ducebat
723 581 808 646 ultro
831 581 1042 664 sequebantur
1063 580 1144 644 nihil
1165 588 1289 666 praeter
1315 591 1327 616 ‘

111 688 200 750 animi
219 707 345 750 sensum
365 685 567 763 οὶκκιζόμενοι.
600 686 720 751 Deinde
741 690 863 750 πάντων
884 686 1148 765 ἀσυμφορώτατον
1168 687 1202 750 id
1222 689 1307 752 esse'

109 791 282 856 hominibus
306 794 374 856 vita
397 790 491 856 molli
516 800 548 856 et
571 792 707 858 delicata
727 797 759 858 et
779 790 942 856 luxuriosa
961 794 1118 856 enervatis
1137 792 1290 858 facillime

108 917 182 961 nuno
205 896 420 983 intelligimus
444 900 476 961 et
499 897 676 973 credimus,
703 898 756 963 sed
781 897 858 983 quid
878 897 1024 961 homines
1044 890 1095 961 οἷοι
1116 902 1166 961 νῦν
1184 900 1289 976 βροτοί

109 1001 187 1077 εἰσιν,
206 1008 238 1066 et
260 989 369 1086 quales
391 1006 467 1069 vivo
486 1002 671 1068 Aristarcho
692 1008 781 1069 erant
799 1006 833 1066 in
852 1002 1017 1088 Aegypto,
1037 1022 1111 1086 prae
1132 1003 1200 1068 illis
1222 1004 1288 1071 Ho-

108 1108 181 1170 meri
208 1104 374 1172 heroibus?
408 1106 500 1172 Nihil
530 1128 668 1192 prorsus.
717 1107 794 1188 Quis
824 1113 932 1172 autem
964 1106 1122 1173 Achillem
1147 1111 1286 1197 cogitare

108 1218 201 1296 potest
240 1215 342 1277 nimia
384 1212 502 1277 Venere
535 1212 726 1299 languidum
761 1219 793 1279 et
827 1214 1034 1298 quantumuis
1070 1216 1135 1279 aori
1168 1215 1286 1300 proelio

108 1315 218 1381 lassum
241 1324 273 1382 et
296 1315 472 1401 imparem?
507 1317 565 1382 Est
583 1318 643 1383 hoc
663 1319 879 1386 diversissima
899 1326 1040 1403 tempora
1058 1340 1093 1384 ae
1114 1341 1217 1386 mores
1239 1327 1283 1387 te·

108 1443 184 1487 unere
214 1423 433 1489 confundentis
491 1423 553 1488 Sed
583 1426 618 1487 in
652 1424 830 1490 Ptolemaei
859 1427 949 1511 regia
980 1427 1078 1490 etiam
1112 1425 1284 1491 fastidiosis

109 1527 307 1592 foeminarum
337 1529 467 1594 auribus
494 1534 562 1594 erat
584 1529 822 1595 consulendum.
868 1528 955 1595 Hinc
978 1532 1012 1594 in
1035 1529 1194 1617 Odysseae
1215 1552 1284 1598 ver·

110 1633 197 1699 siculo
221 1645 258 1698 0.
286 1632 364 1699 373.

275 1746 334 1804 τῶν
359 1737 481 1820 ἔφορόν
504 1742 533 1803 τ’
556 1737 639 1804 ἔπιόν
664 1765 698 1806 τε
724 1741 776 1805 xxi
803 1740 955 1807 οιῖδοίοισιν
979 1738 1091 1817 idota,

108 1865 142 1908 ne
161 1844 365 1911 mulierculae
384 1844 613 1911 offenderentur
633 1849 806 1912 commenti
827 1853 901 1911 sunt
920 1847 1125 1933 grammatici
1145 1845 1281 1932 aliquid,

108 1951 182 2033 quod
204 1951 331 2017 difficile
356 1958 404 2017 est
427 1954 495 2016 sine
517 1955 585 2017 risu
606 1954 725 2019 audire.
772 1953 896 2036 Nempe
920 1953 1071 2017 αἰδοίοισιν
1096 1951 1194 2016 ἔδοκοι
1216 1973 1283 2018 esse

106 2055 211 2128 inicam
236 2058 287 2123 κοιὶ
312 2059 413 2129 αἰδοῦς
437 2055 533 2130 ἀξίοις
557 2060 666 2124 ἓδιικοι.
695 2059 764 2124 vide
787 2057 915 2123 Scholia
938 2058 978 2124 ad
1002 2057 1113 2146 Odyse.
1140 2066 1178 2123 Ο.
1205 2056 1280 2125 373.

106 2166 135 2224 et
163 2161 249 2228 iliad.
283 2175 320 2230 X.
355 2161 429 2228 124.
462 2171 494 2227 et
524 2173 570 2229 Ω.
601 2163 678 2229 208.
724 2163 854 2230 Poterat
876 2163 1037 2229 Eumaeus
1060 2173 1198 2245 πτωχοῖς
1221 2165 1281 2230 τισὶ

106 2269 151 2330 aui
174 2271 302 2343 datram
328 2268 450 2353 aliquid
475 2268 615 2354 dedisse,
640 2276 672 2334 et
695 2269 795 2334 ἱκέτιιι
820 2271 924 2334 νῖδοῐοι
943 2272 1061 2335 usitate
1080 2271 1280 2357 dicebantur,

105 2377 138 2436 ut
159 2372 266 2462 Odyss.
291 2384 329 2439 H.
357 2373 430 2438 165.
456 2376 588 2454 ιἰιέτρισιν
613 2373 672 2452 ἅμ’
698 2376 848 2440 αἰδοίοισιν
872 2374 996 2454 ὀπηδεῖ,
1018 2377 1073 2441 sed
1092 2397 1153 2441 non
1176 2377 1281 2445 οιῖδοῖοι

104 2497 154 2562 per
181 2502 212 2546 se
241 2481 390 2564 supplices
413 2477 622 2566 significabat.
669 2479 733 2546 Sed
754 2482 853 2546 honos
876 2487 943 2545 erat
965 2482 1128 2546 habendus
1152 2483 1281 2548 auribus

103 2591 324 2663 matronarum,
349 2589 382 2650 in
407 2607 540 2670 quarum
564 2589 702 2673 gratiam
723 2589 755 2650 in
777 2585 888 2672 Odyss.
914 2595 952 2649 Θ.
973 2585 1152 2652 aaa-342
1172 2588 1280 2653 decem

103 2710 201 2758 versus
223 2695 256 2758 in
279 2680 370 2759 libris
394 2691 584 2776 quibusdem
605 2694 852 2758 emittebantur:
875 2692 904 2756 ἐν
926 2691 1009 2763 ε’νιόις
1032 2694 1233 2774 ἀντιγράφοις
1255 2695 1280 2758 σι’

104 2795 169 2862 διίιιι
191 2801 274 2880 ςίχοι
295 2803 327 2864 οὐ
347 2799 492 2874 Φέροντοιι
514 2796 564 2860 aaa
585 2798 618 2862 τὸ
641 2797 897 2862 ’ΛΠΡΕΠΕΙΑΝ
920 2799 1096 2877 ἐμφαίνειν,
1118 2798 1172 2862 sed
1188 2820 1280 2863 num-

104 2923 189 2986 quam
221 2909 284 2970 ista
315 2901 448 2969 artificia
478 2902 568 2966 bonis
599 2903 741 2966 moribus
766 2905 940 2987 quidquam
965 2903 1149 2986 profuerunt
1173 2909 1204 2967 et
1228 2905 1280 2969 de·

103 3012 281 3092 sperandum
306 3010 344 3074 de
368 3029 422 3092 ee,
447 3011 500 3073 eui
523 3029 632 3073 versus
650 3007 815 3073 Homerici
834 3009 982 3072 libidines
1001 3029 1129 3072 movere
1149 3013 1279 3093 possint,

102 3111 184 3182 Plato
207 3116 265 3181 illo
289 3123 430 3200 tempore
454 3117 546 3179 anxie
570 3114 795 3178 reformidabat
818 3136 857 3178 ne
879 3114 941 3179 loci
964 3114 1094 3198 quidam
1114 3113 1280 3181 Homerici

101 3220 291 3288 iuuentutem
324 3223 359 3284 in
386 3223 506 3285 vitium
534 3219 708 3296 flecterent,
741 3240 840 3304 quum
870 3221 1013 3285 moribus
1037 3219 1159 3283 dudum
1183 3221 1279 3285 diseo

101 3322 169 3392 lutis
191 3349 227 3393 ec
250 3327 386 3413 perditis
407 3325 497 3390 nulla
517 3324 656 3410 amplius
674 3325 814 3389 remedia
833 3327 977 3410 prodesse
997 3332 1132 3410 possent.
1169 3324 1280 3411 ltaque

101 3430 291 3498 Aristarchea
308 3433 455 3514 ἱιέδετήσει
478 3453 562 3498 nunc
587 3430 717 3516 quidem
740 3452 803 3496 non
827 3434 1070 3516 acquiescemus.
1114 3431 1186 3497 Non
1208 3453 1279 3496 mu·

100 3533 409 3624 liercularnmcausa
432 3538 510 3603 olim
533 3538 611 3602 haec
634 3537 856 3619 cantabantur,
877 3535 966 3599 atta
985 3541 1040 3608 τῆς
1061 3535 1279 3631 aitsanctus,

100 3642 150 3706 ubi
169 3665 236 3710 rem
258 3664 316 3709 sno
338 3645 467 3708 nomine
491 3641 650 3728 appellare
674 3649 740 3707 erat
763 3646 960 3705 consuetum.

139 3747 334 3816 Enumerabo
363 3770 446 3815 nunc
481 3749 589 3814 ordine
621 3745 800 3832 complures
833 3746 911 3811 alios
941 3744 1074 3811 Homeri
1096 3745 1198 3826 locos,
1223 3750 1280 3816 uhi

99 3851 197 3920 doctos
219 3853 353 3921 Critieoa
377 3855 500 3920 videbis
524 3855 639 3919 chorda
663 3854 843 3919 oberrantes
867 3853 988 3917 eadem.
1025 3851 1115 3917 Iliad.
1142 3867 1180 3918 Δ.
1200 3855 1276 3921 345.

97 3958 147 4022 ubi
168 3963 387 4048 Agamemnon
406 3959 629 4025 Menestheum
653 3965 684 4024 et
708 3957 858 4044 Ulyssem
881 3961 1044 4044 increpans
1069 3960 1198 4042 „primos
1225 3984 1275 4026 οοο

98 4064 136 4125 ud
156 4068 254 4148 epulae
277 4069 355 4130 acteo
378 4065 507 4144 oocurd’,
536 4067 651 4149 inquit.

153 4193 157 4204 ·
271 4173 342 4236 iaia
365 4174 435 4253 φίλ’
458 4171 602 4234 taretia
627 4171 700 4249 κρέοι
726 4169 848 4246 ἔδμενιιι
874 4170 923 4243 ἠδὲ
948 4170 1095 4236 κύπελλον

268 4277 343 4348 οἶνον
364 4279 523 4359 σινέμενοιι
548 4276 705 4357 μελιηδέος
713 4323 723 4353 ,
751 4273 819 4364 imp:
845 4275 993 4366 ι’ἑλντον.
