3026 4970
799 244 866 312 254

416 434 478 515 χρη
503 433 560 510 μὲν
585 434 752 517 σφωΐτερόν
777 460 835 519 γε,
861 433 934 520 dect,
958 429 1029 505 ἔτος
1053 431 1261 512 εἰρύσσασθαι.

281 541 498 608 Anstonieus:
541 542 572 626 (ἢ
614 539 722 624 διπλῆ)
759 537 805 606 ότο
841 540 912 619 τρόρ
950 547 1038 604 ΔΤΟ
1073 538 1257 616 ἀμείβεται.
1292 535 1324 601 τό
1356 535 1407 616 peip

236 646 463 729 σφωΐτερόν
494 647 539 715 ies
564 646 673 713 δνϊκόν.
698 653 799 718 caude
819 646 918 712 ’‘APA
943 646 1050 711 οἱόεσεῖ
1071 645 1233 720 Ζηνόδοτος
1256 642 1321 709 τόν·

417 752 608 834 (οὐρανόθεν).
633 754 689 834 τρὸ
717 753 748 818 δέ
771 755 808 833 μ’
833 747 885 826 ἧκε
909 751 964 816 teci
987 753 1172 823 λευκώλενος
1193 749 1282 832 Ἥρη.

235 859 288 924 cccl
313 858 381 925 τόν·

417 962 516 1046 diretta
541 964 620 1040 ὁμῶς
645 966 728 1045 θυμῷ
752 962 906 1046 Φιλόονσοό
930 988 965 1030 τε
990 962 1138 1042 κηδομένη
1160 988 1208 1030 τε.

281 1072 483 1140 Aristarchus
516 1073 619 1158 igitur
653 1091 716 1155 qua
748 1071 870 1136 solebat
903 1072 1145 1156 perspicacitate
1179 1069 1314 1136 feliciter
1346 1085 1409 1132 usus

236 1181 458 1247 observaverat
480 1177 538 1244 has
561 1198 628 1243 esse
651 1177 737 1262 apud
758 1176 939 1242 Homerum
963 1178 1190 1263 pronominum
1214 1173 1410 1263 personalium

236 1287 356 1352 formae
379 1285 501 1350 doulon
523 1287 558 1348 in
580 1286 686 1368 prima
708 1301 854 1370 persona:

531 1397 616 1456 Nili
625 1438 634 1467 ,
657 1390 692 1455 id
714 1394 762 1456 est
788 1393 876 1467 ἡμεῖς
900 1387 954 1453 ccccl
982 1390 1077 1466 ἡμᾶς.

238 1503 271 1563 et

534 1608 672 1679 ΝΩΙΝ,
692 1602 728 1667 id
752 1607 800 1668 est
823 1604 907 1680 iacis
930 1601 983 1666 xci
1010 1604 1091 1680 ἡμῖν.

238 1712 274 1776 in
296 1708 451 1776 secunda:

537 1822 659 1892 ΕΦΩΙ,
683 1815 718 1879 id
742 1819 791 1881 est
815 1815 903 1892 ὑμεῖς
927 1813 978 1878 κον)
1004 1815 1099 1893 ἡμᾶς.

239 1928 271 1989 et

539 2035 695 2102 coniri,
719 2027 755 2092 id
777 2032 825 2094 est
849 2029 931 2105 ὑμῶν
955 2028 1008 2093 xci
1032 2028 1113 2107 ὑμῖν.

238 2137 272 2202 in
295 2137 404 2200 tertiat

287 2248 423 2316 ΕΦΩΕ,
447 2238 482 2304 id
506 2243 553 2305 est
576 2238 709 2317 αὐτούς,
733 2259 810 2304 nam
833 2243 921 2323 σφωε
941 2239 1060 2325 ubique
1084 2244 1131 2306 est
1154 2243 1356 2308 accusativum.

239 2352 272 2412 et

286 2460 442 2531 (ΦΩΙΝ,
461 2453 496 2520 id
515 2458 564 2520 est
583 2455 683 2520 αὐτῶν
702 2459 735 2519 et
754 2456 859 2526 adroic
880 2454 1038 2540 (οὐσοῖς),
1059 2453 1244 2520 encliticum
1260 2459 1412 2535 utrumque

240 2566 273 2628 et
303 2565 434 2626 accentu
458 2559 660 2625 destitutum.
707 2559 796 2625 Haeo
826 2563 933 2626 omnia
962 2560 1160 2626 Zenodotum
1185 2565 1218 2626 et
1240 2561 1412 2646 antiquiores

239 2667 405 2755 fugerant,
431 2671 464 2731 et
486 2669 616 2732 omnino
639 2667 674 2731 in
691 2669 916 2751 pronominum
936 2668 1047 2733 formis
1066 2670 1149 2734 inter
1179 2689 1213 2733 se
1240 2666 1335 2733 stulte
1357 2681 1413 2748 per·

239 2773 411 2838 miscendis
433 2777 546 2858 potitae
568 2772 778 2839 Alexandrini
800 2793 911 2838 omnes
933 2774 1125 2859 conspirant.
1174 2771 1303 2840 (tiaram
1322 2772 1413 2837 locem

239 2878 435 2965 praeferebat
457 2877 571 2966 lingua
593 2880 719 2954 Attica,
745 2899 825 2964 quae
848 2863 897 2944 tot
917 2879 1013 2946 habet
1037 2901 1073 2946 ac
1092 2884 1197 2946 tantos
1217 2879 1345 2968 linguae
1360 2873 1414 2940 Hc

239 2987 375 3050 mericae
405 2986 440 3048 in
470 2985 620 3050 omnibus
649 2985 744 3052 rebus
774 2988 926 3051 maximis
957 2987 1103 3052 minimis
1127 2986 1365 3061 similitudines,
1385 2981 1415 3043 ui

239 3093 374 3156 minime
395 3092 493 3156 mirer
512 3092 696 3157 Aristarcho
715 3091 896 3157 Homerum
914 3092 1143 3158 Atheniensem
1163 3093 1262 3158 fuisse
1280 3090 1373 3158 videri
1384 3085 1412 3171 ¹)-

239 3196 277 3262 In
307 3196 564 3282 frequentissimo
593 3218 656 3262 usu
688 3204 747 3262 τῶν
776 3198 898 3276 δνϊκῶν,
930 3219 1025 3283 quem
1048 3197 1161 3287 lingua
1183 3199 1292 3264 Attica
1313 3195 1412 3279 (obser-

239 3308 335 3370 vante
365 3303 548 3370 Aristarcho
580 3304 619 3369 ad
645 3302 738 3368 Iliad.
767 3313 807 3368 N.
835 3281 925 3384 let.)
949 3325 1023 3369 eum
1048 3304 1159 3392 lingua
1181 3298 1349 3370 Homerica
1367 3298 1410 3361 hc

239 3409 294 3475 bet
317 3429 538 3486 communem,
562 3408 771 3475 Athenienses
795 3413 979 3494 saepissime
1001 3419 1085 3476 ΝΩῙ
1109 3415 1141 3475 et
1165 3417 1299 3482 ΝΩΙΝ,
1323 3407 1408 3471 coni

241 3520 274 3580 et
305 3523 439 3582 ΕΦΩΙΝ
470 3515 666 3601 usurpabant
697 3515 751 3580 sed
783 3517 817 3580 in
839 3535 937 3581 unam
962 3515 1122 3603 syllabam
1144 3520 1303 3584 contracta
1323 3509 1355 3592 νῴ
1375 3540 1406 3555 ν

241 3622 313 3706 νῷν,
337 3617 407 3703 οφῴ
432 3657 475 3670 -
498 3622 603 3705 σφῷν,
627 3641 690 3688 non
713 3620 750 3685 vd
775 3627 808 3687 et
830 3620 918 3706 σφώ,
941 3626 979 3687 ut
1000 3623 1083 3688 infra
1102 3621 1312 3692 ostendemus.
1340 3615 1407 3683 Aris

277 3939 303 4006 1)
319 3937 409 3990 Eadem
430 3941 558 4006 cogruitate
577 3941 732 3992 Aristarchus
749 3941 875 3994 Homerici
891 3943 1006 3994 carminis
1022 3945 1143 3994 ausuram
1160 3958 1189 3994 cx
1205 3942 1286 3996 Attice
1300 3933 1407 3989 oriudum

241 4037 290 4072 essa
307 4020 406 4086 collegit
422 4037 450 4070 ex
466 4022 538 4074 Iliad.
555 4023 586 4073 N.
604 4026 663 4075 82⁷.

519 4112 614 4172 τιοίμην
633 4109 657 4160 δ’
675 4113 706 4170 ὥς
724 4113 789 4162 τότ’
813 4113 924 4173 Ἀόηνοοόη
943 4113 985 4163 καὶ
1007 4115 1147 4172 Ἀπόλλων,

241 4203 283 4256 ubi
300 4204 442 4252 mnotaiurz
465 4195 525 4248 tter
547 4201 667 4260 Ἀθηναῖον
685 4199 823 4252 terrorem
841 4203 957 4266 Ὅμηρον·
977 4210 1087 4268 τοοτρῷον
1106 4203 1155 4266 γὰρ
1171 4210 1274 4266 τομῦσον
1288 4201 1407 4252 ἈσόλλΜ

242 4291 297 4341 Δίον.
321 4290 429 4340 Emende
447 4293 603 4350 ’λσόλλοονοο,
623 4287 695 4354 (ἀλλ’
715 4291 754 4356 cb)
774 4293 831 4343 uta.
851 4293 921 4342 Pluto
939 4294 965 4343 in
983 4293 1128 4358 Euttpdmc
1144 4291 1199 4362 pag'.
1218 4297 1275 4346 80².
1291 4307 1313 4344 c.
1328 4287 1364 4338 vlt
1377 4280 1405 4341 ἶς’

240 4383 298 4439 Ζεὺς
317 4387 429 4447 πατρῷος
449 4407 482 4416 -
503 4380 564 4430 ἀλλ’
584 4381 711 4431 ’Astraeo
731 4390 842 4449 τοντρᾷος
861 4379 901 4431 tra
918 4383 965 4443 τὴν
984 4384 1064 4440 Ἴωνος
1083 4382 1185 4444 poseo.
