3026 4970
643 246 709 314 αδδ

93 442 179 504 etiam
210 459 249 501 ex
282 436 412 522 ingenio
442 436 477 498 in
506 433 604 500 aliam
634 438 821 502 mutaverit.
867 439 911 502 At
933 461 1017 506 nuno
1042 437 1173 526 quidem
1195 455 1271 505 eum

92 547 162 608 ratio
192 544 285 630 fugit.
336 541 420 620 Quid
450 543 493 604 sit
523 539 670 608 Hectoris
700 545 831 628 ingenio
862 547 966 631 magis
998 546 1273 612 accommodatum

94 651 212 734 (οἰκεῖον)
244 649 368 734 liquido
399 645 524 710 definiri
553 666 615 711 non
646 655 767 732 potest:
801 670 895 712 suurn
927 653 1059 735 quisque
1090 655 1124 715 in
1155 652 1273 715 talibus

93 776 208 820 sensum
239 758 401 838 sequitur,
433 773 533 835 neque
561 761 655 818 acuto
678 754 802 819 homini
825 776 980 840 umquam
1005 757 1129 822 deficiet
1152 759 1269 832 oratio,

93 863 179 926 doneo
210 882 283 925 eum
315 861 486 946 redarguat
518 861 638 923 acutior
669 860 758 924 alter.
806 861 897 926 Nihil
928 866 972 926 sio
1003 862 1182 948 proficitur:
1219 861 1273 926 sed

93 967 153 1032 sola
174 975 362 1054 argumenta
385 967 597 1052 grammatica
622 972 678 1030 aut
702 970 836 1032 metrica
859 989 927 1032 rem
948 975 1037 1034 extra
1055 990 1182 1034 omnem
1203 989 1273 1032 oon-

92 1077 269 1138 trorersiam
300 1076 431 1156 ponunt.
475 1069 631 1149 Quoniam
662 1075 697 1135 in
727 1094 821 1138 versu
844 1074 969 1140 heroioo
992 1073 1060 1140 fieri
1082 1095 1144 1140 non
1167 1080 1271 1159 potest

92 1186 125 1242 ut
152 1201 206 1264 pro
237 1179 365 1264 dactylo
388 1179 512 1240 οοοίἰοιιε
535 1177 763 1262 substituatur,
788 1186 910 1245 certum
937 1187 985 1246 est
1008 1181 1142 1259 εὔχομαι
1167 1178 1273 1244 εελπό-

93 1309 172 1361 μενος
196 1285 234 1350 ab
257 1286 388 1368 antiquo
411 1290 537 1347 cantore
561 1281 625 1346 diui
647 1303 711 1348 non
732 1287 886 1370 potuisse.
1368 1271 1372 1280 ⁴

132 1496 167 1559 In
187 1496 276 1562 Iliad.
303 1503 335 1562 Ξ.
360 1492 436 1558 235.

287 1601 349 1677 ἐγὼ
373 1598 406 1664 δέ
427 1596 462 1662 κέ
486 1621 530 1662 σοι
554 1596 633 1663 ειδέω
658 1597 751 1678 χοίριν
775 1601 886 1675 ἤματα
910 1600 1030 1666 πάντα.

92 1711 266 1772 annotatur:
288 1705 474 1784 Ἀρέςοιρχος
501 1705 615 1785 χοέριν
644 1703 764 1768 εἰδέω;
798 1707 831 1769 αἱ
853 1706 884 1770 δὲ
905 1706 1050 1780 δημώδεις
1080 1706 1182 1771 εἰδέω
1204 1705 1271 1786 χοὶ-

91 1836 151 1889 ριν.
184 1812 284 1876 Unioe
303 1832 377 1876 vera
395 1817 443 1876 est
462 1819 518 1875 τῶν
539 1810 680 1886 δημωδων
701 1813 857 1895 soriptura
878 1812 991 1877 leniter
1009 1812 1175 1877 emendata
1191 1812 1271 1896 (ἰδέω

93 1919 173 1995 χιίριν
196 1939 252 2003 pro
276 1918 374 1993 εἰδέω)
397 1925 428 1982 et
451 1917 654 1982 Aristarchus
677 1917 862 2001 imprudens
883 1923 1023 1982 metrum
1043 1918 1272 2003 pessumdedit.

93 2025 205 2090 Mirum
227 2026 389 2089 astutiam
409 2023 585 2087 Aristarchi
606 2023 644 2086 de
662 2022 720 2087 tali
738 2026 964 2106 compositione
975 2023 1147 2087 iudicium:
1159 2041 1273 2108 nempe

92 2132 144 2206 έγίι
170 2133 200 2196 δέ
225 2131 258 2194 κέ
283 2153 327 2193 τοι
353 2127 418 2193 ἰδέω
442 2129 535 2209 χοίριν
560 2129 813 2212 componendum
838 2138 905 2194 erat
928 2151 1002 2194 oum
1026 2129 1105 2194 louis
1127 2130 1273 2194 huiusce·

90 2237 187 2313 modi,
220 2237 281 2313 ἐγὼ
313 2235 345 2299 δέ
378 2237 415 2299 K’
447 2234 537 2311 οἰγω,
564 2241 596 2298 et
620 2235 680 2311 ἐγὼ
704 2235 736 2298 δέ
760 2243 814 2298 ΚΕ
838 2234 915 2299 λαδν
937 2237 1071 2313 οἰγείρω,
1098 2237 1275 2320 dequibus

91 2343 165 2408 infra
195 2344 355 2418 dicemus,
388 2341 442 2406 sed
474 2340 549 2405 audi
580 2342 762 2424 opinionem
792 2343 984 2406 Aristarchi:
1014 2347 1130 2408 ’ΈΔΕΙ
1155 2342 1185 2407 δέ
1210 2343 1274 2419 ἤτοι

91 2449 233 2523 εἰδείην
265 2446 301 2513 ἵν’
333 2444 350 2528 ᾖ
382 2448 416 2511 πὸ
440 2449 522 2526 ῥῆμα
549 2445 779 2521 ἐνηλλαγμένων
807 2449 1023 2534 (coniunctiora
1045 2466 1105 2514 Pho
1129 2451 1273 2532 optativo:

92 2556 160 2638 quid
179 2550 389 2639 simpliciusi)
410 2552 427 2626 ἢ
449 2555 513 2616 ἘΚ
533 2561 741 2617 nerlccor
763 2553 917 2628 νοουμένου
941 2559 994 2619 σοῦ
1017 2563 1072 2617 ΚΕ
1092 2555 1152 2629 ἐγὼ
1173 2555 1206 2619 δέ
1230 2575 1275 2619 σοι

90 2660 202 2736 εἰσομαι
235 2660 339 2741 χάριν.
386 2657 537 2723 Nondum
570 2658 668 2723 multi
690 2662 766 2723 anni
791 2666 866 2724 sunt
889 2681 927 2724 ex
952 2679 1014 2745 quo
1036 2660 1168 2724 eruditis
1191 2682 1276 2726 oom-

89 2765 174 2850 plura
192 2769 341 2848 σίσρσαέσν
361 2765 513 2828 abundare
533 2765 724 2828 ridebantur
743 2771 774 2830 et
795 2765 859 2830 alia
877 2774 986 2832 contra
1004 2767 1151 2847 adaquator
1162 2767 1275 2843 aberae,

89 2879 122 2936 ut
144 2873 208 2938 sola
230 2879 361 2936 naturae
385 2870 575 2954 simplicitas
598 2877 653 2934 aut
673 2871 797 2934 dicendi
816 2875 934 2936 veritas
954 2873 1106 2952 ιἰισίσροιιε
1127 2892 1193 2936 esse
1215 2894 1273 2957 pu-

87 2983 211 3052 taretur.
247 2977 313 3042 Ubi
336 2976 449 3040 vooula
472 2984 525 3038 ΚΕ
549 2975 633 3060 apud
655 2974 835 3040 Homerum
859 2998 931 3040 oum
956 2977 1064 3041 futuro
1087 2979 1196 3040 innota
1232 2983 1280 3042 est

89 3082 147 3148 diei
176 3091 300 3170 poterat
332 3082 495 3160 παρέλκειν
527 3084 560 3144 τὸ
587 3090 641 3146 ΚΕ
663 3081 716 3146 vel
741 3083 775 3144 ἐκ
800 3086 942 3160 περισσοῦ
968 3085 1114 3157 νοεῖσθαι,
1140 3085 1276 3157 κεῖσθαι,

89 3191 236 3266 τίθεσθαι,
268 3194 344 3274 quia
371 3194 443 3273 post·
465 3185 646 3252 Homerum
668 3208 762 3252 nemo
786 3209 855 3252 eam
879 3188 1068 3272 particulam
1083 3189 1199 3273 futoro
1224 3188 1276 3252 ad-

91 3296 192 3376 dehat,
227 3303 260 3362 et
292 3295 377 3380 apud
408 3294 588 3360 Homerum
615 3294 744 3378 purinde
768 3295 986 3359 ostadditane
1011 3297 1116 3358 sitan
1138 3296 1274 3358 nonsit.

90 3400 147 3468 sed
178 3406 236 3469 uhi
264 3404 410 3480 ὁμηρικῶς
434 3421 490 3485 pro
515 3401 575 3477 ἐγὼ
599 3400 625 3463 δ’
647 3397 731 3482 ἄξω,
756 3398 817 3477 ἐγὼ
844 3400 874 3464 δέ
900 3423 943 3463 σοι
968 3399 1061 3481 χάριν
1084 3398 1207 3474 εἵσομαι
1230 3399 1277 3462 di-

89 3511 169 3573 oitur
197 3508 259 3588 ἐγὼ
285 3507 317 3574 δέ
340 3509 368 3572 κ’
398 3504 483 3584 ἄγω,
509 3506 569 3583 ἐγὼ
594 3503 625 3569 δέ
649 3503 684 3569 κέ
707 3527 752 3568 τοι
776 3503 855 3569 ειδέω
879 3504 991 3585 χσέριν,
1016 3506 1091 3588 quia
1114 3511 1168 3567 ΚΕ
1190 3524 1276 3589 pror-

89 3635 139 3678 sus
158 3618 370 3680 necessarium
391 3616 458 3696 est,
478 3615 642 3691 παρέλκειν
661 3609 715 3676 vel
734 3610 767 3674 έκ
786 3615 927 3690 περισσοῦ
941 3613 1070 3674 νσεῑσίαι
1082 3608 1278 3675 nullomodo

89 3719 148 3785 diui
170 3727 283 3806 potest.
337 3777 339 3780 .

129 3929 182 3994 Ad
203 3927 294 3994 Iliad.
321 3934 354 3990 Ε.
381 3923 458 3993 787.
482 3929 528 4010 (et
553 3935 590 3990 Θ.
616 3924 707 4010 228).

243 4035 361 4107 Αἰδὼς,
387 4035 540 4111 Ἀργεῖοι,
566 4029 639 4094 κάκ’
667 4028 829 4109 ἐλέγχεα,
854 4031 944 4102 εείδος
968 4034 1089 4108 οἰγητσί.

87 4143 250 4206 annotavit
272 4133 447 4225 Didysmus:
476 4137 660 4219 Ἀρίςαρχος
687 4137 718 4200 δέ
751 4136 837 4201 κέν’
867 4138 1101 4219 ἐλεγχέες.
1149 4137 1278 4225 Optime

87 4245 209 4334 legitur
231 4257 271 4312 A.
296 4245 373 4311 242.

288 4355 422 4432 Ἀργεῖοι
447 4349 594 4432 ιιέμωρσι,
622 4349 795 4428 ἐλεγχέες,
820 4349 854 4414 οὔ
876 4375 908 4415 νο
933 4350 1061 4428 σέβεσθε
1069 4371 1077 4427 ;
