3034 4968
820 247 863 317 66

238 437 313 528 pag.
335 439 410 506 686.
432 440 486 508 28.
507 441 610 506 ἐκεῖνον
630 442 687 519 μὲν
707 481 750 492 -
770 438 950 522 τριακοσίοις
972 438 999 503 δ’
1021 439 1150 504 ἱππεῦσι
1171 474 1214 485 -
1227 436 1414 510 βοηθήσαντι,

240 547 318 612 haee
350 552 457 613 omnia
488 547 650 623 αὐτολεξεί
681 549 756 613 hino
786 549 922 633 repetita
947 550 1039 622 sunt,
1065 544 1118 609 sed
1142 543 1216 609 vide
1239 543 1316 628 quid
1338 541 1416 608 addat
1504 543 1505 546 ’

241 651 370 718 Orator:
403 656 455 720 οὐκ
487 655 683 734 ἐψηφίσαντο
717 655 808 717 αὐτὸν
841 651 878 716 ἀν
908 675 955 721 τις
980 653 1146 730 ἀποκτείνρ
1170 651 1332 727 ἀγώγιμον
1354 645 1415 713 εἶναι
1504 715 1505 748 3

241 759 338 842 (qnod
362 758 401 825 de
424 756 614 825 Charidemo
637 761 846 824 Aristocrates
870 755 1019 842 tulerat),
1039 758 1127 820 ἀλλά
1149 758 1309 820 πολιτείαν
1329 755 1417 820 ἔδοσαν

240 865 293 927 καί
327 865 442 938 ταιίτνρν
476 866 580 938 ἱκανὴν
605 863 831 942 ὑπελάμβανον
855 859 931 927 εἶναι
957 862 1011 934 τδρν
1035 862 1138 940 τιμήν.
1185 862 1332 927 Necdum
1353 862 1416 925 satis

240 974 305 1034 est:
339 974 482 1055 sequitur
513 973 547 1035 in
579 971 799 1034 Aristocratea:
822 969 873 1033 καί
899 967 994 1033 πάλιν
1018 969 1170 1052 Περδίκκρι
1196 1007 1238 1016 -
1264 969 1333 1040 τοὺς
1357 968 1417 1030 ἀνα-

240 1079 417 1154 χωροῦντας
443 1078 475 1139 ἐκ
500 1083 667 1140 Πλαταιῶν
691 1083 747 1140 τῶν
769 1073 937 1154 βαρβάροον
958 1075 1168 1154 διαφθείραντι
1189 1112 1230 1122 -
1245 1078 1298 1140 οὐκ
1317 1073 1418 1153 ε’ψνρφί-

242 1203 336 1245 σαντο
369 1183 531 1259 ἀντίμιμον
561 1178 638 1246 εἷναι
673 1179 710 1245 ἀν
741 1203 787 1253 τις
820 1183 984 1263 ἀποκτείνρ
1012 1181 1198 1258 Περδίκκαν,
1230 1176 1251 1260 ᾧ
1281 1179 1417 1258 βασιλεὺς

243 1287 271 1368 [ὁ
305 1288 440 1372 Περσῶν]
475 1288 579 1369 ἐχθρὸς
613 1287 649 1351 δι’
682 1290 764 1364 ἀμοῖς
789 1287 1003 1364 ἀπεδέδεικτο,
1029 1287 1117 1350 ἀλλά
1140 1289 1298 1350 πολιτείαν
1321 1286 1420 1350 ἔδωκαν

242 1391 342 1467 μόνον.
389 1391 546 1478 impostor
575 1393 698 1478 reliqua
728 1392 768 1458 ad
798 1392 933 1459 verbum
965 1393 1145 1478 descripsit,
1179 1392 1233 1457 sed
1255 1394 1289 1456 in
1312 1392 1370 1458 fine
1390 1392 1420 1454 ds

243 1516 301 1562 suo
324 1497 428 1562 dedit:
454 1501 507 1562 οὐκ
531 1499 727 1579 ἐψηφίσαντο
751 1497 911 1562 πολιτείαν
937 1496 1013 1562 ἀλλ’
1036 1500 1181 1562 ἀτέλειαν
1203 1499 1316 1562 ἔδωκαν
1336 1496 1420 1576 μθνον.

242 1601 397 1668 Videmus
419 1604 599 1680 hominem,
625 1611 663 1669 ut
685 1605 762 1670 haeo
785 1606 819 1668 in
844 1623 916 1669 suos
936 1625 1013 1668 usus
1030 1608 1212 1669 convertere
1230 1606 1346 1690 possit,
1364 1621 1422 1687 per·

242 1715 365 1772 vertere
389 1712 496 1774 omnia
519 1716 551 1774 et
571 1709 849 1794 impudentissime
869 1712 1010 1775 mentiri.
1048 1708 1083 1773 Si
1104 1712 1159 1793 qui
1177 1710 1258 1774 torte
1279 1711 1423 1785 supersint

243 1815 299 1897 qui
333 1817 511 1880 orationum
548 1819 729 1901 spuriarum
763 1814 859 1880 fidem
888 1821 920 1880 et
950 1818 1172 1881 auctoritatem
1204 1817 1289 1880 tueri
1317 1815 1422 1885 velint,

242 1929 367 1992 πολλοῖς
408 1922 582 2000 ἀντιλέγειν
615 1922 678 2001 νάρ
710 1921 772 1994 ἔθος
805 1921 871 2000 περὶ
903 1921 1020 1993 πανσδς
1053 1922 1181 1999 ὁμοίως,
1214 1919 1423 1987 huiuscemodi

242 2024 328 2090 looos
351 2025 523 2114 diligenter
547 2028 721 2112 expendere
744 2028 855 2093 veiim.

288 2234 402 2323 Pergit
432 2238 579 2305 falsarius
611 2260 685 2329 pag.
719 2239 794 2307 173.
828 2237 881 2305 14.
912 2240 1059 2318 μεγάλνρν
1090 2239 1142 2304 καί
1175 2241 1302 2317 τιμίαν,
1328 2235 1422 2316 οἶμαι,
1505 2265 1506 2334 ρ

244 2341 297 2405 καὶ
329 2345 442 2419 σεμνὴν
474 2346 529 2417 τδρν
561 2345 660 2409 αὑτῶν
688 2353 879 2410 ΠΑΤΡΙΔΑ
914 2347 1076 2424 ἡγούμενοι
1104 2345 1155 2410 καί
1182 2344 1286 2420 πάσνρς
1310 2345 1424 2424 μείζονα
1505 2349 1506 2354 ’

243 2448 436 2526 εὐεργεσίας.
473 2453 523 2512 νῦν
559 2449 589 2513 δὲ
624 2488 665 2498 -
688 2451 813 2532 Φθθρονς
853 2451 1020 2532 ἀνθρώπους
1054 2489 1095 2499 --
1117 2454 1258 2516 Ιποιεῖσθε
1293 2451 1447 2532 πολίταις·Ι

243 2553 317 2619 Non
347 2559 421 2619 sunt
452 2555 528 2620 haee
560 2559 643 2622 reete
674 2560 831 2645 cogitata:
864 2578 926 2623 non
950 2560 1036 2623 enim
1060 2558 1098 2622 de
1114 2557 1223 2641 patria
1245 2577 1347 2624 sermo
1367 2559 1424 2624 est,

243 2658 298 2724 sed
333 2658 370 2724 de
406 2661 473 2724 iare
503 2661 644 2725 civitatis.
693 2664 828 2728 Maiores
858 2665 955 2727 nostri
986 2663 1116 2748 (inquit)
1150 2664 1298 2728 civitatem
1321 2659 1425 2726 αοεανῗιιί

243 2765 376 2850 quamvis
405 2767 511 2848 ορθθνινο
541 2769 578 2831 de
599 2790 630 2831 εο
651 2769 754 2833 merito
778 2769 1040 2852 impertiebantur:
1063 2791 1143 2832 νικαο
1166 2771 1296 2833 domines
1319 2766 1427 2852 κερκίσ-

243 2871 331 2934 simos
360 2871 480 2935 civitate
511 2874 664 2938 donamus.
711 2875 798 2962 Ergo
828 2895 893 2940 non
923 2876 1059 2950 πατρίδα
1094 2874 1197 2940 disere
1222 2876 1355 2941 debebat
1377 2871 1427 2936 sed

228 2977 420 3051 πολιτείαν,
452 2982 483 3042 ot
514 2981 559 3044 sio
583 2979 715 3044 demum
737 2980 880 3068 intelligi
901 2985 1006 3065 potest
1030 2980 1082 3046 καί
1106 2980 1209 3054 πάσνς
1235 2986 1424 3045 ΜΕΙΖΟΝΑ

241 3082 434 3161 εὐεργεσίας.
481 3082 610 3170 Optime
639 3084 774 3150 dieitur:
806 3109 865 3150 ιιοα
896 3093 938 3150 est
969 3087 1058 3150 aliud
1090 3087 1262 3170 θεινορθοθαον
1287 3101 1426 3154 aluisum

243 3189 350 3253 ισοίκι.
397 3187 564 3255 Substitne
587 3207 705 3254 raram
727 3192 823 3255 maius
846 3196 879 3256 et
900 3191 985 3258 male
1008 3212 1084 3258 sane
1107 3194 1207 3258 exibit
1231 3195 1339 3258 oratio.

289 3401 367 3466 Post
389 3419 489 3485 pauca
512 3420 586 3486 pag.
614 3393 688 3463 173.
715 3398 770 3463 22.
794 3399 989 3485 praeclaram
1012 3401 1236 3467 Demosthenis
1258 3407 1338 3482 ῥῆσιν
1364 3420 1425 3463 sur·

243 3509 345 3591 ripuit
373 3526 412 3570 ne
442 3504 576 3571 verbulo
601 3504 730 3589 quidem
753 3511 879 3570 mutato
901 3527 940 3570 ex
969 3505 1146 3592 Οθραθίίαοα
1169 3508 1259 3571 tertia
1281 3528 1351 3594 pag.
1374 3500 1424 3568 37.

152 3627 156 3638 “
247 3611 300 3676 10.
332 3611 377 3678 ἔτι
409 3612 435 3675 δ’
460 3611 620 3682 οὐδέποτε,
653 3607 758 3688 οἶμαι,
790 3609 878 3689 μέγα
910 3612 962 3677 καί
995 3614 1127 3678 νεανικθν
1155 3612 1299 3693 Φρίννμοι
1321 3611 1424 3688 λαβεῖν

245 3716 340 3797 μικρά
365 3717 416 3780 καί
442 3721 555 3797 φαῦλα
581 3714 794 3796 πράττοντας·
819 3718 898 3782 ὀποί
923 3717 1008 3783 ἀττα
1029 3719 1092 3799 γάρ
1112 3719 1150 3783 ἀν
1168 3720 1424 3796 τάπιτηδεύματα

246 3827 304 3887 τῶν
328 3822 484 3902 ἀνθρώπων
510 3820 527 3904 ᾗ
552 3828 682 3888 τοιοῦτον
707 3823 831 3901 ἀνάνκν
857 3824 909 3888 καί
935 3825 970 3888 σθ
994 3824 1138 3904 φρθννμα
1163 3822 1258 3904 ἔχειν.

292 3926 444 4012 Sequitur
474 3929 561 3995 loeus
591 3951 664 4017 pag.
701 3927 774 3994 173.
802 3928 855 3995 28.
880 3933 914 3995 in
938 3951 1000 4015 quo
1022 3933 1183 4018 insignem
1204 3934 1377 4018 scribarum
1396 3931 1425 3990 et

245 4039 457 4099 correctorum
487 4034 631 4100 fraudem
663 4037 841 4101 manifestis
872 4036 999 4102 indiciis
1030 4037 1256 4121 deprehensam
1280 4043 1425 4104 tenemus.

244 4140 424 4226 Proponsm
456 4144 598 4226 primum
634 4141 742 4206 looum
771 4145 934 4230 integrum
959 4147 997 4207 ut
1021 4143 1060 4207 ab
1084 4145 1222 4209 auotoris
1245 4165 1343 4210 manu
1363 4159 1424 4226 pro

243 4247 346 4312 fectus
379 4252 442 4312 est.
474 4247 587 4310 deinde
618 4247 761 4332 singulas
791 4249 917 4313 fraudes
947 4248 1101 4314 refutabo.
1149 4249 1337 4337 Legendum
1366 4249 1423 4312 est:

243 4353 408 4434 Σκίψασθε
444 4353 475 4418 δὲ
509 4349 532 4418 ἀ
567 4375 613 4423 τις
649 4349 814 4433 κεφάλαικ
850 4353 888 4417 ἀν
923 4352 989 4434 ἔχοι
1026 4355 1121 4418 εἰπεῖν
1158 4363 1214 4420 τῶν
1246 4360 1276 4420 τ’
1311 4354 1422 4421 ἐκείνοις
