3026 4970
805 223 870 302 128

241 428 362 495 tionem
395 428 434 496 ab
465 425 645 495 Alexandro
669 425 833 512 'repertam
862 424 937 492 vide
967 425 1002 490 in
1032 419 1160 489 Scholio
1192 417 1318 488 Oodicis
1340 417 1409 487 aad

242 531 334 600 Iliad.
359 531 493 604 11241.

286 640 380 706 Nunc
402 661 526 727 quoquc
548 642 688 707 carmina
710 639 882 706 Homerica
904 657 985 716 esse,
1012 640 1050 701 ut
1068 635 1248 702 Alexander
1268 639 1407 742 queritur,

241 745 389 813 ιέιιὶιτλεα
412 753 574 831 γραφικῶι
599 745 836 828 ἁμαρτημάτων
858 745 910 810 καὶ
930 749 989 810 τῶι
1009 741 1113 808 ἄλλων
1132 742 1409 825 ταραδισρθωμιίτωι

242 851 325 919 ccicc
359 853 527 937 ἀγροίκων,
559 858 591 920 11
621 852 699 920 hacc
728 853 845 919 menda
874 871 940 918 esse
971 849 1144 916 admodum
1173 850 1307 934 antiqua
1338 853 1365 914 et
1382 869 1411 913 er

242 961 472 1050 vetustissimis
501 959 593 1028 libris
623 965 799 1047 propagata
828 959 953 1044 saepius
981 955 1112 1042 posthac
1143 955 1273 1022 dabitur
1304 956 1411 1022 demor-

243 1065 365 1133 strandi
386 1065 485 1134 locus.
1035 1063 1039 1070 ’

782 1271 896 1340 XXIV.

594 1521 636 1534 -
663 1489 788 1548 ecem
813 1485 845 1546 et
869 1516 911 1528 -
936 1487 1076 1546 Acoal.

289 1693 327 1760 In
357 1692 506 1760 omnibus
528 1690 620 1756 libris
641 1688 733 1766 Mes,
757 1690 814 1774 qui
833 1693 972 1756 aetatem
994 1689 1153 1768 tulerunt,
1178 1694 1328 1776 perpetuo
1347 1691 1416 1753 inter

245 1821 279 1868 se
313 1799 458 1866 confusas
493 1795 642 1865 videmus
674 1794 777 1860 futuri
808 1799 839 1860 et
870 1797 980 1884 coristi
1009 1796 1127 1862 formas
1152 1797 1187 1860 in
1219 1833 1262 1845 —
1278 1795 1364 1860 εσθαι
1391 1797 1416 1857 11
1498 1859 1499 1868 ¹

246 1907 417 1980 -Λσθαι,
449 1901 638 1989 plemmque
667 1903 712 1966 sic
743 1905 781 1965 nt
799 1901 919 1985 fotura
948 1904 1073 1986 praeter
1099 1904 1290 1967 sententiam
1312 1901 1367 1966 loci
1386 1919 1415 1964 ac

245 2011 371 2078 dicendi
399 2030 496 2076 usum
516 2006 570 2075 vel
592 2025 667 2073 cum
690 2006 886 2073 barbarismo
910 2009 943 2071 in
966 2007 1092 2072 scriotor
1115 2012 1347 2077 convertantur,
1368 2024 1415 2069 nec

244 2119 308 2182 nisi
334 2118 493 2182 rarissime
516 2117 633 2179 contra.
681 2107 811 2178 Oodices
834 2115 1050 2200 antiquissimi
1072 2115 1106 2178 in
1129 2135 1167 2179 ea
1188 2135 1223 2179 re
1246 2135 1308 2180 non
1323 2112 1414 2180 viden-
1499 2133 1500 2148 ι

245 2226 299 2287 tur
321 2222 419 2287 fnisse
441 2220 546 2286 multo
570 2217 798 2284 emendatiores
820 2239 918 2304 quam
936 2221 1049 2298 nostri,
1071 2219 1156 2285 unde
1174 2222 1300 2307 saepius
1319 2215 1415 2284 Oritici

174 2341 176 2344 ’
246 2331 369 2395 veteres
397 2329 588 2396 annotarunt
617 2324 668 2390 ora
699 2327 752 2389 τοῦ
786 2331 828 2402 Ε,
857 2325 915 2391 ubi
946 2323 1004 2390 alii
1033 2361 1078 2375 --
1101 2327 1202 2390 Ασθαι
1232 2325 1413 2391 exhibebant.

245 2432 283 2498 In
305 2431 440 2498 Homeri
459 2432 652 2498 carminibus
671 2450 708 2497 ea
727 2429 814 2496 labes
837 2429 958 2496 multos
980 2429 1065 2496 locos
1084 2434 1312 2498 contaminavit
1329 2447 1415 2512 neque

246 2539 286 2605 ob
306 2557 468 2624 perversas
479 2535 650 2602 Editorum
662 2538 824 2623 opiniones
836 2537 988 2621 extirpari
999 2538 1113 2621 potuit.
1138 2537 1336 2604 domans.
1350 2530 1413 2599 112.
1501 2623 1502 2626 Ἴ

428 2641 589 2720 ἐλπόμενοι
613 2641 801 2708 ταύσΛσθαι
824 2640 941 2723 ὀϊζυροῦ
965 2641 1121 2720 πολέμοιο.
1501 2629 1502 2632 ¹

245 2751 411 2817 annotavit
443 2747 476 2814 la
508 2747 632 2814 Roohe:
670 2744 829 2830 „iaccbat
866 2771 927 2812 ιιοιι
958 2749 1052 2812 solum
1084 2749 1195 2814 aoricto
1225 2749 1366 2831 iuppiter,
1392 2742 1416 2806 ιι“

246 2856 322 2943 quid
341 2873 401 2921 mm
419 2871 549 2921 snorum
566 2871 644 2921 assa
663 2855 810 2929 creditur,
829 2855 884 2918 ced
900 2853 988 2918 etism
1007 2853 1036 2918 si
1053 2854 1129 2938 quid
1146 2864 1206 2919 tom
1226 2861 1301 2920 certe
1319 2872 1414 2935 ecspec

247 2969 330 3027 tetur
360 2968 394 3025 α1
423 2979 527 3026 Paculo
540 2961 665 3046 fadum
688 2982 749 3024 ease
772 2960 940 3025 eeiatimnre
956 2957 1084 3043 poesis?
1129 2961 1284 3049 Argutari
1304 2960 1357 3024 hoc
1375 2959 1414 3020 est

248 3068 368 3156 (dicam
391 3069 477 3132 enim
501 3065 584 3153 quod
607 3067 721 3151 sentio)
745 3071 777 3132 et
799 3067 1030 3131 consorationi
1053 3067 1123 3132 vim
1147 3065 1271 3142 afferre,
1295 3071 1323 3132 et
1346 3059 1414 3127 illud

247 3181 408 3250 PAENE,
441 3172 525 3259 quod
554 3176 601 3238 est
631 3174 666 3236 in
697 3192 733 3237 ea
763 3174 1022 3257 interpretatione
1052 3192 1179 3257 prorsus
1203 3173 1411 3239 necessarium.

247 3280 421 3345 assumitur
451 3278 489 3344 de
518 3277 630 3343 nihilo.
679 3275 779 3343 Unice
808 3299 923 3344 vemm
954 3283 1002 3344 est
1031 3278 1227 3345 παύσεσθαι.
1275 3272 1413 3361 Quidquid

246 3405 411 3471 speramus
440 3385 583 3448 bwertwm
612 3383 709 3449 habet
740 3386 863 3450 exitum
894 3387 1080 3471 praesertim
1114 3386 1149 3450 in
1183 3384 1263 3452 belli
1292 3385 1412 3460 fortun,

249 3491 307 3556 ubi
329 3489 471 3577 plurima
494 3494 602 3556 contre
624 3492 770 3555 omnium
794 3492 1061 3576 exspectationem
1084 3481 1211 3558 evenire
1233 3492 1376 3559 videmus.

430 3595 515 3674 ξυνὸς
536 3594 697 3668 Ἐνυάλιος
721 3597 776 3661 καί
797 3620 832 3661 τε
856 3595 1019 3661 κτειέιντα
1042 3594 1194 3662 κατέκτα.

293 3700 403 3768 Nostri
425 3703 528 3789 igitur
550 3701 670 3787 ubique
693 3705 741 3767 111
764 3703 889 3768 arbitrii
911 3723 950 3768 ex
973 3705 1126 3788 cuiusque
1147 3701 1212 3769 loci
1233 3709 1340 3770 natura
1356 3715 1411 3763 oon·

248 3808 382 3874 stituere
399 3811 512 3873 utrum
531 3844 574 3856 -
589 3807 683 3872 Εσθαι
704 3828 743 3872 an
763 3845 804 3855 -
819 3808 918 3872 Ασθαι
937 3808 1033 3873 scribi
1051 3813 1212 3893 oporteat,
1232 3815 1263 3875 et
1281 3809 1412 3874 librorum

250 3914 422 3998 scripturas
453 3934 562 3980 omnes
591 3914 626 3978 in
656 3933 693 3978 ea
721 3913 851 3998 quidem
873 3913 1005 3979 reboet
1029 3905 1239 3980 contemnere.
1283 3913 1318 3979 In
1338 3903 1410 3977 Iliad·

250 4026 285 4084 Γ.
310 4015 363 4083 28.
389 4017 509 4083 editur:
534 4016 620 4100 Φιὶτο
644 4018 706 4098 γὰρ
730 4019 880 4084 τίσεσθαι
905 4017 1050 4094 ἀλείτην,
1074 4020 1129 4085 sed
1152 4041 1201 4088 vc.
1219 4018 1297 4085 366.

433 4120 451 4199 ἦ
473 4126 502 4191 τ’
528 4123 655 4206 ἐφάμην
679 4124 831 4190 τίσΑσθαι
855 4123 1055 4206 Ἀλέξανδρον
1078 4125 1262 4203 κακότητος.

297 4227 382 4309 Quid
412 4231 496 4295 inter
525 4234 699 4316 utrumqne
728 4230 836 4297 locum
861 4228 1011 4297 interest?
1056 4229 1149 4298 Nihil
1171 4251 1305 4319 prorsus.
1346 4211 1412 4305 (inid

251 4336 447 4438 cogitaverat
476 4334 663 4402 Menelaus?
695 4342 805 4403 utrum
830 4337 994 4403 τθσοΜΛΙ
1018 4338 1070 4402 τὸν
1094 4339 1247 4422 ascriptos
1271 4322 1411 4405 111111·
