3034 4968
663 195 705 265 75

90 389 147 451 test
168 384 363 452 alterutrum
382 388 508 463 omitti,
530 385 593 451 diei
611 392 715 472 potest
732 386 836 459 ἄλλοις
855 389 939 464 τινὰς
958 387 1081 468 πόλεις,
1102 387 1157 456 sed
1176 384 1280 462 ἄλλοις

92 492 193 572 ἑτέροιο
220 491 326 562 πόλεις
350 493 413 558 diei
434 513 497 558 non
519 499 632 578 potest.

131 597 207 663 Soio
237 620 290 663 me
314 599 391 664 haee
415 600 605 663 scribentem
628 599 853 687 pervulgatam
876 600 1074 667 eruditorum
1098 603 1281 687 opinionem

90 725 143 789 pro
175 704 278 795 nihilo
307 706 419 770 ducere
450 705 563 770 videri.
610 707 697 770 Audi
728 705 932 772 Schaeferum
965 708 1005 772 ad
1044 708 1075 771 h.
1102 707 1143 772 h:
1177 707 1282 779 ἄλλοις

91 813 212 893 ἐτέροιςῑ
240 811 373 890 „idioma
395 812 457 875 oiri
480 812 558 875 docti
581 813 721 895 exemplis
744 813 789 876 ito
812 817 1027 897 confirmarunt
1050 837 1131 878 nemo
1151 820 1185 878 ut
1205 822 1283 878 reete

92 926 130 982 οίο
151 917 216 983 diri
238 941 317 981 οοιοιοο
346 916 488 980 dubitet?
522 916 612 982 Unus
643 924 691 982 est
719 921 770 984 vir
799 920 927 997 doetus,
952 919 1007 983 sed
1028 922 1174 984 omnium
1196 921 1281 1005 prin-

93 1045 181 1109 ceps,
220 1026 276 1109 qui
299 1026 407 1089 omnia
429 1029 575 1088 veterum
597 1025 781 1088 testimonia
804 1023 951 1111 collegit,
984 1025 1141 1090 Porsonus
1165 1025 1282 1108 (Tracta

93 1152 162 1218 pag.
188 1129 278 1210 200).
323 1130 472 1195 Primum
503 1127 636 1194 Suidam
659 1130 794 1214 protulit
821 1133 947 1196 nesoius
970 1130 1055 1195 Aelii
1079 1130 1227 1217 Dionysii
1251 1131 1282 1194 ἐν

94 1246 152 1309 τοῖς
185 1239 339 1308 Ἀττικοῖς
375 1235 543 1311 Ὀνόμασιν
582 1235 663 1300 hano
695 1257 761 1301 esse
796 1237 1048 1302 observationem
1079 1260 1110 1302 v.
1154 1237 1280 1302 Ἄλλο

96 1341 228 1424 ἕτερον
252 1343 287 1406 ἐκ
310 1343 514 1422 παραλλήλου
538 1339 680 1417 λέγουσιν
713 1340 751 1427 (οἱ
779 1339 942 1426 Ἀττικοί).
978 1342 1150 1422 Μὲνοινδρος
1174 1342 1279 1423 Ms'dp·

539 1442 596 1511 εἶτ’
621 1449 673 1511 οὐκ
697 1443 783 1525 εἶχεν
806 1449 838 1513 οὐ
864 1453 942 1529 πῦρ,
967 1449 999 1512 οῦ
1023 1448 1122 1525 λίθον,

363 1555 417 1618 οῦκ
440 1550 515 1617 ἄλλ’
540 1553 636 1617 ὁτιοῦν
660 1548 774 1633 ἕτερονς

138 1657 259 1740 Κράτης
283 1659 442 1730 Ποοιδιοοῖο·

136 1774 198 1838 τοῖς
224 1765 255 1828 δὲ
278 1766 444 1845 τραγῳδοῖς
468 1760 565 1845 ἕτερος
590 1768 700 1844 σεμνὸς
725 1769 819 1830 νοοῦσιν
843 1765 936 1843 λόγος
960 1762 1056 1838 ἄλλος
1081 1763 1126 1831 ὅδ’
1148 1766 1221 1835 ἕςίν.

137 1871 304 1935 Eximium
330 1871 390 1936 hoo
412 1873 635 1936 testimonium
665 1877 712 1936 est
734 1871 908 1956 pereruditi
931 1873 1110 1947 οὶττιιιιςοῦ,
1137 1874 1192 1956 qui
1214 1874 1283 1956 ipse

98 1973 229 2042 Cratetis
252 1976 376 2042 fabulas
401 1981 433 2042 et
456 1976 626 2042 Menandri
649 1976 758 2042 sedulo
781 1976 995 2054 lectitarent,
1023 1977 1076 2042 sed
1100 1977 1174 2045 vide
1196 1977 1280 2042 mihi

98 2103 134 2146 an
155 2105 194 2149 ex
222 2083 274 2147 his
307 2079 511 2148 Oomioorum
542 2081 621 2147 loois
651 2087 735 2146 recte
766 2080 938 2168 colligatur
971 2083 1000 2146 ἐν
1024 2081 1139 2155 ἄλλοις
1164 2082 1279 2161 ἑτέροις

98 2189 215 2254 πόλεσιν
246 2189 411 2254 commode
442 2189 506 2252 dioi
538 2190 691 2273 potuisse.
737 2186 872 2252 Interest
895 2188 1017 2273 aliquid
1039 2193 1123 2255 inter
1146 2188 1225 2255 ἄλλο
1249 2194 1281 2254 et

99 2291 208 2378 ἕτερον,
232 2303 271 2361 ut
294 2299 377 2360 inter
398 2295 487 2358 aliod
508 2301 540 2359 et
564 2294 721 2358 diuersum.
758 2293 796 2357 In
819 2293 982 2379 Euripidis
1004 2295 1191 2378 Suppliciter
1203 2293 1279 2360 583.

297 2403 429 2476 πολλοὺς
453 2398 544 2476 ἔτλην
568 2399 603 2476 δὴ
626 2400 777 2479 χοὶτέρονς
802 2397 917 2472 ἄλλους
942 2401 1057 2473 πόνους.

100 2508 154 2574 hoo
176 2509 253 2574 dioit
276 2507 416 2572 Theseus
439 2508 545 2570 modios
566 2528 597 2570 se
619 2507 696 2569 alios
718 2513 746 2570 et
777 2507 888 2571 diuersi
915 2507 1033 2588 poneris
1056 2509 1170 2572 labores
1193 2530 1282 2571 euon-

101 2616 189 2680 idaeae.
226 2613 280 2679 Sis
303 2615 406 2701 igitur
424 2611 599 2678 Menander
622 2632 745 2697 quoquo
761 2601 868 2676 dixit:
895 2636 956 2690 „oo
980 2613 1074 2694 ipitur
1090 2636 1148 2677 ooo
1167 2614 1281 2695 ipsam,

102 2743 155 2785 ooo
176 2722 320 2806 lapidem,
345 2742 437 2805 oeque
464 2720 623 2805 quidquam
647 2719 736 2781 aliud
756 2718 869 2782 diversi
888 2719 1006 2800 peeoris
1028 2719 1195 2783 dodebot?”
1219 2739 1281 2804 quo

104 2847 133 2890 se
157 2828 334 2892 defenderet
365 2823 496 2890 scilieet.
544 2822 597 2888 Sic
629 2829 660 2889 et
691 2821 827 2889 Cratetis
855 2824 952 2890 verba
985 2825 1166 2910 aooipienda
1191 2829 1280 2890 sunt:

107 2933 222 3006 „sabens
243 2933 332 2997 etiam
356 2931 445 2994 aliod
465 2930 577 2994 divort
595 2929 714 3011 penoris
740 2930 857 3011 Tropioi
880 2952 976 2993 omnes
995 2933 1074 3015 qood
1091 2954 1154 2994 οιιιοι
1178 2954 1284 3012 mopso

102 3039 240 3116 pravitate
262 3036 395 3101 diooot.''
441 3035 562 3101 Deinde
585 3036 667 3120 quod
694 3034 852 3100 Porsonus
879 3037 1101 3120 Aristophanis
1124 3037 1283 3125 fragmen·

105 3147 168 3209 tum
190 3145 299 3218 attulit
322 3166 362 3209 er
385 3144 548 3210 Athenaeo
573 3163 646 3229 pag.
674 3140 749 3207 117.
774 3160 801 3206 o.

321 3249 408 3314 ἄλλοι
432 3249 462 3312 δὲ
486 3249 600 3313 τοιοῦθ’
626 3247 714 3326 ἕτερον
738 3247 819 3328 μόρι’
843 3245 1028 3327 ἐκιχλίζετο.

107 3359 277 3423 memineris
304 3357 419 3421 τοιοῦθ’
440 3350 528 3433 ’ἕτερον
548 3352 726 3442 significare
746 3349 835 3429 ὅμοιοι
852 3354 904 3418 aa}
925 3354 1132 3433 ποοροοπλήσιοι
1153 3354 1281 3434 τούτοις,

107 3463 162 3525 alia
189 3471 324 3528 sescento
354 3477 582 3526 nurusouuonr.
629 3458 773 3544 Denique
796 3459 904 3524 looum
933 3458 1157 3525 Demosthenis
1179 3482 1282 3525 unum

107 3572 135 3630 et
150 3590 246 3633 unum
263 3568 408 3632 Platonis
426 3568 584 3651 expromit
604 3571 790 3651 corruptum
806 3571 996 3650 utrumque,
1014 3567 1072 3632 ubi
1089 3565 1177 3631 ἄλλοι
1195 3564 1283 3650 ἕτεροι

107 3691 156 3754 pro
176 3673 248 3739 ἄλλ’
269 3672 353 3738 dura
375 3675 530 3757 seriptum
554 3676 611 3735 est.
647 3671 760 3736 Restat
779 3672 913 3756 deniquo
935 3671 1160 3738 Demosthenis
1178 3673 1284 3760 loeus,

109 3779 219 3859 quode
242 3782 387 3867 agimus,
418 3799 519 3863 nequo
546 3777 639 3862 plura
665 3798 762 3862 quarn
786 3777 863 3842 haee
887 3778 971 3863 apud
995 3775 1131 3843 Graecos
1155 3782 1285 3864 scripto

109 3901 151 3946 res
173 3889 380 3970 reperiuntur.
426 3883 537 3968 ltaque
568 3885 718 3968 quoniam
751 3884 780 3946 ἓν
806 3881 921 3952 ἄλλοις
955 3883 1070 3964 ἑτέροις
1103 3883 1227 3950 πόλεσιν
1251 3886 1285 3948 io

110 3989 173 4053 aliis
201 3992 371 4056 ciuitatibus
405 3992 516 4055 ιῦιοοτοιί
540 3995 658 4072 poneris
688 3987 870 4076 significans
898 3991 937 4055 ab
967 3988 1108 4056 Oratoris
1129 3991 1285 4056 sententia

110 4093 259 4178 abhorret,
284 4098 446 4182 reliquum
468 4104 516 4163 est
538 4102 576 4162 ut
599 4099 790 4180 scripturam
812 4095 893 4160 hano
916 4097 1102 4161 mendosam
1132 4117 1198 4161 esse
1222 4099 1283 4159 sta

109 4203 226 4268 tusmus
255 4210 286 4270 et
314 4204 488 4268 habeamus
511 4223 566 4288 pro
589 4206 674 4268 oerto
696 4200 794 4271 ἄλλος
818 4195 936 4280 ἕτερος,
962 4198 1042 4266 ἄλλο
1067 4202 1162 4266 ὁτιοῦν
1186 4197 1282 4279 ἕτερον

109 4309 137 4367 et
156 4309 272 4374 similia
293 4330 470 4394 numquam
495 4313 529 4376 ὲκ
553 4311 757 4389 τοιροιλλήλον
781 4307 866 4372 diota
888 4307 996 4372 tuisse.
