3080 4972
815 227 857 300 62

245 424 330 492 unde
349 427 477 492 inventa
492 426 559 490 sint
578 425 674 491 verbe
694 417 773 494 dorne
795 419 883 501 ἔχει,
904 421 960 486 sed
977 421 1038 488 hoo
1057 421 1122 488 seio
1143 424 1207 488 nisi
1226 441 1263 489 ee
1283 422 1421 488 deleveris

244 533 283 598 de
317 534 472 598 sententie
502 531 582 597 dieti
612 530 678 595 fore
708 534 827 594 notum.
876 525 1134 608 Περιεργύζεσύαι
1165 529 1242 612 quid
1274 531 1316 594 sit
1340 547 1420 593 nemo

242 642 370 726 ignorat
401 643 434 702 et
460 637 544 702 nihil
574 638 682 702 minus
713 640 760 700 est
790 653 886 719 quem
917 633 984 718 qnie
1011 633 1052 698 eit
1073 655 1173 698 rernm
1196 641 1292 698 statne
1314 635 1421 700 curiose

246 746 366 809 rimari.
412 743 490 808 Erat
521 742 766 807 Atheniensium
796 737 954 819 περιεργία
979 737 1141 823 eliquanto
1167 741 1261 804 sooiis
1284 744 1316 805 et
1337 737 1421 805 one

244 851 310 914 niae
340 848 515 916 molestior.
562 846 750 932 Imperitnre
778 845 927 912 omnibus
957 850 989 910 et
1017 845 1166 911 omnibus
1188 846 1260 910 iuro
1283 845 1353 912 dore
1374 844 1420 925 (st

242 955 348 1020 δίκαια
371 954 490 1038 ὁρίζειν)
514 951 734 1039 postulabant,
758 953 929 1018 utstatim
953 949 1066 1016 Orator
1088 949 1221 1016 addidit.

286 1166 367 1253 Peg.
402 1164 477 1230 168.
513 1161 565 1230 11.
597 1163 760 1246 πρωτεύειν
783 1164 840 1242 μὲι
864 1164 952 1242 ὑμεῖς
976 1161 1100 1239 ἀξιοῦτε
1127 1201 1167 1211 --
1190 1163 1246 1236 τὴν
1269 1163 1305 1238 tt
1328 1166 1422 1228 ταῦτα

242 1272 492 1338 ἔτοττεύσουσαυ
525 1271 578 1337 καὶ
608 1269 811 1350 Φυλύξουσαυ
842 1270 972 1348 δύναμιν
1003 1269 1073 1336 ούτε
1103 1269 1334 1336 κατεσκεύασθε
1363 1267 1422 1334 σύτε

243 1375 525 1458 κατασκευάζεσθε.
573 1376 708 1461 Aliquid
729 1377 783 1441 hie
805 1378 942 1444 monstri
963 1375 1071 1442 ulitur.
1118 1375 1155 1442 In
1178 1375 1270 1444 libris
1293 1379 1356 1442 est:

586 1483 641 1557 tiss
665 1481 696 1548 δὲ
720 1488 826 1548 ταῦτα
851 1481 1164 1564 ἐφεδρεύουσαυ

850 1587 1161 1671 ἐφεδρεύσουσαι

855 1693 935 1776 ε’φο
950 1694 1169 1760 δεύουσαυ

858 1798 1171 1881 ε’Φσδεύσουσαν

399 1954 402 1962 1
853 1905 1171 1996 ἐτοττεύσουσαυ.

287 2014 324 2080 In
346 2013 370 2080 S
391 2015 512 2102 legitun
534 2014 611 2080 folio
636 2011 712 2078 515.
736 2035 768 2078 u.

607 2120 663 2193 nisu
685 2118 716 2183 δὲ
739 2116 833 2182 ταῦτ’
856 2118 1063 2200 ἐφεδεύυυσαυ

607 2226 659 2290 καὶ
684 2223 887 2307 φυλάξουσαν
911 2224 1040 2303 δύναμιν

244 2336 398 2398 oorreotor
432 2355 448 2413 ρ
483 2331 606 2396 eddidit
640 2337 678 2396 ut
712 2336 794 2396 esset
829 2331 1050 2412 ἐφεδρεύουεαι
1081 2335 1113 2397 et
1141 2333 1176 2395 in
1206 2332 1353 2418 mmg'me
1380 2351 1424 2406 ρρ.

243 2438 472 2504 εὀτοττεύσυσαυ
496 2436 631 2503 solemni
653 2458 755 2502 errore
778 2459 835 2523 pro
859 2439 1124 2504 ἐτοττεύθουσαυ.

289 2543 374 2624 Quid
404 2548 452 2608 est
482 2545 516 2607 in
540 2543 591 2608 his
614 2540 703 2608 voril
727 2544 905 2609 ἐποπτεύειν
929 2566 949 2609 o
972 2543 1031 2609 teli
1053 2565 1087 2609 re
1110 2543 1344 2610 alienissimum
1366 2545 1424 2617 est,

242 2651 296 2718 sed
321 2649 404 2736 quod
427 2655 475 2714 est
497 2651 532 2713 in
554 2647 578 2713 S
601 2669 620 2714 a
641 2651 747 2734 prima
769 2670 868 2714 manu
891 2649 1109 2731 ἐφθδεύιυσαι
1129 2670 1194 2716 uno
1212 2647 1343 2714 literuln
1361 2668 1425 2712 mu·

240 2763 310 2823 tetn
339 2762 371 2822 et
400 2757 558 2842 praesenti
587 2761 730 2841 tempore
758 2759 793 2820 in
823 2755 970 2820 futurum
994 2775 1143 2822 converso
1165 2757 1344 2842 genuinum
1366 2771 1426 2818 esse

241 2864 378 2930 arbitror
404 2861 652 2944 ἐφοδεύσουσαν.
685 2861 861 2942 Ἐφσδεύειυ
884 2863 1010 2947 proprie
1034 2861 1184 2927 dicuntur
1204 2863 1262 2945 qui
1285 2883 1350 2924 enm
1373 2865 1426 2924 nn

242 2969 408 3034 tinnabnbis
435 2967 557 3049 οἱριῗύὶοο
586 2973 786 3032 circumeunt:
818 2967 960 3032 diximus
994 2966 1116 3052 uliquid
1146 2967 1186 3033 de
1217 2987 1253 3032 eo
1275 2966 1374 3033 verbo
1395 2967 1426 3029 in

243 3076 385 3139 Mnentoe.
412 3071 509 3138 1875.
533 3093 605 3160 pag.
631 3069 707 3138 296.
734 3078 766 3137 et
785 3078 860 3137 nota
879 3093 929 3138 res
947 3077 1005 3140 est.
1052 3072 1163 3158 Itaque
1184 3076 1200 3148 ἡ
1222 3073 1425 3154 ε’φσδεύσουσα

242 3181 370 3258 δύοαραις
387 3181 494 3266 copiae
506 3185 598 3254 sunt,
612 3198 692 3263 quse
704 3181 803 3243 socios
815 3182 847 3243 et
859 3181 978 3244 amieos
990 3198 1099 3244 omnes
1111 3179 1219 3245 ordine
1231 3180 1427 3244 circumeunt

241 3293 273 3354 et
293 3289 338 3353 sie
357 3290 391 3352 in
409 3285 510 3352 offieio
530 3286 701 3350 continent.
736 3283 888 3368 Ιοαιιιονο
906 3285 1018 3361 stultis,
1040 3287 1164 3371 inquit,
1184 3285 1427 3369 eedeopinqnn

240 3395 451 3458 ούσαιιαοααύσα
472 3392 565 3457 socios
587 3390 621 3453 in
644 3389 739 3473 officio
763 3391 932 3455 contineant
954 3413 1047 3476 neque
1061 3399 1189 3476 paratae
1204 3391 1321 3483 iubetis
1339 3410 1428 3476 neque

232 3501 364 3584 paratio.

286 3711 453 3797 Sequitur:
478 3712 551 3774 ἀλλ’
576 3710 626 3776 ἐπὶ
652 3717 770 3782 πολλῆς
794 3712 850 3787 μὲι
876 3711 1011 3792 ἡσυχίας
1036 3714 1088 3777 καὶ
1115 3712 1242 3792 ἐρημίας
1266 3708 1325 3798 (sio
1349 3707 1426 3797 leg.)

241 3818 323 3895 ύριῶυ
346 3818 361 3881 ὁ
385 3817 602 3891 Μυτιληναίων
622 3817 714 3894 δῆμος
737 3817 976 3897 καταλέλυται,
998 3819 1047 3883 ἐστὶ
1069 3827 1187 3894 πολλῆς
1208 3817 1239 3882 δὲ
1262 3815 1423 3904 [ἡσυχίας]

240 3926 253 3989 i
284 3924 411 3988 Ῥοδίου.
459 3921 550 4002 Quod
574 3925 609 3987 in
632 3924 781 3988 omnibus
803 3923 894 3990 libris
918 3930 966 3990 est
989 3925 1156 4002 ἘΡΗμίαο
1181 3924 1219 3989 de
1243 3921 1334 3988 soioli
1358 3943 1427 3988 oon-

239 4034 361 4097 ioeturn
383 4031 417 4093 in
440 4030 566 4108 ύρεριύας
586 4034 750 4095 mutatum
771 4036 828 4095 est.
864 4030 993 4096 Nollem
1011 4031 1143 4096 fontum.
1181 4032 1322 4108 Ἠρεριεῖν
1340 4028 1427 4094 idem

239 4143 288 4202 est
318 4135 401 4221 quod
432 4135 476 4211 μὲι
508 4138 652 4199 κινεῖσθαι
676 4139 818 4221 proprie,
843 4157 905 4202 non
928 4135 1083 4224 figurate,
1106 4142 1144 4201 ut
1167 4137 1181 4201 ὃ
1205 4132 1430 4213 tetensteten

119 4325 121 4330 Ι
237 4251 298 4309 etot
329 4241 504 4316 inmobilis,
536 4263 617 4326 quae
648 4245 734 4308 notio
766 4245 800 4307 in
825 4243 911 4308 hune
933 4241 1041 4308 loeum
1063 4261 1126 4307 non
1149 4242 1242 4307 eadit.
1291 4239 1424 4322 Ἐριρμύα

239 4370 331 4439 saepe
353 4349 438 4438 apud
459 4348 708 4414 Demosthenem
733 4348 851 4413 dieitur
873 4370 973 4436 quum
996 4370 1078 4412 nemo
1102 4349 1185 4413 adest
1203 4349 1257 4434 qni
1267 4348 1426 4432 prohibere
1515 4405 1516 4410 ,
