3086 4968
809 231 874 300 480

249 427 352 494 Periit
381 425 465 512 sigla
494 425 737 510 praepositionis
768 427 800 488 ot
830 421 1066 488 restituendum
1099 419 1231 497 ἡπόλις
1255 418 1340 500 (ὑπὲρ)
1357 420 1400 488 τίς

250 541 308 598 τῶν
333 531 436 596 ἀλλων
460 533 616 605 Ἑλλήνων
638 529 822 609 ἐλευθερίας.

294 638 384 702 Idem
415 637 536 701 fantum
565 641 613 701 est
635 638 669 700 in
691 635 760 700 looo
783 637 889 702 visino
913 655 987 722 pag.
1012 633 1090 699 262.
1116 632 1171 697 10.
1196 628 1256 713 ἀρό
1277 655 1311 710 γε
1329 628 1404 708 μικροὶ

249 743 399 822 βοηθῆσαι
434 750 497 814 τοῖς
529 742 651 816 πένησιν
686 742 767 818 ὑμῶν
798 741 871 805 δοκῶ
905 741 922 816 ἢ
946 739 1043 820 μικρόν
1067 741 1229 804 ἀναλῶσαι
1254 737 1288 803 ἀν
1307 741 1351 800 τοῦ
1370 735 1404 812 μη

249 850 292 915 τά
318 850 423 914 δίκαια
446 855 543 912 ποιεῖν
566 848 592 912 oi
617 846 775 922 πλοόσιοι;
799 850 964 913 imovero
989 845 1088 934 (ὑπὲρ)
1113 850 1166 910 τοῦ
1191 847 1236 924 μό
1259 846 1316 910 ari.

292 1059 373 1146 Pag.
405 1056 483 1123 260.
518 1055 570 1122 15.
601 1054 694 1131 ἔθηκα
719 1055 805 1136 νόμον
829 1057 897 1122 καθ’
920 1055 951 1122 ὃν
974 1057 1044 1130 τοὺς
1069 1057 1127 1134 μὲν
1150 1057 1193 1120 τά
1216 1056 1312 1122 δίκαια
1331 1058 1407 1117 ποιεῖν

249 1164 435 1242 ἦνάγκασα,
473 1163 557 1246 [τοὺς
589 1163 782 1246 πλουσίους],
807 1164 876 1236 τοὺς
898 1163 929 1226 δὲ
957 1163 1120 1251 [πένητας]
1146 1161 1258 1228 ἔπαυσ’
1278 1156 1409 1237 ἀδικουμέ-

250 1295 327 1342 νους.
376 1269 556 1335 Insitioium
587 1290 654 1334 esse
685 1271 755 1340 τοὺς
788 1271 948 1343 πλουσίους
971 1272 1080 1358 arguit
1101 1271 1211 1355 inepta
1232 1269 1322 1335 sedes.
1360 1263 1410 1330 ux·
1514 1345 1515 1366 φ

248 1377 379 1463 pulsum
402 1375 561 1462 glossema
585 1397 691 1440 seeum
715 1377 815 1442 trahit
837 1376 953 1442 inutile
977 1379 1125 1450 πένητας.

295 1586 374 1673 Peg.
407 1583 483 1649 264.
516 1584 569 1650 28.
603 1589 628 1651 εί
660 1587 702 1667 τῷ
739 1586 835 1673 [τινθι]
865 1586 964 1666 ἀρχὴν
993 1584 1119 1667 ἀρχοντι
1150 1583 1262 1650 διδόναι
1286 1595 1320 1667 τῇ
1344 1580 1413 1648 πόλει

249 1693 292 1759 τά
326 1693 434 1756 ἑαυτοῦ
460 1693 513 1755 οὐκ
537 1690 651 1769 ε’ξέςοιι.
698 1693 841 1757 Dixissot
863 1693 978 1758 saltem
1002 1693 1102 1772 ἀρχόν
1125 1715 1204 1756 τινα.
1254 1690 1315 1757 Sed
1334 1690 1415 1755 omni·

249 1800 309 1864 bus
340 1803 527 1864 consuetum
558 1804 605 1864 est
637 1799 741 1864 dicere
773 1800 872 1879 ἀρχὴν
904 1796 1026 1878 ἀρχῶν,
1061 1800 1160 1878 ἀρχὴν
1192 1795 1288 1875 ἀρξας
1312 1803 1341 1862 et
1358 1798 1414 1860 sim.

249 1905 474 1990 Aristophanes
503 1903 587 1988 Veep.
613 1903 689 1968 556.

295 2009 436 2090 οἵιιτειρόν
459 2008 495 2086 μ’
517 2007 539 2074 ῶ
563 2009 679 2091 πάτερ,
706 1995 856 2087 αἰτοῦμαί
879 2008 921 2085 σ’,
946 2011 972 2074 εί
997 2009 1111 2080 καύτός
1137 2008 1252 2072 πώποθ’
1277 2007 1389 2090 ὑφεῖλον

297 2118 397 2198 ἀρχὴν
421 2113 518 2195 ἀρξας
544 2117 561 2192 ἢ
586 2115 630 2181 ’πὶ
656 2121 786 2198 ςρατιάς
810 2123 872 2188 τοῖς
897 2115 1050 2192 ξυσσίτοις
1069 2113 1247 2196 ’ἀγυράζων.
1321 2174 1325 2182 ,

296 2326 378 2412 Pag.
404 2324 481 2391 269.
507 2325 560 2390 15.
584 2326 632 2397 τίς
658 2325 695 2389 ῶν
720 2326 772 2389 καί
797 2326 884 2389 τόνων
908 2325 1012 2409 ῥηιδίως
1037 2323 1130 2394 οὕτως
1153 2323 1245 2405 ἀρχει
1267 2330 1317 2388 τοῦ
1334 2326 1416 2388 κακῶς
1517 2397 1518 2406 2

249 2430 356 2508 λέγειν
416 2429 635 2516 Supplendum
662 2433 713 2495 καὶ
739 2433 803 2495 ἘΚ
826 2420 928 2509 πίνων,
955 2438 993 2497 ut
1017 2451 1125 2496 omnes
1148 2434 1183 2495 in
1205 2453 1242 2497 ea
1264 2452 1296 2496 re
1317 2428 1416 2507 solent,

251 2537 370 2615 ἀγαθὸς
401 2537 454 2600 καὶ
486 2535 520 2613 ἐξ
551 2539 696 2614 ἀγαθῶν,
729 2539 834 2618 πολλῷ
865 2539 983 2616 βελτίω
1008 2537 1117 2601 τούτου
1142 2539 1194 2602 καὶ
1219 2540 1254 2601 ἐκ
1277 2532 1416 2616 βελτιόνων

252 2665 327 2731 pag.
353 2641 430 2707 228.
453 2640 521 2720 19.,
543 2644 648 2714 δοῦλος
670 2644 722 2707 καὶ
744 2646 778 2707 εἰι
799 2644 923 2715 δούλων,
946 2663 1018 2730 pag.
1042 2643 1118 2708 614.
1143 2642 1196 2708 18.
1216 2645 1294 2721 βοῶν
1315 2679 1351 2689 -
1368 2636 1417 2702 δοθ-

251 2765 321 2820 λους
356 2749 407 2812 καὶ
442 2749 474 2812 εἰι
497 2749 609 2814 δούλων
633 2755 735 2813 καλῶν
761 2751 870 2814 ἑαυτοῦ
894 2751 1040 2827 βελτίους
1066 2749 1118 2814 καὶ
1143 2751 1178 2814 εἰι
1202 2748 1374 2828 βελτιόνων,
1393 2745 1418 2820 et

251 2856 372 2921 similia
395 2855 447 2919 his
471 2854 644 2941 complura.

296 3065 376 3152 Pag.
411 3061 488 3130 273.
520 3061 575 3129 28.
599 3063 633 3127 τὸ
664 3065 720 3140 μὲν
746 3065 780 3138 δὴ
806 3067 859 3146 πρὸ
885 3072 937 3132 τοῦ
961 3067 1097 3144 πολέμου
1122 3075 1326 3132 ΦΛΝΘΡΩΟ
1347 3083 1420 3127 συνα-

253 3171 434 3251 γωνίζεσθαι
466 3171 609 3250 Φιλίππῳ
641 3171 732 3236 δεινόν
763 3171 820 3249 μέν
846 3211 900 3250 -,
933 3175 1008 3238 ἀλλ’
1039 3173 1141 3246 ἐπειδὴ
1176 3165 1421 3239 ΦΑΝΕΡΩΟτθ

252 3286 348 3342 πλοῖα
382 3277 549 3347 ἐσεσύλητο
581 3276 644 3339 κτὲ.
694 3276 825 3355 Quaerit
845 3278 1025 3344 Dobraeus:
1053 3302 1118 3356 „aa
1133 3280 1240 3362 priore
1263 3281 1322 3343 θνοο
1343 3285 1422 3353 φανε-

253 3389 306 3464 ρῶς
330 3381 510 3446 όνθειιιθυνιιί
556 3380 632 3446 Sine
655 3381 723 3446 ulla
747 3383 955 3450 dubitatione.
1003 3384 1088 3450 Nam
1112 3377 1421 3470 praeterquamquod

251 3487 452 3554 intolerabile
483 3491 530 3551 est
561 3494 697 3568 φανερῶς
730 3489 779 3553 bis
811 3493 1002 3578 repetitum,
1036 3494 1132 3556 etiam
1169 3494 1323 3557 sententia
1350 3489 1421 3573 prius

251 3600 389 3677 φανερῶς
421 3595 559 3678 respuit:
593 3596 624 3657 οὐ
654 3593 717 3672 γάρ
750 3600 929 3675 φανερῶς
963 3595 1199 3677 συνηγωνίζετο,
1225 3579 1301 3660 ἀλλἸ
1322 3596 1356 3666 ῶς
1378 3585 1422 3656 οἷόν

252 3726 287 3767 τε
310 3700 436 3778 μάλιςα
465 3697 607 3783 λάθρρι.

299 3909 390 3990 Quod
414 3911 561 3975 continuo
586 3911 731 3994 sequitur
754 3931 828 3997 pag.
853 3909 930 3976 274.
955 3910 987 3975 2.
1015 3913 1089 3976 ἀλλ’
1108 3912 1212 3986 ἐπειδὴ
1232 3917 1364 3994 φανερῶς
1381 3903 1422 3980 ἤδη

253 4016 295 4080 τθι
338 4023 435 4080 πλοῖα
479 4014 664 4092 εὀεσθλητο,
703 4015 880 4095 Χερρόνησος
918 4019 1088 4097 ἐπορθεῖτο,
1124 4017 1173 4081 ἐπὶ
1210 4020 1265 4093 τὴν
1300 4011 1422 4082 ’Arrenii

255 4119 401 4199 ἐπορεύεθ’
437 4116 606 4198 ἀνθρωπος,
629 4121 743 4204 [οὐκέτ’
768 4125 798 4186 ἕν
822 4124 1097 4204 ἀμφισβητησίμῳ
1122 4123 1164 4186 τά
1187 4123 1363 4202 πράγριατα
1384 4112 1422 4193 θ’,

255 4226 329 4290 ἀλλ’
353 4226 496 4300 ε’νειςάκει
521 4225 656 4303 πόλεμος
666 4232 691 4311 ,]
717 4224 735 4292 θ’
755 4252 785 4291 τι
813 4229 869 4306 μὲν
894 4229 1018 4294 πώποτε
1043 4228 1173 4310 ἔπραξεν
1188 4268 1229 4278 -
1243 4231 1296 4294 οὐκ
1315 4227 1351 4292 ἀν
1370 4222 1422 4300 ἔχει

257 4329 365 4407 δεῖξαι.
406 4329 541 4397 Summo
563 4335 633 4398 iure
658 4335 747 4410 ,,ιέία
770 4334 871 4400 οὐκέτ’
886 4374 928 4384 -
942 4335 1078 4414 πόλεμος
1095 4337 1191 4420 plone
1214 4322 1424 4420 ειιρετνυοοιιιό
