3086 4968
812 229 878 300 464

247 421 391 501 διιοθήιιην
415 461 457 474 -
482 421 601 500 τμήτην
634 431 700 488 ΔΕ.
729 443 804 512 png.
837 421 914 489 547.
948 423 981 489 4.
1010 425 1037 490 εἰ
1061 423 1094 489 δέ
1116 448 1164 499 τις
1189 463 1232 476 -
1255 424 1344 507 τοιίτρ
1365 431 1418 490 ΔΕ.

247 553 325 621 png.
363 527 460 599 1178.
494 529 523 596 5.
558 521 715 609 διδέγίι
739 531 793 610 έριί
814 567 856 580 -
876 533 984 596 τοῦτον
1007 538 1075 597 ΔΘ.
1097 552 1173 620 peg.
1200 530 1297 600 1200.
1316 530 1346 598 6.
1362 525 1423 596 ἰτοι

248 636 280 703 δέ
305 675 347 688 -
375 640 548 713 τηνικιοῦτοι
583 645 651 702 ΔΘ.
696 634 782 702 Hine
812 634 945 725 colliges
976 636 1130 704 excidisse
1158 635 1191 702 δέ
1211 659 1286 728 peg.
1308 637 1377 704 808.
1398 637 1422 702 1.
1518 623 1519 666 t

246 743 317 818 τοὺς
350 742 381 810 δὲ
411 742 482 819 τοὺς
513 741 604 816 ὄντος
636 740 745 822 νόμους
776 743 820 816 εἰς
853 744 908 818 τήν
939 747 997 808 τοῖν
1027 739 1126 825 ἰίσπερ
1157 745 1211 810 οὐκ
1234 742 1322 812 έντιιν
1342 741 1422 820 νέμοι

245 849 336 930 τθξιν
365 847 503 929 θγοντοις
527 849 652 922 τούτους
678 849 743 936 (Δ’)
767 849 981 930 ἀτιμωρήτους
1006 854 1162 932 περιοροῖν,
1189 856 1222 916 et
1243 854 1347 917 nostro
1365 849 1422 916 loeo

245 957 339 1023 uniee
370 976 484 1023 verum
514 973 599 1022 esse:
632 951 681 1030 οὓς
719 956 758 1019 Δ’
792 954 896 1021 ἕνθιίδε
928 957 1094 1039 προήρητκι
1121 958 1233 1042 φίλους
1258 958 1421 1034 κεκτήσθκι,

245 1063 364 1135 τούτοις
388 1064 427 1128 Δ’
451 1061 601 1131 έπίσευεκ.

290 1167 386 1235 Vides
407 1172 604 1236 constantem
628 1167 710 1234 hene
732 1168 970 1252 compositionis
993 1167 1131 1234 formem
1151 1190 1219 1236 esse
1240 1172 1297 1237 nbi
1314 1189 1421 1256 preeoe

244 1275 293 1342 dit
315 1272 490 1342 reletivum
513 1270 544 1348 6ο
569 1273 601 1340 δέ
626 1311 667 1324 -
693 1278 726 1340 et
748 1275 894 1361 seqnitur
917 1273 1208 1342 demonstrativum
1230 1273 1315 1350 οὗτος
1338 1284 1396 1342 ΔΕ.

290 1481 397 1550 inanis
418 1483 593 1551 verbositas
615 1483 724 1549 Attioo
743 1486 866 1550 oratore
887 1482 1031 1570 quolibet
1050 1483 1185 1573 indigne
1203 1489 1313 1552 oneret
1328 1483 1421 1552 loonn

244 1610 320 1678 psg.
352 1587 406 1655 85.
432 1587 463 1656 6.
496 1593 637 1654 τοσοῦτοι
669 1591 752 1667 ὑμοίς
779 1591 892 1669 ιίγσιθίι
916 1591 1048 1666 ποιήσειν
1072 1590 1147 1677 (ἔφη
1169 1594 1185 1656 δ
1205 1581 1420 1680 Φίλιππος),ἰι

245 1694 381 1779 γράφειν
409 1695 448 1762 θν
477 1695 532 1773 ήδη
566 1696 592 1762 εἰ
626 1693 688 1780 ήδει
717 1696 772 1771 τήν
795 1696 909 1778 εἰρήνην
933 1697 1077 1779 ἐσομένην
1100 1697 1191 1774 δῆλον
1211 1701 1252 1775 εἰς
1276 1720 1421 1780 προκεχει·

244 1801 389 1882 ρισμένιον
420 1801 472 1869 κοιί
506 1801 634 1881 ἓτοίμοιν
663 1800 755 1868 θντιιν
785 1809 845 1868 τῶν
868 1804 995 1882 σίγοοθιῖν
1023 1799 1058 1893 [οἰ
1082 1803 1257 1884 ἐμέλλομεν
1279 1804 1420 1871 πείσεσθοι
1519 1849 1520 1870 ι

244 1915 299 1983 τοῖς
333 1909 448 1990 εἰρήνης
481 1906 671 1992 γενομένητ].
710 1907 875 1987 γενομένης
911 1909 943 1975 δὲ
976 1916 1032 1984 τοῖς
1064 1911 1177 1992 εἰρήνης
1208 1903 1231 1977 οἰ
1263 1911 1319 1990 μὲν
1344 1912 1417 1988 ήμεῖο
1519 1949 1520 1960 ¹

244 2015 418 2094 έμέλλομεν
440 2014 551 2093 οἰγοιθίι
574 2015 733 2081 πείσεσθοιι
757 2013 890 2081 έκποδιίκ
914 2016 977 2081 κτί.
1015 2015 1050 2082 si
1070 2019 1141 2102 quie
1160 2017 1240 2084 heeo
1259 2037 1321 2083 non
1337 2016 1417 2082 sentit
1519 2023 1520 2040 ³

243 2122 350 2206 inepte
372 2121 549 2196 ebundere,
574 2122 653 2186 seire
675 2120 796 2188 vellem
819 2142 859 2188 en
882 2124 950 2208 ipse
975 2124 1020 2188 sio
1043 2121 1219 2189 orationem
1242 2123 1415 2190 formetunus
1519 2135 1520 2208 s

243 2226 366 2292 fnisset.
412 2224 633 2314 Hegesippus,
658 2228 749 2292 onius
770 2227 849 2295 heeo
870 2229 972 2294 oratio
995 2231 1059 2306 est,
1085 2227 1210 2294 dixerat
1224 2235 1333 2313 pereto
1349 2224 1414 2291 ιοίἰί

244 2338 289 2398 eet
312 2331 390 2398 hsee
413 2332 488 2397 bono
501 2332 609 2417 feisse
630 2354 731 2418 quum
753 2333 812 2400 ilie
835 2332 1005 2420 Philippus
1026 2332 1269 2419 pollicitaretur.

289 2539 369 2629 Peg.
401 2538 455 2607 86.
487 2540 540 2608 28.
575 2544 608 2608 οὐ
639 2541 730 2621 μθκον
760 2544 816 2618 τήν
847 2541 906 2620 ἔξω
930 2545 1067 2625 Ἀγοροῖς
1090 2541 1197 2625 χώρου
1220 2541 1412 2628 σφετερίζετσι

244 2647 334 2714 istie
365 2646 418 2713 κοιί
447 2649 519 2730 πρὸς
544 2648 749 2731 Κορδιοινοὺς,
772 2644 799 2716 οἰ
823 2651 950 2717 οἰκοῦσιν
973 2647 1043 2715 εἰσο
1067 2652 1203 2732 Ἀγοροῖς
1226 2649 1373 2719 ἐπιτέλλει
1392 2645 1415 2710 έν

243 2762 283 2838 τή
314 2759 366 2819 νῦν
396 2754 524 2838 έπιςολή
552 2754 590 2828 ὦς
614 2754 662 2821 δεῖ
680 2755 764 2834 ὑμᾶς
788 2753 1015 2836 διαδικάζεσθαι
1044 2754 1130 2843 [πρὸς
1155 2754 1337 2835 Κοιρδιοινοὺς
1357 2752 1415 2824 τοὺς

242 2864 462 2934 κατοικοῦντος
494 2862 524 2926 έν
548 2870 587 2945 τῇ
613 2860 761 2947 ὑμετέρρι]
785 2860 815 2927 εἰ
835 2886 866 2928 τι
893 2861 965 2943 πρὸς
997 2862 1109 2933 οιιίτοὺς
1138 2860 1328 2943 διαφέρεσθε.
1367 2858 1417 2924 Lo-

242 2986 298 3032 ous
330 2967 447 3032 misere
481 2965 700 3053 interpolatus.
765 2967 838 3034 Non
873 2971 941 3034 eret
975 2968 1167 3056 ambiguum
1202 2970 1280 3053 quin
1313 2969 1329 3044 ή
1360 2964 1416 3032 εἰσι

244 3069 380 3154 Ἀγοροίς
413 3070 592 3153 Χερρόνησος
626 3078 709 3139 esset
738 3073 1002 3139 Atheniensium:
1038 3072 1209 3160 Phiiippus
1245 3079 1350 3141 eutem
1375 3069 1417 3136 τθν

242 3176 336 3258 τέπον
368 3176 500 3244 οἰποιντιι
530 3178 582 3244 τίν
612 3176 669 3251 ἔξω
699 3178 832 3260 Ἀγοροῖς
865 3181 903 3252 εἰς
937 3180 1047 3246 έοιυτοῦ
1079 3177 1154 3244 ἰντο
1182 3178 1235 3244 sai
1260 3181 1329 3258 ὑμῖν
1350 3176 1417 3244 οὐδὲν

242 3286 432 3365 προσήκοιτοι
466 3281 557 3349 ἔδωκε
590 3286 777 3361 κοιρποῦσθκι
814 3284 1024 3370 Ἀπολλυκίδη
1059 3287 1102 3364 τῷ
1137 3284 1305 3367 Κκρδιοινῷ.
1346 3284 1417 3370 urge

241 3389 364 3474 relique
385 3409 458 3475 pers
481 3390 613 3455 interior
636 3387 824 3456 Chersonesi
847 3393 916 3457 sine
939 3392 1154 3458 controversie
1176 3397 1244 3457 eret
1266 3395 1301 3458 in
1316 3391 1417 3457 ditione

241 3495 497 3562 Atheniensium.
544 3495 655 3580 Itaque
680 3496 752 3575 πρίς
776 3494 962 3572 Κοιρδιοινοὺς
987 3489 1014 3563 οἰ
1036 3499 1166 3562 οἰκοῦσιν
1190 3496 1260 3562 εἰσιν
1283 3496 1415 3576 ’Arois

242 3605 275 3668 et
307 3601 389 3682 πρὸς
410 3599 595 3682 Κορδιοινοὺς
629 3601 699 3674 τοὺς
724 3608 942 3676 κοιτοικοῦυτοις
968 3603 997 3668 έν
1022 3613 1061 3685 τῇ
1087 3602 1222 3688 ὑμετέρου
1245 3608 1294 3671 est
1310 3619 1417 3688 prorsus

241 3707 318 3773 ιἰἰεκι
359 3711 392 3772 et
426 3709 624 3794 ineptissime
658 3707 707 3772 bis
741 3708 829 3774 idem
864 3709 937 3775 eliis
970 3711 1077 3776 verbis
1112 3709 1242 3774 dieitur.
1302 3709 1416 3775 Reseete

240 3811 359 3880 seholio
382 3816 482 3880 oretio
503 3817 588 3879 reete
610 3813 752 3900 procedit
776 3815 840 3879 sio:
863 3813 1012 3896 καὶπρὸς
1034 3814 1242 3900 Κορδικνοὺι,
1263 3810 1290 3882 οἰ
1308 3814 1416 3880 οἰκοῦσιν

241 3917 311 3984 εἰσιν
338 3917 492 4000 Ἀγοροίς,
516 3917 672 3988 ἐπιτέλλει
695 3920 734 3993 εἰς
759 3918 807 3986 δεῖ
828 3920 911 4000 ὑμᾶς
936 3920 1110 4003 δικάζεσθαι
1131 3919 1161 3986 εἰ
1179 3944 1209 3985 τι
1230 3919 1302 4001 πρὸς
1321 3914 1416 3987 aoros

242 4023 432 4107 διοιφέρεσθε.

286 4233 365 4321 Peg.
392 4232 447 4298 90.
471 4233 503 4299 8.
530 4237 612 4313 ὑμοῖς
635 4235 705 4309 τοὺς
730 4237 863 4309 πολλοὺς
888 4237 936 4303 δεῖ
958 4237 1065 4304 ποίντοι
1085 4231 1182 4304 τᾶλλ’
1203 4239 1417 4320 ιίφΕΛΟΝτις

243 4337 265 4406 at
289 4348 328 4424 σή
352 4337 441 4406 πόλει
465 4340 602 4420 νομίζετε
627 4342 794 4425 συμφέρειν
814 4349 920 4410 τοῦτο
939 4345 1143 4430 φηφίζεσθοοι.
1179 4344 1262 4412 Sunt
1279 4342 1418 4432 quaedem
