3096 4972
770 265 836 337 542

207 459 262 526 sed
300 459 419 524 vitium
459 461 587 526 subesse
621 463 709 546 puto.
768 457 916 545 Suspicor
949 460 985 523 in
1020 459 1151 544 antiquo
1184 457 1268 524 libro
1304 457 1398 524 tirius

206 565 534 631 *rarecrurere
564 565 681 630 omissa
706 564 802 631 litera
824 563 944 630 initiali
966 573 995 629 A
1019 559 1057 630 ut
1079 568 1162 631 esset
1185 558 1248 645 ἆρά
1269 588 1311 642 γε
1333 588 1399 630 συν

206 669 278 735 lere.
341 669 532 738 Rubricator
563 682 590 736 0
621 669 768 757 praefinit
798 673 888 756 quasi
922 676 1005 738 esset
1039 672 1130 751 δράτε
1164 669 1305 748 συνίετε,
1340 692 1400 756 quo

203 777 286 842 facto
319 778 424 842 nescio
455 779 527 863 quis
561 778 616 842 καί
649 779 849 864 interposuit.
908 775 945 841 In
975 776 1138 844 nonnullis
1172 777 1266 843 libris
1303 777 1397 842 ‹litto-

204 881 340 972 graphia
363 887 411 948 est
434 878 496 964 άρά
518 907 558 960 γε
579 885 679 964 opace.
716 881 817 969 Saepe
835 884 870 947 in
889 883 1005 948 menda
1023 883 1075 948 his
1096 883 1268 949 simillima
1286 883 1398 958 incidi,

204 988 289 1054 unde
320 990 461 1074 suspicor
493 992 592 1056 etiam
623 1011 696 1078 pag.
730 987 807 1054 660.
840 987 894 1054 21.
924 983 986 1069 άρά
1010 1013 1051 1067 γε
1075 992 1180 1072 [apsa
1205 989 1274 1078 καὶ]
1302 1013 1399 1056 κατα·

129 1185 133 1193 ¹
205 1092 377 1173 μανύάνετε
403 1095 635 1163 eiusdemmodi
660 1095 912 1184 dittographiam
936 1097 1073 1163 subesse.

250 1306 329 1372 Post
357 1325 459 1393 pauca
489 1305 595 1372 editur
623 1326 698 1393 pag.
731 1303 807 1370 680.
841 1304 893 1370 16.
927 1302 1022 1376 πάντ’
1053 1301 1115 1370 άνυ
1140 1303 1195 1370 καὶ
1219 1302 1305 1370 κάτον
1335 1305 1398 1393 [πε-

208 1411 330 1498 notans]
364 1412 416 1476 καὶ
448 1410 530 1476 ούδὲν
562 1411 669 1484 άπλῶς
701 1409 768 1476 οὐδὲ
801 1411 921 1484 δικαίους
954 1409 1094 1491 ἔπραξεν.
1141 1410 1325 1476 lusiticium
1353 1416 1398 1478 est

208 1518 365 1592 πεποίηκε.
413 1517 624 1583 Proverbium
660 1522 709 1584 est
742 1516 836 1582 πάντ’
871 1515 931 1581 άνυ
963 1517 1015 1583 καὶ
1048 1516 1132 1582 κάτον
1165 1517 1266 1581 omnia
1295 1539 1398 1604 ειιοροο

208 1625 317 1709 deque,
341 1643 445 1708 neque
466 1621 535 1687 ullo
557 1623 654 1690 verbo
677 1642 757 1709 opus
780 1629 837 1689 est.

251 1833 332 1921 Peg.
365 1830 441 1898 680.
477 1831 528 1897 18.
561 1825 627 1895 ύοον
657 1832 713 1910 μὲν
743 1830 850 1912 χρόνον
881 1833 897 1907 οἱ
930 1831 1064 1914 ὑμετέρα
1091 1831 1220 1910 δύναμις
1245 1832 1395 1914 παρῆνὲν

207 1937 424 2019 Ἑλλησπόντῳ
456 1937 630 2003 κολακεύων
659 1937 712 2002 καὶ
746 1937 919 2021 Φενακύζονν
951 1939 1034 2017 ύμάο
1059 1937 1254 2017 διαγέγονεν
1279 1937 1346 2004 ἐπεὶ
1369 1938 1396 2002 δ’

206 2041 271 2111 εἶδε
298 2044 424 2126 τάχιςα
455 2045 507 2109 τὸν
527 2045 758 2119 Ἑλλήσποντον
783 2045 890 2125 ἔρημον
913 2044 1228 2135 [δυνάμεοι],εύύὺς
1253 2043 1395 2125 ἐνεχείρει

207 2151 392 2222 καταλύσας
426 2149 494 2234 [καὶ
525 2148 736 2234 άπαλλάξοις]
767 2151 837 2223 τοὺς
869 2151 921 2216 δύο
955 2154 1021 2238 [τηε
1057 2153 1173 2234 άρχῆι]
1205 2156 1316 2216 πάσαν
1346 2149 1396 2227 ὑφ’

207 2259 305 2339 ἑαυτῷ
340 2256 523 2331 ποιήσασθαι
559 2258 614 2332 την
648 2256 760 2337 άρχύν.
815 2255 984 2324 lnficetum
1020 2257 1175 2334 δυνάμεως
1211 2263 1244 2324 et
1278 2279 1335 2344 per
1366 2277 1398 2321 se

207 2367 386 2451 spectatum
419 2364 595 2427 insiticium
629 2382 695 2428 esse
723 2362 920 2451 intelligitur
943 2369 975 2429 et
997 2370 1125 2450 propter
1147 2385 1185 2430 ea
1208 2385 1289 2450 quae
1313 2383 1398 2450 prae-

207 2470 324 2537 cedunt
355 2470 372 2544 οἳ
405 2467 538 2547 ὑμετέρα
561 2467 690 2545 δύναμις
715 2477 814 2548 παρῆν
837 2470 868 2534 ἒν
891 2467 1112 2550 Ἑλλησπόντῳ
1135 2489 1265 2555 prorsus
1287 2467 1397 2533 intole-

207 2575 307 2642 rabile
331 2580 390 2640 est.
439 2573 527 2654 Quae
550 2578 726 2660 sequuntur
746 2575 991 2661 interpolatione
1009 2576 1156 2642 laborant
1203 2575 1277 2640 Non
1295 2574 1399 2659 potuit

208 2682 321 2747 Orator
344 2687 399 2755 τῆς
423 2683 524 2761 άρχῆς
550 2686 582 2746 et
604 2682 658 2755 την
682 2682 782 2762 άρχάν
806 2684 851 2747 sic
872 2685 1071 2769 coniungere.
1107 2681 1218 2766 Itaque
1237 2679 1399 2745 Dobraens

207 2793 264 2855 aut
293 2796 347 2862 τῆς
378 2788 479 2868 άρχῆο
511 2786 615 2852 delere
644 2785 772 2853 volebat
804 2793 860 2853 aut
890 2788 944 2861 rto
977 2789 1100 2871 Θράκην
1130 2806 1187 2872 pro
1220 2789 1276 2861 την
1300 2784 1399 2866 άρχύν

208 2894 411 2959 substituere.
460 2890 516 2957 Me
537 2893 635 2957 stiam
658 2891 848 2970 ἀπαλλάξαι
867 2893 1016 2971 offendit,
1037 2896 1187 2980 quoniam
1208 2890 1399 2968 άπκλλάξαι

208 3004 240 3065 et
263 3001 494 3077 άπαλλαγῆναι
517 3019 646 3080 summa
669 3003 845 3065 constantia
866 3006 1028 3085 ponuntur
1051 3003 1088 3066 ale
1109 3023 1143 3064 το
1161 3001 1266 3065 οάίοια
1288 3007 1317 3063 et
1343 3019 1400 3062 mo

208 3107 298 3182 teate,
330 3125 392 3191 qua
424 3106 495 3189 quis
525 3124 621 3190 quem
656 3104 808 3172 liberarit
839 3112 895 3172 aut
924 3110 992 3193 ipse
1020 3107 1174 3174 liberatus
1199 3111 1265 3184 est,
1291 3107 1398 3170 άπαι-

206 3221 346 3289 λαγῆνοοι
377 3209 593 3294 πραγμάτων,
626 3212 780 3290 πολέμου,
814 3219 946 3295 μαχῶν,
977 3212 1090 3290 πόνων,
1124 3211 1223 3281 νάσου.
1252 3211 1398 3277 κινδύνου.

206 3318 317 3404 Itaque
347 3315 538 3391 άπαλλάξαν
569 3324 624 3392 τῆς
656 3319 757 3399 άρχῆς
790 3318 893 3384 dicere
916 3319 954 3385 de
977 3340 1012 3385 eo
1035 3321 1090 3406 qui
1121 3340 1217 3405 quem
1248 3319 1280 3383 ον’
1311 3340 1399 3400 σαρκο

206 3424 316 3508 spoliat
338 3424 512 3489 absurdum
535 3427 592 3488 est.
639 3421 1054 3509 SuspicorDemosthenem
1074 3426 1191 3491 dixisse
1210 3422 1398 3496 καταλύσας

206 3530 277 3602 τοὺς
309 3528 360 3595 δύο
392 3535 424 3594 et
455 3529 656 3614 adscripsisse
686 3529 825 3614 aliquem
856 3529 1052 3607 άπαλλάξυς
1085 3537 1140 3604 τῆς
1172 3533 1274 3611 άρχηρ
1299 3532 1400 3599 etsie

206 3635 359 3724 vrrlgatac
381 3637 554 3722 scripturae
575 3634 682 3701 labem
706 3656 773 3701 esse
795 3641 915 3703 natam.

251 3845 332 3933 Peg.
365 3844 441 3911 682.
474 3843 530 3910 25.
561 3845 596 3909 τὸ
625 3853 804 3910 τελευταῖον
829 3845 859 3911 δὲ
883 3845 943 3912 νυνὶ
969 3847 1020 3912 καὶ
1044 3845 1194 3928 φύλακας
1220 3846 1398 3922 κατέςησαν

208 3955 290 4031 ύμάς
321 3951 433 4017 ἐκείνου
463 3951 514 4016 διά
547 3954 600 4016 τοῦ
632 3951 904 4031 προβουλεύματος
934 3952 1040 4019 τούτου
1073 3955 1098 4018 ri
1124 3955 1168 4032 μη
1192 3955 1248 4030 την
1270 3957 1399 4037 γραφὴν

211 4055 408 4136 ἐποιησάμεθ’
441 4058 530 4135 ἡμεῖς
563 4057 702 4131 ταυτηνί.
749 4057 920 4125 Manifesto
951 4060 1102 4126 mendosa
1130 4061 1209 4127 haec
1232 4061 1331 4128 lectio
1355 4065 1400 4128 est

207 4165 282 4250 quia
304 4183 431 4249 prorsus
453 4166 666 4229 necessarium
689 4161 728 4228 άν
751 4165 956 4230 desideratur.
992 4166 1104 4252 Itaque
1123 4171 1245 4232 veteres
1266 4169 1398 4253 quidam

208 4269 396 4335 correctores
425 4267 577 4349 φύλακας
612 4267 650 4334 άν
683 4270 857 4349 dederunt,
891 4274 974 4358 quod
996 4272 1140 4339 Dindorf.
1165 4274 1291 4340 abiecit.
1341 4275 1397 4340 Le·

207 4373 351 4467 gendum
375 4377 439 4439 est:
465 4382 552 4439 KAN
579 4373 662 4463 (κάν)
688 4376 839 4461 φύλακας
864 4377 1040 4454 κάτὲτηοαν
1064 4380 1156 4460 ὑμάς.
