3034 4968
635 199 697 271 111

85 390 143 452 rent
165 393 285 456 veteres
308 393 495 457 correctores
518 387 602 454 alius
625 388 831 466 conpellarer
853 389 896 458 de
918 411 976 456 suo
996 393 1155 476 reposuit,
1177 389 1261 458 alins

87 495 259 577 σνμμεόιςᾷ.
303 494 438 564 Latebat
475 495 724 572 σομμεόιςοένθΙ.
778 494 945 582 Sequiores
979 517 1035 583 pro
1066 496 1171 565 ἱτοὶνοιι
1205 503 1262 564 aut

87 599 147 666 ἱςῖιν
176 601 321 669 dicebant
351 605 407 666 aut
439 601 562 668 ἱςοὶνειν.
589 602 628 667 cf.
652 601 729 666 Noc.
754 601 846 666 lectt.
870 623 945 690 pag.
971 601 1046 668 152.
1091 602 1205 669 Strabo
1227 607 1261 670 in

88 705 187 771 multis
204 706 316 772 formis
334 709 485 774 vitiosam
504 707 687 793 aequalium
706 707 862 783 σννήόειαν
881 712 1041 795 sequitur,
1060 713 1097 774 nt
1116 708 1180 776 alio
1191 710 1260 777 loco

90 814 287 879 ostendemus.

124 1019 195 1108 Pag.
220 1020 274 1088 58.
298 1021 482 1094 Ποσειδῶνος
505 1023 668 1100 οἱσΦαλὶον
694 1023 780 1102 ἱερόν.
816 1023 995 1092 Barbarum
1018 1029 1067 1092 est
1088 1024 1258 1108 οἱσφοὶλιος,

88 1131 119 1193 ut
144 1125 292 1204 μενόλιος
323 1132 356 1193 et
379 1125 530 1209 καόοὶριος.
568 1125 726 1195 Graecum
751 1134 799 1196 est
821 1128 1031 1210 οἱσφιὶλΘΙοο,
1056 1131 1260 1215 aereaere,

89 1233 256 1313 καόόρθιος.
280 1234 511 1319 Aristophanes
534 1239 609 1302 noto
633 1234 719 1302 loco:

299 1335 341 1412 οἱς
367 1339 515 1406 Ποσειδῶν
538 1339 713 1421 ἀσφάλειός
738 1341 801 1409 έςιν
825 1344 842 1418 οἱ
866 1341 1036 1420 βακτηρὶα.

126 1445 300 1530 Sexcenties
323 1446 408 1532 apud
433 1447 628 1530 Kramerum
651 1452 683 1512 et
706 1447 885 1515 Miillerum
911 1457 949 1514 ΕΙ
974 1452 1007 1515 et
1027 1458 1040 1514 1
1059 1449 1173 1518 'contra
1191 1473 1261 1518 oon·

89 1556 210 1621 stentem
234 1551 362 1622 dicendi
383 1572 480 1620 usum
503 1552 750 1621 confunduntur.

126 1762 235 1830 Misere
260 1767 433 1847 corruptus
463 1767 496 1829 et
525 1767 691 1830 truncatus
723 1770 771 1830 est
793 1764 882 1831 locus
905 1764 1085 1833 ermanus
1107 1787 1181 1856 pag.
1207 1767 1260 1833 65.

92 1869 324 1953 (Eratosthenes)
356 1869 416 1950 οὐχ
447 1868 516 1951 ἱροὶν
539 1870 618 1952 Φνσὶ
642 1877 704 1942 τῶς
728 1869 766 1936 διν
791 1871 835 1942 εἱς
858 1868 1047 1950 τρόμματλ
1070 1872 1263 1956 κατατρέφοι

91 1980 105 2052 ἱ
134 1977 251 2058 ζήτησις
287 1972 368 2050 atre
403 1976 492 2040 οἱλλοὶ
524 1975 613 2054 μόνον
646 1984 1038 2044 ΕΡΙΝΔΙΑΙΤΩΝΤΩΝ
1070 1987 1262 2047 ΜΛΛΛΟΝ

91 2087 163 2149 κατὰ
185 2082 374 2162 Δημόκριτον
397 2078 486 2148 εἱναι.
527 2081 706 2152 Insanahile
729 2083 822 2150 ulcus
845 2089 926 2150 esset
949 2086 1012 2150 nisi
1035 2083 1163 2152 aliunde
1180 2086 1265 2154 clara

89 2190 137 2256 lux
164 2189 341 2257 affulsisset.
382 2188 506 2274 Nempe
532 2193 636 2256 iocoso
667 2189 842 2256 Democriti
873 2189 957 2256 dicto
989 2190 1044 2256 alii
1067 2212 1190 2278 quoqne
1216 2196 1266 2260 usi

90 2299 156 2382 quid
176 2298 292 2364 dixerit
313 2295 409 2361 homo
428 2294 540 2362 hilaris
563 2300 595 2360 et
618 2295 752 2362 festivus
772 2296 971 2381 patefacient.
1016 2298 1103 2363 Audi
1121 2302 1264 2385 primum

90 2403 288 2472 Plutarchum
310 2404 345 2467 in
368 2402 559 2488 Symposiacis
580 2423 654 2490 pag.
680 2401 754 2467 614.
779 2403 839 2473 τοὶς
862 2403 973 2483 ψυχας
994 2405 1027 2470 αἱ
1048 2406 1105 2480 μὲν
1126 2406 1264 2487 ε’λαφραὶ

91 2509 217 2594 ζητήσεις
237 2511 381 2588 ἐμμελῶς
402 2508 453 2573 καὶ
474 2508 638 2586 ὥφελὶμως
659 2514 805 2587 κινοῦσιν,
832 2510 846 2574 έ
854 2511 1048 2585 ριδανταὶ
1056 2534 1101 2574 ων
1127 2512 1159 2577 δέ
1179 2514 1265 2578 κοντοὶ

92 2618 267 2697 Δημόκριτον
295 2615 348 2682 καὶ
386 2615 396 2679 ἱ
406 2616 742 2688 μαντελικταὶων
773 2614 885 2694 λόγους
915 2615 1059 2694 οἱΦετέον.
1103 2614 1265 2705 Oompone

92 2744 157 2791 cum
184 2727 234 2792 his
263 2723 362 2790 verba
391 2718 566 2787 Clementis
588 2721 794 2788 Alexandrini
815 2742 889 2810 pag.
914 2720 991 2787 328.
1016 2722 1156 2803 ζητήσεις
1180 2725 1268 2805 έριςι-

92 2831 142 2904 νὰς
169 2829 371 2913 ἕκτορὶζοντες
401 2825 551 2904 λεξειδὶων
582 2828 761 2909 όιιρνιτῆρες,
795 2827 931 2909 ζηλωταὶ
963 2828 1163 2908 τεχνυδρὶων,
1197 2831 1266 2910 έρι·

93 2936 246 3011 δαντέες
272 2937 325 3002 aci
350 2932 694 3012 ἱμαντελικτέες,
719 2936 758 3008 οἱς
781 2938 796 2999 ό
819 2933 1003 3013 Ἀβδηρίτης
1030 2934 1139 3008 έκεὶνός
1160 2945 1265 3017 φησιν.

92 3043 211 3111 Dudum
228 3042 429 3109 intellectum
449 3047 496 3107 est
516 3061 534 3107 a
553 3039 725 3106 Plutarcho
745 3043 901 3126 scriptum
920 3058 1004 3105 esse:
1026 3040 1267 3119 ἐριδαντέων

93 3149 120 3215 δέ
141 3152 218 3218 κατόν
243 3149 435 3228 Δημόκριτον
458 3148 509 3212 ααὶ
543 3150 871 3224 ἱμαντελικτέων
894 3144 1016 3224 λόγους.
1064 3145 1170 3213 Simul
1195 3147 1267 3214 lnce

94 3256 197 3324 clarius
218 3264 265 3342 est
285 3260 321 3322 in
344 3277 440 3342 quem
464 3275 602 3321 errorem
625 3273 658 3318 se
679 3251 821 3317 induerit
844 3247 993 3318 Olemens
1015 3253 1070 3337 qui
1094 3273 1133 3317 ex
1153 3252 1266 3332 έριδαν-

94 3365 160 3429 τέων
181 3366 229 3430 καὶ
255 3361 498 3442 ἱμαντελικτέων
520 3382 577 3447 pro
600 3356 753 3438 έριδοὶνται
777 3356 829 3423 καὶ
852 3357 1073 3436 ἱμαντελὶαται
1094 3359 1269 3426 dormitans

95 3472 282 3538 substituerit
313 3467 479 3550 έριδαντέες
512 3467 564 3533 καὶ
593 3466 846 3543 ἱμαντελικτέες,
870 3463 909 3529 de
931 3484 994 3548 qua
1016 3484 1050 3530 re
1074 3463 1215 3530 diximus
1236 3465 1267 3530 έν

95 3576 132 3656 τῷ
153 3579 241 3659 λινέῳ
265 3579 363 3658 Ἑρμῇ
387 3595 462 3663 pag.
489 3570 566 3640 207.
590 3593 656 3658 sqq.
691 3571 760 3637 Iam
784 3589 859 3636 vero
881 3570 941 3636 hoc
964 3589 1089 3656 quoque
1111 3568 1182 3638 lnce
1206 3570 1269 3637 cla·

96 3684 155 3748 rins
181 3690 227 3750 est
257 3682 342 3768 apud
364 3680 553 3764 Strabonem
574 3681 609 3744 in
632 3677 689 3760 έριν
715 3677 895 3742 διαιτόιντων
919 3676 1020 3744 latere
1041 3674 1214 3756 ἐριδαντέων
1237 3682 1270 3745 et

96 3792 190 3854 totum
218 3792 328 3856 locum
357 3791 402 3854 sic
431 3789 465 3851 in
494 3789 659 3874 integrum
688 3785 815 3850 restitui
845 3787 1004 3868 oportere,
1034 3788 1072 3848 ut
1095 3784 1269 3850 scribatur:

97 3895 149 3976 οὐχ
170 3897 237 3978 όρῖιν
260 3895 338 3978 φιρσὶ
363 3899 425 3965 σῶς
446 3892 484 3959 ἱιν
503 3893 545 3965 εἱς
566 3889 770 3972 sperner-1
791 3888 983 3968 κατατρέφσι
1004 3890 1021 3963 οἱ
1043 3887 1166 3969 ζότιισις
1189 3886 1275 3967 αἱτνρ,

97 4000 174 4067 οἱλλὶι
195 4001 282 4080 μόνον
306 4000 541 4079 ἐριδαντέων
569 3997 636 4064 καὶ
662 3996 994 4075 ἱμαντελικτέων
1014 3995 1098 4062 κατὰ
1120 3995 1272 4076 Δημόκρι-

97 4131 141 4172 τον
170 4105 254 4174 εἱναι.
298 4107 362 4172 Pro
393 4107 434 4177 εἱς
465 4103 604 4185 τρῑιγμοὶ
636 4127 667 4168 τι
698 4103 890 4186 κατατρέφει
921 4106 956 4167 in
978 4104 1096 4169 vicinia
1117 4101 1167 4166 bis
1190 4102 1272 4167 dixit

97 4215 134 4288 εἱς
157 4211 372 4297 πραγματικόν
395 4236 424 4276 τι
448 4210 677 4290 αατατρέφειν,
703 4210 786 4295 quod
810 4208 974 4293 estplane
995 4207 1093 4272 idem.

137 4319 240 4407 Neque
270 4340 355 4389 nunc
385 4316 511 4398 difficile
542 4321 589 4384 est
620 4313 783 4382 Strabonis
814 4334 948 4383 manum
974 4315 1109 4398 reperire
1140 4313 1178 4376 in-
1203 4331 1269 4401 sqq.
