3052 4970
806 235 873 304 412

240 428 273 490 et
293 424 399 511 lepide
427 424 533 490 addit:
566 427 600 490 οὔ
631 424 695 509 γὰρ
726 426 811 490 κοιπίι
846 425 997 507 διοοφορίιν
1024 430 1050 493 οἱ
1080 428 1272 510 δννοιπιίπεροι
1297 421 1393 497 taeter

239 531 363 612 ὀνείρους
396 532 504 612 ὁρῶσιν.
538 538 570 597 et
597 535 644 598 ita
673 535 798 620 pergit:
832 533 994 611 αἰρομένων
1018 534 1049 600 δέ
1072 537 1174 600 οοιίσῶν
1199 537 1277 616 ὀρθῶς
1294 530 1336 597 ἐπί
1354 527 1394 590 τοῦ

239 635 477 715 Ἀγαμέμνονος
503 639 762 720 ε’πενεχίησεποοι·

603 745 740 810 πείθοντο
765 746 795 808 δέ
820 745 939 825 ποιμένι
964 753 1057 813 λινῶν.

239 852 283 930 μη
314 852 461 931 παρόντος
492 852 554 933 γὰρ
583 857 636 918 σοῦ
669 851 905 932 Ἀγαμέμνονος
937 855 988 919 σδν
1019 853 1143 936 Νέεσροο
1175 851 1262 933 λέγει
1294 842 1397 928 ποιμένι

237 965 338 1023 λοοῶν·
364 955 478 1024 ίίτοπον
502 959 566 1040 yae
590 959 687 1042 νούσῳ
711 955 838 1024 ἐπεοίοοι
862 958 932 1031 ποὺς
958 957 1087 1033 σίλλους.

282 1064 386 1131 Miror
406 1067 510 1153 igitur
532 1085 594 1152 quo
617 1069 710 1152 pacto
733 1065 918 1143 Bekkerus,
951 1069 1007 1151 qui
1030 1071 1080 1132 tot
1103 1087 1214 1135 versus
1237 1087 1275 1134 cx
1294 1069 1400 1145 utroque

237 1172 377 1238 carmine
400 1171 566 1239 damnavit
589 1176 621 1238 et
644 1170 796 1256 exclusit,
820 1171 871 1237 his
894 1193 1022 1258 parcere
1044 1176 1194 1259 potuerit.

283 1275 450 1344 Praeterea
472 1278 586 1344 haereo
610 1279 645 1342 in
666 1277 887 1353 ἘΠοοιέςησοιν
910 1299 968 1364 pro
991 1279 1156 1356 ἐνέςησοον.
1200 1279 1282 1361 Quid
1298 1281 1322 1344 si
1340 1273 1400 1342 olim

238 1383 336 1450 fucrit
733 1373 736 1380 ’
974 1373 977 1380 ’

420 1485 447 1556 οἳ
470 1500 528 1557 ΔΘ
551 1493 592 1556 T’
617 1489 772 1565 οένέςησοον
797 1489 934 1566 πείίονσί
953 1515 988 1556 σε
1013 1490 1132 1571 ποιμένι
1155 1497 1248 1557 λοοιῖιν.

283 1743 375 1813 Iliad.
406 1757 441 1813 B.
468 1745 543 1814 111.
618 1759 620 1764 '

419 1855 496 1926 Ζεύς
520 1875 561 1931 με
581 1853 681 1933 ,μένΑ
705 1854 844 1934 Κρονίδης
869 1852 930 1936 σ’ίση
954 1853 1073 1929 ἐνέδησε
1095 1854 1217 1938 βοορείη.

282 1958 471 2026 Rsvocanda
494 1964 562 2026 erat
584 1961 787 2027 Aristarchea
806 1963 964 2047 scriptura
983 1959 1105 2039 μέγΑο
1123 1983 1181 2047 pro
1201 1961 1303 2042 μέγΑ.
1324 1954 1403 2040 Didy·
1492 1945 1493 2022 Ῠ

237 2084 328 2132 mus:
353 2067 367 2132 ί
392 2051 578 2149 ’Λρίςοιρχος
603 2051 729 2139 ἐν’ποοῖς
754 2075 869 2141 Λιποοῒς
892 2065 1095 2145 ἐξηγούμενος
1119 2068 1172 2134 σί·

554 2172 655 2254 οιύτίορ
681 2171 777 2238 ἔπειτ’
807 2172 887 2246 Λίσος
911 2197 946 2238 σε
972 2173 1088 2252 μένοις.

237 2275 268 2342 ἐν
292 2300 349 2343 σινι
372 2283 430 2344 σῶν
450 2279 661 2361 ἠκριβωμένων
694 2278 922 2360 ὑπομνημάτων
947 2279 1064 2363 apoteca
1088 2282 1196 2344 ποιῦτοι
1219 2278 1300 2344 κοοπίι
1322 2275 1403 2354 λέξιν·

240 2383 292 2461 „orl
327 2386 399 2449 κοτ’
433 2387 567 2452 ἐπίθετον
600 2385 687 2465 λέγει
720 2383 871 2465 μίμοις,
906 2385 995 2452 οίλλίο
1028 2385 1100 2468 πρὸς
1131 2385 1338 2460 οὶνπιδιοιςολίςν
1362 2378 1403 2445 σοῦ

237 2488 336 2572 ἐτέρου
360 2491 503 2566 Λίοονπος.
527 2487 602 2558 ὅσσον
627 2492 659 2556 δέ
682 2490 780 2575 λέμη·

589 2599 665 2672 Ζειίς
690 2623 732 2677 με
756 2596 878 2678 alyne
906 2598 1046 2682 Κρονίδης

237 2701 336 2769 οὐκέτι
361 2699 406 2769 ἐπι
431 2704 483 2769 recl
507 2699 606 2788 ἐσερος
628 2702 734 2786 μικρός
758 2704 849 2774 ἐςιν.”

283 2809 374 2891 Quod
401 2811 556 2898 vulgatur
586 2811 676 2890 μένοι
706 2831 764 2897 pro
795 2809 946 2890 μεμοίοιοις
977 2813 1137 2898 positum,
1162 2818 1200 2877 ut
1224 2815 1324 2896 siunt,
1345 2825 1403 2875 cun

235 2919 366 2983 caeteris
393 2917 496 2985 verbis
517 2937 580 2983 non
604 2919 749 3003 quadrat.
796 2918 987 2984 Rectissime
1007 2909 1125 2986 dicitur
1148 2916 1169 2985 ὦ
1191 2922 1266 3000 μέν·
1285 2917 1401 2988 οίνιιιδέιι

236 3022 291 3088 sad
318 3041 380 3107 quo
410 3021 506 3089 modo
537 3025 642 3091 verbis
674 3022 735 3107 ίίση
759 3022 879 3099 ἐνέδησε
901 3026 1012 3108 βοιρείη
1035 3026 1110 3091 addi
1137 3030 1239 3112 possit
1260 3027 1342 3106 μένοι
1360 3022 1403 3088 aut

235 3127 386 3207 μενοίλος
421 3133 477 3216 aut
511 3130 630 3212 σφόδρα
663 3135 719 3196 aut
749 3128 831 3196 ποίνν
868 3137 924 3196 aut
954 3132 1130 3219 quidquam
1159 3133 1200 3199 de
1231 3152 1338 3221 genere
1357 3129 1402 3193 hoc

234 3255 329 3301 nemo
351 3235 445 3301 facile
469 3235 622 3302 ostendet.

281 3341 386 3422 Quam
410 3344 453 3406 sit
474 3342 598 3408 lubrica
622 3340 699 3408 fides
721 3342 915 3411 scholiorum
939 3349 971 3410 et
993 3365 1235 3433 nonnumquam
1256 3347 1293 3412 de
1309 3342 1401 3410 iisdem

234 3469 298 3514 non
321 3448 432 3514 eadem
456 3448 562 3514 doceri
584 3450 723 3536 ostendit
745 3449 835 3515 locus
858 3457 882 3516 1.
906 3445 959 3517 18.
980 3453 1037 3516 ubi
1054 3451 1142 3517 idem
1160 3473 1271 3520 vorsus
1288 3452 1400 3539 legitur:

417 3554 493 3628 Ζεύς
515 3580 557 3633 με
579 3554 702 3635 alyne
726 3558 865 3639 Κρονίδης
888 3553 948 3641 σ’ίση
973 3556 1090 3634 ἐνέδησε
1114 3558 1237 3641 βοορείρ.

234 3657 292 3727 ubi
327 3666 513 3727 annotatur:
552 3660 738 3745 Ἀρίςοορχος
775 3662 829 3728 σὺν
858 3663 901 3745 πῷ
939 3667 962 3728 C
992 3662 1109 3743 μένοις.
1145 3669 1177 3730 et
1208 3665 1225 3742 η
1256 3667 1342 3738 διπλῆ
1366 3654 1399 3722 tc

234 3773 353 3833 Mera
386 3769 433 3835 δεῖ
462 3766 597 3852 aptore
631 3768 700 3835 οίνσί
731 3773 785 3835 ποῦ
813 3768 1008 3850 μεμοίλοις
1029 3771 1068 3842 ὥς
1091 3770 1218 3854 σοίφοο.
1264 3765 1399 3844 Ἀδίιιιμος

235 3873 267 3938 δὲ
290 3872 413 3950 ποίννὴ
446 3875 531 3953 μετιὶ
561 3879 615 3941 τοῦ
642 3887 665 3940 C
689 3875 812 3959 γροιφιί.
859 3876 931 3943 Non
958 3873 1163 3943 Aristarchus
1193 3879 1275 3944 inter
1303 3895 1332 3941 se
1357 3891 1399 3956 p·

233 3981 366 4067 guantia
390 3979 517 4062 docuit,
542 3981 597 4047 scd
621 3980 761 4048 sublesta
784 3986 833 4048 est
857 3984 992 4048 testium
1013 3980 1102 4050 fides.

280 4251 372 4322 Iliad.
396 4262 435 4319 A.
460 4251 538 4321 208³
700 4321 702 4326 .

416 4354 454 4434 ὧς
477 4360 580 4445 φοίσο,
604 4364 646 4446 σῷ
669 4361 696 4428 δ’
719 4358 781 4448 οίροι
805 4363 897 4443 ίνμίν
920 4364 962 4433 ἐνί
986 4367 1126 4444 εηίεσσιν
1146 4361 1245 4451 ὄρινεν.
1336 4445 1340 4454 ,
