3086 4968
816 257 882 326 too

250 443 347 514 Solon
368 446 402 510 in
424 445 561 514 ferendis
582 449 673 516 noris
695 447 823 538 legibus
845 446 949 514 voluit
973 447 1154 530 observari:
1178 448 1283 512 ταῦτα
1307 447 1375 512 sunt
1393 466 1421 508 οο

251 575 327 638 quae
356 553 499 631 ἀζοῖποε,
533 574 669 639 quorum
700 553 784 620 nihil
813 556 942 620 omnino
966 554 1116 641 Leptines
1139 554 1251 619 fecisse
1274 553 1421 640 angantur:

251 665 283 722 et
314 681 367 722 αοο
392 659 523 745 (inquit)
539 660 673 746 ferinas
695 662 767 726 ἀοοο
791 661 901 726 maia.
949 661 1118 726 Praeterea
1142 658 1212 725 dele
1234 678 1348 725 nomen
1367 676 1424 742 pro

250 765 360 850 prium
382 763 538 840 Λεπτίνης
563 763 666 831 aliena
688 765 761 832 sede
781 763 982 832 eolloeatum.

297 971 378 1060 Pag.
411 970 489 1038 489.
524 971 577 1038 10.
608 975 662 1039 οῦκ
694 973 776 1054 ἔξεο-ι
807 974 894 1055 παρά
924 983 988 1047 τοῖς
1017 972 1274 1052 Λακεδαιμονίοις
1306 970 1348 1037 τά
1377 975 1424 1033 τῦν

252 1077 420 1154 Ἀθηναίων
449 1079 584 1146 ἐπαινεῖν
615 1079 733 1161 νίμιμα
748 1119 807 1166 -‚
840 1081 917 1146 ἀλλ’
949 1071 971 1146 ἀ
995 1089 1034 1163 τῇ
1058 1079 1132 1160 παρ’
1156 1078 1276 1153 εἀείνοις
1301 1075 1425 1157 πολιτείᾳ

254 1183 405 1265 συμφέρει
428 1185 523 1250 ταῦτ’
548 1187 829 1265 laurentiam
855 1185 907 1262 καί
932 1193 1035 1252 ποιεῖν.
1072 1185 1206 1251 Prorsus
1220 1184 1368 1250 alienum
1387 1184 1426 1246 est

254 1310 273 1355 a
303 1289 367 1354 looi
393 1295 550 1358 sententia
573 1292 626 1357 καί
651 1300 757 1359 ποιεῖν.
803 1293 875 1359 Ηοο
897 1292 1028 1377 quidem
1052 1294 1162 1382 opinor
1184 1291 1342 1357 habebant
1361 1288 1426 1354 eiri-

255 1398 338 1460 tates
360 1416 486 1475 omnes,
511 1404 549 1462 ut
571 1401 656 1464 aives
680 1403 867 1486 cogerentur
890 1406 986 1464 ποιεῖν
1008 1392 1030 1462 ἀ
1054 1406 1092 1479 τῇ
1117 1396 1261 1478 πολιτείᾳ
1281 1390 1425 1474 συμφέρει.

256 1497 369 1566 Omnis
404 1507 485 1568 esset
519 1508 642 1570 remota
674 1504 822 1570 molestia
854 1507 882 1569 si
916 1502 1077 1592 legeretur
1108 1505 1201 1567 ταῦτ’
1232 1502 1353 1579 ἀνοίγειν
1381 1495 1424 1561 καί

254 1604 486 1674 ἘΠΑΙΝΕΙΝ.
532 1609 656 1694 Nempe
686 1610 746 1675 hoe
776 1614 872 1698 urget
903 1608 1015 1675 Orator
1043 1632 1116 1674 εααο
1143 1630 1285 1694 quemque
1312 1601 1427 1669 οιόίίοίίι

254 1709 396 1778 instituto
418 1716 544 1797 etlapsa
567 1717 691 1780 laudare
713 1724 862 1800 oportere,
884 1737 944 1780 οοοιι
967 1717 1069 1782 abiem
1093 1716 1244 1780 οοίοίίονο.
1290 1712 1327 1778 ln
1347 1729 1380 1776 ea
1398 1727 1426 1770 re

254 1819 353 1884 etiam
383 1822 439 1906 qui
468 1821 705 1887 mentiebantur
736 1822 777 1888 ad
799 1824 955 1889 maiorem
977 1824 1099 1908 patriae
1120 1820 1260 1908 gloriam
1282 1814 1426 1905 paratissi-

255 1944 344 1990 mam
377 1928 505 1993 veniam
539 1927 755 2013 impetrabant
789 1932 822 1993 et
853 1925 1066 1996 laudabantur
1099 1928 1216 2011 potius.
1263 1923 1346 1990 Audi
1375 1919 1426 1986 ue

254 2030 453 2097 mosthenem
484 2034 683 2116 apertissime
713 2035 747 2099 id
777 2033 980 2101 confitentem
1012 2053 1087 2120 pag.
1123 2029 1200 2096 493.
1236 2027 1268 2096 7.
1298 2029 1362 2100 ποῦς
1391 2024 1425 2088 τὶ

256 2141 389 2200 τοιαῦτα
417 2137 569 2214 λέγοντας
602 2138 855 2219 παραδείγματα
887 2143 925 2213 οῖς
958 2139 1006 2220 ἀρ’
1038 2131 1141 2203 εἀεῖνοι
1165 2137 1303 2221 (maiores
1333 2129 1424 2216 ιιοιίτο

254 2240 390 2319 μεγάλα
415 2238 448 2308 εῦ
473 2241 621 2316 παθόντες
645 2244 736 2310 οὐδέν’
759 2245 911 2323 ἐτίμησαν
927 2283 971 2295 -
989 2242 1195 2315 ἀπαιδεύτους
1220 2243 1334 2321 ἡγεῖσθ’
1361 2233 1425 2302 εἶναι

257 2344 392 2413 -διίτι
427 2349 520 2414 ε’κεῖνο
554 2353 715 2427 ἀγνοοῦσιν
746 2347 805 2429 ὅτι,
837 2354 871 2416 εί
903 2351 952 2418 τά
984 2349 1150 2430 μάλιτα
1180 2349 1291 2413 ταῦί’
1321 2343 1423 2413 otene

256 2448 393 2535 είχεν,
425 2454 578 2535 ἀρνεῖσίαι
600 2459 725 2534 μάλλον
746 2455 763 2532 ἢ
788 2455 893 2536 λέγειν
916 2457 1020 2528 αὐτοῖς
1043 2462 1201 2537 προσῆκεν.

299 2664 380 2752 Pag.
403 2661 479 2729 490.
500 2661 555 2730 21.
575 2665 600 2729 εί
622 2663 675 2730 καί
695 2666 782 2730 αατά
804 2666 879 2752 [τὸν]
901 2665 1050 2744 λογισμὸν
1068 2663 1172 2730 ἐκεῖνα
1189 2661 1303 2746 Φανείν
1314 2655 1422 2739 βελτίω.

256 2769 332 2837 Sine
361 2769 497 2836 articulo
529 2770 675 2836 dicebant
706 2771 793 2837 κατά
823 2771 975 2851 λογισμόν
1005 2776 1039 2837 et
1062 2770 1096 2835 εἰς
1118 2773 1287 2847 λογισμοῦ,
1309 2772 1345 2832 ut
1362 2783 1421 2850 pag·

258 2873 334 2964 780.
355 2874 387 2942 2.
412 2875 467 2950 τάν
489 2877 525 2940 ἐκ
546 2881 698 2955 λογισμοῦ
722 2878 873 2955 σωτηρίαν
880 2925 889 2956 ,
914 2882 947 2943 et
969 2875 1042 2943 allis
1064 2876 1153 2942 loeis.

300 3084 382 3172 Peg.
415 3081 492 3150 491.
523 3083 552 3150 l.
586 3085 637 3152 καί
669 3087 744 3166 παρ’
776 3087 849 3166 ἡμῖν
879 3086 930 3152 ἐπί
960 3091 1017 3152 τῶν
1048 3083 1199 3167 προγίναν
1229 3083 1321 3151 πόλλ’
1341 3074 1422 3158 ἀγιίί

255 3190 450 3271 είργασμίνοι
482 3191 560 3264 τινὲς
592 3191 706 3264 οὐδενὸς
738 3191 873 3270 ἠξιοῦντο
904 3192 1056 3268 τοιοῦτον,
1080 3192 1154 3256 ἀλλ’
1177 3192 1348 3270 ἀγαπητῶς
1368 3184 1422 3248 ίπι·

254 3295 445 3378 γράμματος
469 3298 501 3361 ἐν
523 3304 587 3370 τοῖς
610 3301 740 3377 Ἑρμαῖς
765 3295 876 3378 ἔποχον
899 3299 951 3364 καί
974 3297 1044 3371 ίσιος
1069 3299 1149 3363 τοῦθ’
1173 3298 1246 3375 ὑμῖν
1268 3290 1423 3372 ἀναγνιίσε·
1523 3325 1524 3330 1

253 3425 308 3469 παι
332 3401 367 3466 τί
392 3402 594 3481 ἐπίγραμμα.
640 3402 788 3469 Postulat
811 3407 858 3469 rei
879 3409 992 3470 natura
1014 3402 1174 3489 pluralem
1195 3419 1361 3467 numerum
1378 3391 1420 3459 καί
1523 3385 1524 3396 ’

254 3509 325 3583 ίσας
356 3510 486 3573 ΤΛΤΘ’
519 3509 590 3588 ὑμῖν
620 3509 836 3588 ἀναγνώσεται
871 3507 1164 3591 τάπιγράμμαΤΑ.
1210 3507 1377 3596 Vulgatam
1399 3500 1421 3564 ti

252 3614 463 3682 retinebimus
492 3614 655 3681 videbitur
685 3613 716 3679 ἓν
745 3623 807 3690 τοῖς
838 3619 968 3695 Ἑρμαῖς
999 3636 1101 3680 unum
1131 3619 1227 3699 atque
1260 3614 1342 3680 idem
1368 3605 1420 3692 epi·

252 3741 401 3812 gramma
423 3719 568 3805 pluribus
592 3739 761 3786 commune
783 3723 974 3808 inscriptum
997 3721 1113 3796 finisse,
1137 3720 1222 3804 quod
1244 3739 1351 3785 rernm
1370 3731 1418 3778 non

254 3849 321 3894 esse
356 3832 488 3892 constat.
538 3824 661 3911 Nempe
697 3827 780 3911 quod
814 3826 1044 3892 Demosthenes
1077 3825 1247 3911 Leptinem
1282 3824 1417 3888 facturum

253 3956 320 4001 esse
339 3934 519 4019 suspicatur
536 3931 707 3996 Aeschines
727 3933 762 3995 in
785 3932 992 4016 θίοοῦοῖοαίοο
1011 3932 1106 4009 feeit,
1128 3931 1183 4016 qui
1202 3931 1265 3995 tria
1284 3929 1416 4014 epigram·

160 4034 163 4040 ’
253 4046 342 4106 mata
365 4041 396 4102 ἐν
418 4045 482 4110 τοῖς
506 4040 636 4119 Ἑρμαῖς
660 4038 760 4103 ineisa
782 4037 942 4104 iudicibus
963 4040 1121 4103 recitavit.

299 4249 378 4335 Pag.
411 4246 488 4313 491.
522 4246 554 4312 8.
587 4246 613 4312 εί
643 4247 701 4325 μὲν
731 4248 794 4328 γάρ
827 4247 970 4325 ἀναξίους
996 4244 1075 4314 εἷναί
1097 4248 1262 4329 τιςφάσει
1285 4239 1413 4310 αάαείνινι

250 4352 420 4432 τιμάσίαι,
452 4352 499 4426 τίς
531 4349 615 4429 ἀξιος
648 4349 784 4440 είπάτα,
811 4354 850 4440 [εί
870 4354 952 4432 μήτε
976 4361 1035 4420 τῶν
1057 4353 1205 4437 προτέραν
1229 4350 1329 4435 μηδείς
1348 4343 1413 4426 pire
