3052 4970
649 239 715 305 409

106 435 195 494 torum
222 430 275 495 sed
304 427 441 494 Vulcani
471 431 577 516 gratia
608 429 725 493 Thetin
758 429 921 493 induxisse
956 429 1125 494 dicentem.
1185 430 1276 511 Quod
1341 501 1344 508 Δ

106 540 160 598 erat
181 535 260 600 dicto
281 556 361 620 opus
386 534 501 599 diserte
526 535 649 601 dictum
674 540 739 612 est,
762 539 801 599 ut
824 535 1026 600 Aristarchus
1050 537 1198 601 ostendit.

141 641 296 728 leguntur
326 642 549 707 huiuscemodi
581 641 873 722 άνοικεφοιλαιάσεις
907 646 939 706 et
970 642 1065 720 alibi,
1090 643 1145 707 sed
1168 663 1277 707 omnes

105 748 288 812 Aristarchus
323 751 447 834 spurias
483 753 515 813 et
550 748 607 813 ὑτδ
642 756 699 812 τῶν
735 749 943 815 διασκεοαςῶν
978 751 1108 833 antiquo
1143 750 1278 814 carmini

103 855 190 918 serius
210 855 343 920 insertas
370 875 437 920 esse
461 856 579 920 docuit.
626 855 677 919 Ad
700 853 792 920 Iliad.
818 866 855 920 A.
883 853 959 920 365.

267 962 384 1025 ιοῑοθα·
410 960 442 1025 σι’
464 956 482 1034 ἦ
505 985 550 1025 τοι
574 965 679 1026 ταῦτα
705 960 796 1042 τιδνίη
820 961 915 1028 στάντ’
940 961 1092 1047 άνορεάως

101 1068 262 1132 rectissime
291 1067 430 1132 indicat:
455 1063 501 1132 ὅτι
526 1076 734 1146 narratores
758 1069 946 1150 ταρῄτηται.
972 1067 1127 1149 άλλάτριοι
1153 1065 1229 1149 άρα
1253 1070 1278 1133 οἱ

102 1170 297 1253 ἐπιφερόμενοι
330 1172 414 1253 ςίχοι
448 1171 556 1238 εἴκοσιν
589 1175 682 1239 ἕττά.
729 1175 801 1240 Non
829 1175 943 1239 desunt
966 1178 1021 1259 qui
1045 1174 1279 1258 contradicant,

101 1298 223 1360 quorum
253 1300 355 1356 unus,
386 1277 532 1364 lepidum
563 1284 674 1365 caput,
707 1281 857 1362 ῥητορικὸς
889 1280 943 1357 ὢν,
968 1283 1091 1364 inquit,
1114 1281 1127 1344 ὂ
1152 1281 1279 1356 τοιητης

100 1384 145 1448 καὶ
167 1386 272 1465 τρόπον
299 1385 603 1465 άνωκεφαλαιάοεως
627 1385 814 1464 βουλόμενος
840 1385 961 1462 διδάξαι
987 1387 1069 1465 ἧμάς
1094 1386 1199 1452 ταύτά
1220 1385 1281 1451 τά·

98 1503 138 1553 ιιιν
168 1491 201 1569 ἐξ
232 1494 333 1572 άρχῆο
367 1487 516 1565 διέξεισιν.
563 1492 724 1579 Agnosces
749 1493 885 1558 eundem
907 1494 1073 1558 hominem
1095 1493 1135 1558 ad
1158 1492 1217 1558 Od.
1240 1497 1277 1572 ψ.

99 1593 166 1661 310.
195 1597 347 1679 ῥητορικὴν
378 1605 511 1661 ποιεῖται
535 1598 812 1680 ἀνακεφαλαίωσιν
834 1607 891 1672 τῆς
916 1598 1082 1672 ὑποθέσεως
1105 1597 1158 1662 καὶ
1179 1599 1280 1662 εὀτιτο·

96 1703 149 1777 μην
178 1712 232 1778 τῆς
260 1701 457 1773 Ὀδυσσείας.
486 1706 588 1775 καλῶς
612 1706 692 1784 (imo
716 1724 790 1769 vero
814 1709 935 1780 κακῶς,
960 1708 998 1768 ut
1021 1724 1116 1789 supra
1139 1704 1280 1768 diximus

96 1814 123 1872 ct
149 1811 353 1875 manifestum
384 1811 444 1893 est)
468 1803 516 1873 οὖν
542 1810 683 1885 ἧάέτησεν
707 1811 891 1889 Ἀρίςαρχος
916 1809 986 1881 τοὺς
1010 1809 1174 1890 τριάκοντα
1198 1817 1279 1890 τρεῖς

97 1915 231 2001 (τάχους).
266 1915 362 1980 -Nata
385 1920 459 1979 sunt
483 1917 590 1981 omnia
612 1916 835 1981 huiuscemodi
859 1915 1076 1981 additamenta
1099 1937 1200 2001 quum
1225 1937 1277 1981 an·

94 2023 176 2106 tique
205 2022 311 2088 Ionica
342 2023 483 2088 carmina
513 2025 649 2107 carptim
681 2028 712 2087 et
745 2020 898 2100 croccibat
929 2022 1108 2087 volitabant
1139 2043 1195 2107 per
1225 2041 1281 2088 oro

92 2131 239 2194 virorum.
297 2127 512 2214 Posteaquam
546 2131 581 2193 in
614 2151 716 2193 unum
753 2127 884 2194 collecta
918 2131 950 2192 ct
984 2128 1092 2192 ordine
1128 2129 1281 2214 disposito

92 2241 159 2299 sunt
195 2237 293 2300 otiosa
317 2234 394 2299 haec
415 2239 447 2299 et
468 2256 699 2319 supervacanea
722 2235 878 2299 debebant
900 2234 1017 2319 videri,
1037 2234 1108 2312 sed,
1133 2239 1171 2302 ut
1194 2236 1281 2300 Aris-

92 2342 214 2407 tarchus
244 2339 389 2425 loquitur
418 2343 453 2405 in
482 2341 655 2406 Aristonici
685 2341 896 2425 praefatione,
928 2341 970 2405 τά
1001 2341 1163 2418 ποιήματα
1187 2342 1217 2405 ἐν
1241 2347 1278 2423 τῇ

91 2445 176 2523 τάξει
208 2444 431 2526 διημάρτηται,
464 2451 496 2513 et
527 2449 583 2531 qui
614 2467 650 2512 ca
680 2449 823 2530 primum
851 2448 887 2510 in
918 2466 1020 2511 unum
1042 2447 1145 2512 veluti
1169 2469 1280 2532 corpus

90 2553 278 2641 redegerunt
306 2555 483 2638 promiscue
515 2555 623 2618 omnia
652 2555 782 2637 antiqua
810 2557 842 2617 st
864 2555 1056 2629 recentiora,
1082 2556 1222 2640 genuina
1248 2558 1280 2618 et

91 2660 239 2724 additicia
269 2659 375 2723 τάντοο
406 2658 464 2723 ὑτδ
495 2658 571 2737 ριὀιν
594 2657 733 2723 Μύκονον
756 2661 1031 2742 consarcinarunt,
1057 2658 1154 2724 donec
1180 2661 1197 2734 ἡ
1221 2667 1280 2724 τῶν

90 2766 228 2846 άρχαῖων
260 2763 361 2843 λόγων
386 2766 480 2846 κρίσις
505 2766 635 2830 ε’λάοῦοα
660 2763 766 2830 πάντα
791 2763 1000 2841 διεκόσμησεν.
1048 2763 1127 2844 Quis
1149 2766 1281 2852 negabit

91 2867 223 2937 Oriticos
254 2877 395 2957 veteres,
430 2875 529 2937 etiam
553 2873 700 2938 omnium
722 2871 918 2956 principem,
942 2871 972 2934 ἐν
997 2878 1059 2941 τοῖς
1084 2870 1169 2936 κατά
1193 2871 1281 2951 μέρος

89 2997 329 3062 nonnumquam
359 2975 497 3043 errasse?
539 2978 612 3043 Non
639 2978 788 3063 equidem
811 2975 934 3061 hercle3
958 2997 1059 3060 neque
1083 2979 1127 3041 sic
1149 2976 1282 3041 illorum

89 3086 216 3169 scriptis
245 3083 400 3147 utendum
433 3083 568 3149 arbitror
591 3085 684 3148 utin
706 3083 838 3149 illorum
862 3083 958 3148 verba
981 3084 1125 3147 iuremus
1150 3090 1182 3148 ct
1213 3082 1282 3148 'llo-

88 3210 161 3254 rum
187 3189 388 3275 opinionibus
416 3190 565 3254 omnibus
588 3191 689 3274 inepti
719 3189 972 3273 subscribamus,
1005 3189 1061 3254 sed
1091 3187 1282 3253 utiliorum
1339 3199 1341 3207 “

89 3297 275 3382 exemplum
309 3298 477 3361 imitemur
512 3299 544 3360 et
576 3296 659 3380 quod
687 3296 726 3360 ab
753 3295 820 3360 illis
847 3295 1005 3380 praeclare
1026 3300 1073 3361 est
1095 3295 1282 3362 inchoatum

90 3407 248 3488 quantum
271 3402 401 3487 quidem
425 3401 494 3467 fieri
516 3405 622 3487 potest
644 3422 701 3466 nos
724 3399 937 3486 perficiamus.

597 3608 775 3676 LXXXVI.

557 3801 695 3878 Σειρῆνες
721 3811 818 3860 DUAE.

135 3939 179 3998 N.
204 3925 258 3996 66.

296 4044 369 4102 τοῖιν
394 4036 418 4101 δ’
443 4033 520 4115 ἔγνω
544 4035 669 4118 πρόσθεν
694 4042 819 4112 Ὀϊλῆος
840 4035 945 4121 ταχὺς
971 4033 1062 4114 Αἴας.

136 4144 353 4210 Aristonicus:
387 4146 403 4218 ἡ
436 4142 530 4218 διπλῆ
563 4144 642 4224 πρὸς·
667 4145 701 4208 τὸ
735 4144 834 4209 δυ’ίκὸν
865 4153 998 4227 σχῆμα,
1033 4149 1049 4221 η
1081 4147 1113 4213 δὲ
1140 4149 1285 4231 άναφορά

89 4250 164 4332 πρὸς
190 4248 232 4312 τά
258 4247 324 4327 περ)
348 4254 406 4312 τῶν
432 4252 576 4329 Σειρήνων
601 4251 697 4326 νηάων
723 4253 898 4332 Σειρήνοιιν,
924 4246 969 4315 ὅτι
994 4252 1007 4316 ὃ
1032 4252 1123 4333 λόγος
1149 4256 1187 4327 ὥς
1218 4255 1285 4334 περὶ

89 4356 155 4423 δάο.
196 4353 352 4420 Meudum
377 4357 412 4420 in
430 4355 481 4420 his
502 4357 619 4422 subest.
642 4355 824 4423 Dindorfius
848 4358 887 4423 de
909 4357 1107 4424 Lachmanni
1129 4361 1286 4426 sententia
