3034 4970
811 257 876 330 196

251 447 529 531 Quemadmodum
551 450 621 514 tam
643 468 735 534 saepe
757 448 871 517 Strabo
895 453 1022 519 scribit:
1046 452 1060 517 ί
1083 451 1116 518 δὲ
1138 451 1293 531 Πολύβιος
1314 452 1363 518 οὐκ
1378 445 1420 528 εὖ,

249 555 304 623 vel
333 557 387 620 οὐκ
417 550 450 620 εὖ
480 555 511 620 δὲ
542 553 556 618 ί
588 555 799 640 Ποσειδώνιος,
824 561 856 623 et
878 560 951 624 sim.
976 560 1079 625 sicin
1102 561 1317 646 comparativo
1338 559 1421 623 dicit:

249 662 411 741 βέλτΙΟΝ
433 662 460 728 δ’
485 662 510 727 οί
524 660 584 726 ’τὸν
608 660 689 739 ίίλιον
711 659 896 742 αίπιοίμενοι.

294 904 343 970 Βο
365 901 576 988 praedonibus
597 903 730 987 impune
752 904 971 992 grassantibus
994 905 1105 970 scribit
1128 904 1242 972 Strabo
1265 927 1337 995 peg.
1358 901 1423 970 669.

250 1011 403 1076 Fooeboat
432 1008 472 1072 ι’νό
504 1007 632 1094 (inquit)
669 1009 758 1095 Gypri
787 1017 816 1074 σί
844 1012 970 1096 Aepypti
1000 1034 1098 1096 repes,
1120 1013 1274 1096 favebant
1308 1011 1423 1087 Rhodii,

252 1113 325 1195 ι’ίμα
355 1115 386 1180 δὲ
417 1113 469 1179 καί
501 1116 526 1179 ol
557 1114 651 1196 λρςαί
678 1115 924 1194 προσποιούμενοι
949 1125 1206 1196 συμασεμπορείν
1228 1114 1360 1182 ι’ίΛΤσον
1380 1117 1425 1188 civ

250 1222 439 1302 κακουργίαν
469 1214 565 1300 είχον.
612 1219 686 1286 Non
716 1226 764 1286 est
794 1242 908 1287 sunum
938 1220 1069 1297 ἄλυπον,
1102 1229 1135 1288 et
1164 1244 1182 1288 e
1213 1222 1426 1289 correctoribus

250 1331 369 1394 frustra
398 1331 567 1392 tentatum.
615 1326 752 1392 Periisse
783 1327 943 1414 syllabam
974 1331 1115 1415 suspicor
1143 1335 1175 1395 et
1196 1328 1369 1417 legendum
1397 1327 1427 1390 α

252 1444 418 1500 ΚΩλυσον.
465 1433 635 1519 Proprium
658 1435 746 1499 euim
770 1438 819 1500 est
841 1433 968 1501 κωκύειν
988 1435 1027 1500 de
1047 1437 1106 1520 iis,
1127 1437 1182 1520 qui
1203 1434 1339 1502 alieuius
1356 1435 1427 1499 iniu-

250 1543 309 1608 riis
330 1546 407 1606 eunt
428 1540 568 1606 obviem.

297 1782 423 1853 SrRABo
446 1802 520 1871 pag.
544 1779 621 1850 671.
662 1780 805 1854 ‘Alteros
830 1781 861 1848 δὲ
885 1785 938 1847 τοῦ
958 1781 1039 1862 ίροιιρ
1057 1786 1110 1847 τοῦ
1130 1785 1301 1860 Ἰσαυρικοῦ
1321 1780 1427 1859 ἒνίπρη·

252 1917 302 1958 σευ
335 1888 443 1956 ἑαυτὸν
473 1889 636 1954 πανοίκιον.
681 1888 829 1954 Editores
862 1890 899 1955 de
927 1908 984 1954 suo
1008 1887 1067 1952 ὑπό
1091 1887 1280 1954 addiderunt
1306 1887 1362 1952 ὑπὸ
1383 1887 1427 1950 τοῦ

252 1999 431 2076 Ἰσαυρικοῦ.
478 1995 587 2062 Multo
617 1995 722 2061 lenius
753 2000 785 2061 et
816 1995 995 2081 simplicius
1026 1995 1266 2081 corrigendum:
1300 1992 1428 2061 'eldvccs

250 2105 281 2170 δὲ
314 2113 374 2169 ΤΟ
405 2101 492 2184 6ροῦ
524 2105 578 2166 σοῦ
609 2103 796 2180 Ἰσαυρικοῦ,
830 2108 862 2167 et
891 2104 926 2165 in
956 2100 1019 2166 fine
1050 2100 1171 2165 πανοικὶ
1193 2121 1250 2186 pro
1273 2100 1427 2164 πανοίκιον,

249 2212 409 2277 Accentus
440 2210 567 2295 gravis,
599 2212 636 2272 ut
667 2209 851 2292 saepissime
874 2206 970 2285 alibi,
995 2210 1084 2273 visus
1106 2211 1155 2272 est
1178 2205 1324 2294 syllabae
1346 2241 1387 2256 -
1405 2226 1429 2267 ον
1512 2199 1513 2210 ’

248 2313 483 2401 compendium.

294 2554 374 2640 Peg.
406 2549 482 2618 674.
517 2550 701 2631 ἧεῦχὲρεια
733 2554 750 2627 ἦ
781 2549 1013 2631 ἐπιπολάζουσα
1048 2551 1135 2631 παροδ
1168 2558 1233 2621 σοῖο
1267 2553 1429 2630 Ταρσεῦσιν

249 2658 302 2728 c‘ls’
335 2657 558 2730 ἀπαύστως
589 2657 765 2739 σχεδιάζειν
789 2665 987 2740 παραχρῆμα
1012 2656 1084 2737 πρὸς
1105 2659 1161 2732 risu
1185 2656 1345 2736 δεδομένην
1369 2653 1430 2720 ὑπί-
1510 2737 1511 2746 ¹

249 2770 337 2835 ίεσιν.
385 2763 490 2831 Nemo
512 2767 547 2829 in
569 2763 772 2852 garrulorum
795 2785 928 2830 numero
951 2769 999 2831 est
1018 2770 1087 2830 tam
1105 2763 1223 2849 loquax
1240 2771 1279 2830 ut
1297 2765 1362 2829 ιίνιο
1372 2764 1431 2848 fiae
1510 2753 1511 2768 ¹

247 2870 426 2956 (circuisse)
458 2872 556 2937 verbe
586 2892 625 2936 ex
654 2876 797 2956 tempore
827 2871 950 2936 fundet.
998 2865 1112 2936 Oore'e's
1148 2891 1166 2936 a
1198 2891 1275 2936 vera
1306 2870 1430 2937 lectione

247 3000 310 3045 non
340 2977 483 3043 multum
511 2977 669 3043 aberravit
692 2975 933 3056 οίπαυτοσχεδιοί
953 3000 995 3041 ειν
1017 2996 1179 3061 reponens.
1228 2974 1292 3042 Sed
1315 2980 1431 3042 ’ΛΠαυ-
1509 3029 1510 3034 ,

246 3081 460 3165 οοσχεδιιίζειν
490 3103 553 3149 non
576 3082 671 3149 modo
693 3083 876 3148 inauditum
900 3087 966 3160 est,
990 3082 1045 3147 sed
1067 3082 1165 3148 hebet
1188 3077 1290 3149 etiam
1311 3099 1431 3168 praepo

247 3193 397 3259 sitionem
427 3189 578 3254 inutilem
609 3192 641 3254 et
672 3190 824 3274 ineptam.
871 3187 1062 3253 Rectissime
1090 3188 1363 3270 contradicetur:
1387 3183 1431 3254 ὅς’

247 3293 545 3378 ΑΤΤΟσχεδιοίζειν
569 3300 769 3374 παραχρῆμα
793 3294 857 3358 xri.

293 3520 373 3606 Peg.
406 3514 482 3585 674.
514 3516 567 3580 καί
599 3515 635 3589 eo
667 3517 719 3581 καί
749 3518 1007 3597 γυμνασιαρχίαι
1030 3515 1241 3598 ὑποσχόμενος
1265 3521 1430 3599 Ταρσεῦσιν

248 3624 429 3714 (Antonius)
462 3627 568 3688 τοῦτον
600 3621 785 3711 (Roscium)
809 3623 1116 3705 ιἰνσιγυμνασίαρχον
1138 3624 1293 3698 κασέςησε
1319 3625 1372 3690 καί
1394 3621 1430 3686 ποί

247 3729 448 3806 ἀναλώματα
483 3727 642 3797 ἕπίςουσεν
676 3729 771 3810 crisci.
817 3729 888 3796 lam
923 3729 1002 3795 olim
1034 3726 1189 3795 Codicum
1225 3729 1431 3815 quorumdam

248 3840 436 3904 correctores
464 3838 587 3899 veteres
617 3834 656 3899 de
687 3855 744 3901 suo
780 3836 1013 3902 substitucmni
1048 3836 1117 3900 ιίνσὶ
1152 3836 1429 3918 γυμνασιοίρχΟΤ,

246 3944 343 4027 idque
366 3939 541 4005 Kremerus
563 3942 689 4024 recepit.
738 3941 876 4020 Iniuria,
900 3947 938 4007 ut
962 3944 1080 4027 opinor.
1126 3943 1283 4008 Antonius
1308 3943 1432 4010 Tarsen-

249 4048 337 4115 sibus
368 4043 524 4125 ὑπέσχετο
552 4048 809 4127 γυμνασιαρχίαι
833 4051 901 4115 slve
926 4049 1023 4135 (quod
1044 4048 1174 4134 perinde
1197 4049 1257 4130 ost)
1283 4048 1431 4128 ὑπίσχετο

248 4153 547 4234 γυμνασιαρχιίσειν.
595 4151 764 4220 Pollicitus
799 4161 846 4221 est
882 4175 915 4220 se
951 4175 987 4220 eo
1022 4176 1153 4220 munere
1184 4155 1373 4245 functurum
1401 4173 1432 4219 eo

246 4280 396 4328 nummos
428 4259 466 4324 de
496 4279 553 4324 suo
586 4259 748 4324 daturum.
795 4259 999 4326 Proficiscens
1030 4263 1196 4328 const'tuit
1227 4266 1266 4326 ut
1287 4281 1349 4328 sue
1370 4262 1433 4324 rice

245 4366 387 4435 Botthus
417 4366 605 4453 fungeretur
635 4367 727 4450 eique
750 4388 900 4434 nummos
920 4366 1124 4434 concredidit.
1171 4366 1314 4434 Bodthus
1337 4369 1433 4456 igitur
