3034 4970
652 259 717 330 193

116 477 204 522 errore
225 457 261 522 in
284 455 375 521 libris
398 453 595 542 frequentius
617 455 656 520 ut
678 455 750 521 aute
772 461 801 520 Π
824 449 936 522 literae
958 460 1004 518 T1
1027 455 1234 550 negligantur
1256 455 1289 524 et

114 568 237 650 pereant.

151 775 259 842 Strabo
290 775 503 860 Theopompi,
536 774 656 859 Ephori
679 779 712 839 et
735 775 871 840 aliorum
895 775 1078 861 exemplum
1101 781 1228 842 secutus
1249 779 1285 842 in

111 880 298 947 Herodotum
327 886 375 946 cst
397 883 536 965 iniquior
560 884 591 945 et
614 884 738 964 patrem
761 882 911 946 historiae
935 885 972 945 ut
994 881 1139 946 futilium
1162 881 1285 948 fabula·

109 1007 172 1050 rum
196 993 392 1052 narratorem
416 991 509 1051 acuto
532 1006 608 1051 naso
632 987 804 1071 suspendit.
853 986 979 1052 Versari
1001 988 1114 1053 solitus
1136 991 1171 1053 in
1194 988 1286 1053 libris

110 1112 223 1171 eorum,
258 1096 313 1184 qui
337 1095 488 1164 exuaris
511 1097 543 1157 et
567 1092 680 1156 diffusa
703 1093 836 1158 lectione
861 1094 1068 1159 eruditissimi
1091 1115 1157 1160 esse
1181 1114 1285 1159 cense-

109 1197 226 1276 bantur,
261 1198 488 1275 Eratosthene,
514 1197 667 1284 Polybio,
691 1198 877 1276 Posidonio,
903 1200 992 1277 aliis,
1016 1203 1160 1266 nativam
1183 1199 1283 1265 Hero-

107 1303 165 1368 doti
194 1305 436 1389 simplicitatem
465 1308 497 1368 et
528 1303 694 1368 candorem
718 1305 878 1370 fastidiose
902 1312 933 1371 et
957 1310 1145 1372 contemtim
1167 1307 1283 1372 habere

106 1409 184 1476 solet.
230 1411 280 1476 Hx
312 1409 517 1494 Theopompo
543 1431 617 1496 pag.
645 1407 697 1474 43.
719 1411 798 1475 hacc
820 1413 956 1496 profert:
982 1413 1165 1492 Θεόπομπός
1188 1421 1284 1493 Φησιν

106 1512 144 1579 ότι
173 1519 223 1582 καί
260 1517 371 1594 μθθους
406 1517 436 1579 ἒν
466 1525 536 1586 ταῖς
561 1515 685 1593 ίςορίαις
709 1517 770 1596 ἐρεῖ
791 1525 925 1596 κρεῖττον
948 1518 965 1595 ἢ
990 1522 1028 1591 ὥς
1051 1520 1205 1600 Ἡρόδοτος
1228 1518 1280 1583 καί

103 1623 231 1698 Κτησίας
255 1623 308 1688 καί
333 1623 515 1695 Ἑλλοόνικος
541 1622 593 1686 καί
617 1623 642 1686 οί
665 1622 708 1686 τόν
732 1623 845 1688 Ἰνδικοὶ
864 1624 1119 1704 συγγράψαντες.
1152 1625 1194 1690 let
1212 1627 1281 1709 ipse

103 1727 205 1796 Strabo
227 1753 303 1818 pag.
325 1729 400 1794 508.
425 1733 472 1794 ita
494 1728 633 1793 iudicat:
658 1731 727 1809 p‘qicv
751 1729 776 1792 δ’
802 1728 839 1793 civ
863 1753 910 1800 τις
934 1731 1058 1812 Ἡσιόδῳ
1082 1731 1135 1795 καί
1156 1731 1281 1810 ‘Omine

101 1837 245 1902 πιςεθσειε
276 1837 328 1901 καί
361 1846 423 1906 τοῖς
453 1841 612 1916 τραγικοῖς
641 1842 783 1907 ποιηταῖς
813 1833 830 1908 ἢ
856 1838 976 1918 Κτησίᾳ
999 1861 1033 1900 τε
1057 1837 1109 1900 καί
1133 1833 1278 1917 Ἡροδότῳ

98 1943 143 2004 καί
166 1943 337 2022 Ἑλλανίκῳ
362 1942 413 2006 καί
438 1941 545 2013 ἄλλοις
570 1942 721 2012 τοιοθτοις.
771 1939 875 2024 Quae,
895 1941 1038 2026 malum,
1058 1943 1136 2007 haec
1155 1944 1279 2007 insanie

98 2053 139 2111 cst
166 2049 368 2115 Herodotum
399 2047 522 2115 (ltcsiec
551 2069 633 2115 vanc
666 2055 698 2113 ct
725 2048 870 2112 mendaci
900 2049 1025 2114 homini
1059 2046 1277 2134 aequipararet

95 2150 172 2220 Hinc
214 2177 307 2241 saepe
344 2155 571 2221 contumeliose
607 2156 718 2225 scribit
750 2153 854 2218 veluti
888 2175 962 2242 pag.
998 2153 1075 2220 818.
1111 2155 1217 2220 πολλοὶ
1251 2155 1277 2218 δ’

95 2261 242 2338 Ἡρόδοτός
273 2287 308 2326 τε
340 2261 392 2326 καί
425 2259 516 2326 ἄλλοι
547 2263 746 2342 φλυαροῦσιν.
777 2264 809 2324 et
838 2281 911 2348 pag.
945 2259 1021 2326 550.
1055 2260 1278 2334 Καλλιππίδας

93 2365 140 2429 καί
164 2367 255 2432 ἄλλα
279 2353 436 2446 όνόματα,
462 2364 541 2445 όίπερ
564 2365 745 2438 Ἑλλάνικός
769 2390 805 2429 τε
827 2367 878 2430 καί
900 2367 1052 2445 Ἡρόδοτος
1072 2368 1125 2433 καί
1146 2365 1277 2441 Εὔδοξος

93 2472 353 2555 κατεφλυθρησαν
385 2477 477 2552 ipsis.
526 2473 604 2538 Erat
634 2472 711 2537 haec
743 2471 821 2536 olim
855 2472 1045 2561 pervulgata
1078 2475 1277 2540 eruditorum

91 2582 191 2663 opinio
211 2580 369 2646 Herodoti
387 2576 512 2644 fab'ulas
532 2585 564 2644 et
582 2599 700 2644 errores
719 2582 991 2644 contemnentium
1011 2585 1042 2645 et
1054 2582 1276 2647 refutantium.

90 2684 170 2749 Audi
201 2687 353 2752 Flavium
386 2685 558 2769 Iosephum
589 2692 691 2748 οοινόνο
722 2685 865 2768 Αρόοαονα
894 2686 920 2750 I.
953 2683 973 2749 3
1009 2687 1164 2767 περίεργος
1189 2687 1214 2751 δ’
1239 2686 1278 2753 θον

90 2790 146 2863 είην
183 2832 226 2841 -
263 2791 411 2856 διδοίσκον
446 2792 516 2854 τίνα
552 2790 660 2869 τρόπον
687 2793 820 2871 Ἔφορος
851 2791 907 2867 μὲν
939 2791 1119 2858 Ἑλλάνικον
1151 2794 1182 2857 ἕν
1212 2802 1274 2865 τοῖς

88 2900 220 2972 πλείςοις
249 2899 435 2981 ψευδόμενον
460 2896 676 2980 ἐπιδείκνυσιν,
697 2889 885 2976 Ἔφορονδὲ
909 2899 1042 2975 Τίμαιος
1066 2898 1119 2963 καί
1142 2897 1276 2975 Τίμαιον

88 3001 109 3066 οἱ
133 3009 204 3080 μετ’
230 3007 340 3069 ἐκεῖνον
365 3003 546 3082 γεγονότες,
572 3003 726 3083 Ἡρόδοτον
750 3003 781 3066 δὲ
806 3011 991 3069 ΠΑΝΤΕΟ.
1056 3037 1057 3040 “

127 3110 350 3176 Nihilominus
373 3109 487 3175 Strabo
509 3108 671 3194 permulta
694 3129 732 3173 ex
755 3107 917 3174 Herodoto
941 3114 1049 3173 sumta
1070 3111 1186 3175 omisso
1206 3111 1275 3174 cius

86 3219 211 3281 nomine
243 3219 278 3280 in
308 3238 377 3281 rem
404 3237 496 3280 suam
519 3217 689 3292 convert't,
715 3218 771 3278 aut
794 3235 830 3279 ea
853 3235 933 3298 quae
955 3214 1015 3280 soli
1037 3214 1199 3280 Herodoto
1222 3214 1275 3280 de·

85 3321 197 3387 bentur
230 3323 276 3406 (ct
308 3323 425 3406 absque
454 3321 512 3386 illc
540 3322 669 3384 fuisset.
684 3319 723 3384 ab
751 3321 897 3385 omnibus
919 3322 1128 3396 nescirentur,
1153 3320 1205 3384 καί
1230 3322 1273 3400 τῷ

85 3427 179 3509 χρόνῳ
212 3427 343 3502 ἐξίτηλα
375 3427 413 3492 όόν
445 3426 579 3511 ἐγένετο)
610 3446 673 3491 non
703 3426 872 3511 adipsum
897 3432 1059 3493 auctorem
1082 3428 1194 3504 refert,
1220 3428 1275 3492 sed

85 3535 121 3598 ad
140 3535 333 3598 recentiores
353 3535 532 3618 scriptores.
556 3534 612 3617 qui
631 3553 689 3596 sua
708 3552 747 3596 ex
768 3531 931 3624 Herodoto
950 3534 1130 3610 hauserant.
1158 3535 1275 3618 Accipe

85 3640 280 3725 exemplum.
330 3637 443 3704 Strabo
472 3646 579 3703 narrat
608 3659 681 3724 pag.
715 3636 790 3702 635.
819 3639 874 3703 καί
896 3639 977 3721 φησί
1000 3665 1038 3717 γε
1063 3638 1273 3715 Καλλισθένης

85 3746 133 3809 ὑπ’
158 3744 328 3832 Ἀθηναίων
350 3745 471 3824 χιλίαις
491 3745 648 3825 δραχμαῖς
670 3741 852 3821 ζημιωθῆναι
875 3744 1020 3824 Φρύνιχον
1040 3745 1090 3808 τόν
1107 3744 1273 3830 τραγικόν,

83 3849 153 3917 διότι
184 3853 292 3931 epotas
324 3850 444 3923 ἐποίησε
476 3852 618 3924 Μιλήτου
651 3846 766 3914 θέλωσιν
792 3850 848 3914 ὑπό
874 3844 1014 3929 Δαρεῖου.
1063 3851 1166 3917 Nemo
1189 3872 1274 3916 mor-

82 3958 197 4022 talium
235 3957 274 4021 de
302 3977 337 4021 ea
365 3978 398 4021 re
428 3957 608 4020 rescivisset
639 3976 815 4039 umquam,
847 3957 910 4020 uisi
938 3977 1009 4021 cam
1031 3955 1212 4022 Herodotus
1236 3960 1274 4024 ab

82 4063 249 4130 oblivione
277 4063 468 4128 vindicasset
498 4061 550 4126 Vl.
584 4060 638 4126 21.
686 4061 838 4134 Ἀθηναῖοι
873 4099 913 4110 -
942 4064 1104 4136 ποιήσαντι
1136 4064 1274 4144 Φρυνίχῳ

82 4169 187 4246 δροῖμα
221 4170 364 4242 Μιλθτου
397 4166 511 4232 όίλωσιν
543 4166 595 4231 καί
630 4165 788 4242 διδοίξαντι
825 4168 854 4238 ἐς
891 4165 1007 4248 δοίκρυοί
1043 4192 1079 4232 τε
1115 4167 1206 4234 ἔπεσε
1240 4170 1274 4234 τό

81 4277 201 4357 θέητρον
238 4275 290 4338 καί
323 4275 495 4356 ἕζημίωσοίν
519 4299 572 4350 μιν
604 4277 641 4346 ὡς
671 4277 895 4352 ἀναμνήσαντα
920 4275 1024 4348 ciariis
1048 4276 1134 4342 κακοὶ
1156 4277 1275 4356 χιλίησι

81 4382 262 4466 δραχμῇσι.
319 4382 553 4447 Huiuscemodi
593 4379 787 4459 διηγηματια
829 4385 885 4446 aut
920 4380 1102 4466 aequalium
1137 4386 1211 4446 sunt
1245 4385 1278 4447 ct

1109 4491 1137 4534 rs
