3086 4968
671 221 734 290 471

172 409 315 496 Frequens
336 411 395 475 hoo
417 430 519 497 genus
542 411 651 478 mendi
674 417 721 477 eet
742 411 846 478 veluti
869 432 943 500 pag.
969 411 1022 478 72.
1049 409 1102 478 16.
1123 410 1240 486 λήσεθ’
1259 411 1296 482 ῶς

39 521 41 546 ³
136 515 188 591 ἐμοὶ
211 517 297 594 δονεῖ,
321 516 377 582 ubi
398 514 421 580 S
444 515 579 590 λάσεσθ.

169 619 241 709 Pag.
266 620 341 687 274.
369 619 422 688 17.
447 622 580 696 idduae&
604 626 643 693 ῶς
666 621 769 686 ἔοικεν.
794 620 817 686 S
840 621 991 696 ἡδόνασθ.

169 725 240 813 Pag.
265 726 337 792 306.
362 727 392 792 8.
418 727 597 807 προύτίθεθ’
621 728 718 804 ὑμεῖς.
744 727 766 792 S
790 729 986 808 προύπίθεσθ,
1011 727 1068 794 elii
1087 729 1274 810 προῶτόθετε.

168 830 239 919 Pag.
264 832 338 898 468.
364 832 415 897 10.
442 834 581 908 dedra&
606 835 704 911 ὑμεῖς.
728 835 757 898 Α
782 839 814 899 et
836 834 862 899 F
886 835 1041 908 θεάσασθ’.

168 935 240 1024 Peg.
265 936 338 1004 778.
365 938 394 1003 3.
420 937 503 1017 μόνοι
528 938 673 1020 δικάζεΘ“
698 943 779 1016 ἡμῖν.
805 937 829 1004 S
852 938 1014 1019 διαάζεσθ.

167 1043 211 1106 Ad
239 1045 296 1110 hoo
326 1045 510 1130 exemplum
538 1046 643 1111 multa
672 1049 792 1131 passim
823 1046 907 1132 apud
937 1046 1185 1112 Demosthenem
1208 1043 1300 1110 refin-

128 1148 219 1232 genda
247 1155 336 1228 eunt;
368 1170 469 1216 craece
499 1171 622 1237 quoque
651 1157 774 1217 veteres
806 1156 838 1217 et
872 1159 974 1217 certae
1009 1151 1222 1228 revocandae,
1260 1152 1298 1214 de

129 1254 230 1335 quibus
252 1255 329 1321 aiibi
353 1257 480 1321 dabitur
503 1257 627 1322 dicendi
648 1256 748 1322 looue.

165 1358 208 1424 1111
235 1361 293 1426 hac
322 1364 409 1446 ipsa,
440 1383 536 1446 quam
567 1365 754 1447 praesertim
783 1363 962 1427 iunioribus
997 1362 1200 1439 commendo,
1233 1360 1299 1426 alta

127 1483 192 1530 voce
221 1467 445 1551 pronuntiandi
474 1469 698 1533 consuetudine
730 1471 815 1534 auris
846 1473 1011 1532 exercetur
1039 1474 1071 1533 et
1094 1469 1250 1532 sentimus
1273 1468 1301 1531 ei

127 1571 193 1653 quid
221 1575 254 1636 in
284 1574 454 1639 verborum
477 1573 613 1639 molesta
635 1576 822 1658 repetitione
846 1575 958 1637 autin
982 1572 1085 1637 aliena
1108 1574 1181 1638 sede
1205 1571 1298 1637 eollo·

125 1678 234 1742 catione
262 1686 345 1743 ιοιιεο
373 1679 488 1743 citicae.
534 1678 647 1744 Recita
677 1679 760 1743 mihi
789 1678 897 1744 locum
927 1700 1001 1766 pag.
1026 1676 1104 1744 200.
1129 1679 1183 1745 22.
1208 1680 1296 1743 άλλά

124 1782 179 1861 γάρ
199 1786 256 1863 οὐχ
281 1780 299 1848 ό
321 1808 349 1849 τι
369 1808 416 1857 τις
436 1787 639 1865 κατηγορήσει
658 1785 772 1849 τούτων
792 1785 808 1860 ἢ
829 1792 892 1857 τοῖς
912 1783 1018 1857 άλλοις
1039 1785 1110 1862 ὑμῖν
1130 1783 1293 1860 ἐπιπλήξει

123 1892 257 1966 χαλεπὸν
291 1892 400 1975 εὑρεῖν,
431 1890 509 1955 άλλ’
534 1892 594 1973 άφ’
618 1892 722 1956 όποόων
748 1890 848 1968 λόγων
873 1890 889 1966 ἢ
915 1888 1052 1969 πράξεως
1077 1891 1196 1974 [ποόας]
1220 1890 1299 1953 ε’πα-

124 1995 292 2072 νορθόσεταό
320 2021 365 2069 τις
391 1988 413 2061 ά
437 2000 487 2060 νῦν
511 1998 563 2061 οὐκ
594 1997 680 2076 ὀρθῶς
711 1993 778 2076 ἔχει
795 1981 902 2082 ”[τοῶτ’
925 1993 1010 2074 ἔργον
1035 1996 1154 2079 εὑρεῖν].
1201 1994 1300 2059 Auris

125 2099 264 2167 admonet
285 2101 443 2189 frigidum
467 2101 722 2166 additamentum
747 2100 819 2167 tolli
839 2106 988 2187 oportere.
1025 2101 1192 2166 Praeterea
1210 2099 1300 2170 ποῖαι

122 2205 197 2271 male
219 2228 276 2293 pro
302 2209 407 2280 όποόας
432 2208 556 2272 dietum
580 2214 612 2272 et
634 2225 761 2293 prorsus
783 2207 898 2272 inutile
920 2208 1124 2273 resecandum
1149 2214 1207 2272 eet.

158 2311 344 2379 Praeclarus
367 2317 414 2377 eet
436 2315 471 2377 in
493 2313 553 2377 hoe
575 2317 765 2400 argumento
788 2312 876 2377 looue
896 2313 980 2398 apud
998 2313 1191 2400 Dionysium
1210 2310 1300 2376 Hali·

119 2435 213 2492 carn,
244 2439 342 2504 quem
371 2439 434 2483 non
468 2419 626 2505 gravabor
658 2418 835 2483 iunioribus
870 2419 1054 2484 describere.
1101 2419 1234 2506 Legitur
1268 2420 1301 2480 in

117 2522 192 2590 libro
223 2527 261 2589 de
290 2526 456 2610 eloquentia
479 2525 682 2588 oemoooeoo
704 2544 778 2611 pag.
805 2523 890 2589 1021
913 2523 1022 2589 Reiek.
1047 2524 1121 2588 όταν
1145 2520 1300 2602 Δημοσθέ-

118 2652 176 2702 νους
200 2631 273 2696 τινά
299 2630 390 2708 λάβω
411 2628 504 2707 λόγον
523 2630 657 2694 ἐνθουσιῶ
679 2631 785 2694 τεκαὶ
808 2629 891 2709 δεῖιρο
915 2631 1040 2694 κάκεῖσε
1062 2631 1183 2706 άγομαι
1205 2627 1299 2700 πάθος

117 2731 208 2817 ἕτερον
233 2735 270 2811 ἐξ
295 2735 392 2815 ἑτέρου
417 2735 695 2813 μεταλαμβάνων,
722 2737 856 2812 άπιςῶν,
881 2737 1034 2812 άγωνιῶν,
1059 2734 1177 2808 δεδιάς,
1202 2758 1301 2798 κατα-

116 2846 242 2923 Φρυνῶν,
276 2846 391 2924 μισῶν,
423 2841 531 2918 ἐλεῶν,
563 2842 688 2919 εὐνοῶν,
713 2841 922 2921 ὀργιζόμενος,
946 2839 1079 2922 Φθονῶν,
1105 2835 1235 2904 ἅπαντα
1258 2839 1301 2902 τά

115 2946 192 3021 πάθη
237 2945 498 3024 μεταλαμβάνων
537 2942 595 3010 όσα
632 2957 741 3027 κρατεῖ
773 2946 956 3028 ἀνθρωπίνης
991 2945 1127 3022 γνώμας.
1164 2949 1196 3010 et
1229 2948 1301 3030 post

113 3071 228 3136 pauca:
263 3049 315 3115 καῖ
346 3051 380 3126 δή
414 3073 489 3115 ποτε
517 3052 569 3115 καῖ
594 3054 773 3132 ἐνεθυμήθην
794 3053 827 3118 τό
850 3076 924 3117 ποτε
948 3051 1018 3124 τοὺς
1042 3049 1107 3116 πότ’
1132 3052 1300 3132 ἀνθρώπους

112 3160 279 3230 άαοάοντας
312 3160 407 3222 αὐτοῦ
438 3157 582 3236 λέγοντος
614 3166 720 3224 ταῦτα
754 3158 891 3239 πάσχειν
928 3160 1005 3230 εῖιιδς
1041 3155 1089 3233 ἦν·
1126 3155 1200 3224 θπου
1236 3158 1299 3238 γάρ

112 3265 199 3341 ἡμεῖς
236 3265 263 3330 οἱ
299 3267 439 3328 τοσοῦτον
473 3264 681 3343 άπνιρπνρμόνοι
716 3273 778 3337 τοῖς
809 3264 928 3345 χρόνοις
959 3265 1010 3328 καῖ
1042 3265 1124 3330 οὐδὲν
1154 3265 1226 3343 πρὸς
1258 3263 1300 3327 τά

112 3373 295 3450 πράγματα
337 3369 516 3440 πεπονθότες
562 3366 654 3442 οὕτως
697 3368 883 3448 ὑπαγόμεθα
920 3370 972 3434 καῖ
1009 3369 1212 3451 προνοούμεθα
1247 3369 1301 3434 καὶ

109 3473 173 3542 όποι
208 3475 282 3540 ποτ’
315 3473 353 3540 άν
385 3477 468 3551 ἧμάς
493 3477 506 3540 ό
531 3476 624 3554 λόγος
649 3473 713 3557 άγρ
737 3476 943 3560 πορευόμεθα,
968 3483 1031 3548 πῶς
1055 3476 1127 3541 τότε
1150 3477 1303 3551 Ἀθηναῖοί

109 3606 144 3646 τε
168 3583 222 3648 ιιαῖ
249 3584 275 3647 οῖ
299 3579 391 3646 ἄλλοι
413 3579 564 3657 ’Έλληνες
589 3584 697 3660 ἤγοντο
723 3583 779 3646 ὑπὸ
805 3587 858 3647 τοῦ
883 3581 987 3661 άνδρός
1008 3583 1058 3646 ε’πῖ
1078 3589 1135 3647 τῶν
1155 3584 1302 3657 άλνθινῶν

108 3713 143 3753 σε
176 3687 232 3754 καῖ
259 3687 338 3752 ἰδίων
363 3687 504 3765 άγῶνων;
530 3687 642 3752 deinde
666 3689 704 3754 de
728 3691 849 3754 actione
873 3688 951 3753 dicit
975 3692 1008 3752 et
1030 3689 1302 3772 pronuntiatione:

107 3798 162 3860 οὐκ
182 3793 225 3860 ἔνι
246 3794 288 3874 τῷ
309 3793 485 3873 βουλομένῳ
504 3794 535 3856 ἐν
555 3793 641 3875 ἡδονῇ
661 3795 699 3866 ῶς
719 3791 914 3871 άνάγνωσμα
935 3795 1061 3859 διελθεῖν
1081 3791 1151 3866 τοὺς
1175 3792 1303 3869 λόγους.

107 3901 183 3966 άλλ’
211 3898 297 3964 αὐτοὶ
324 3897 496 3964 διδάσκουσι
522 3901 586 3972 πῶς
610 3899 722 3970 αὐτοὺς
748 3898 955 3979 ὑποκρόνεσθαι
982 3898 1044 3974 δεῖ,
1069 3903 1119 3962 νῶν
1142 3900 1198 3976 μὲν
1223 3901 1303 3979 eico·

107 4005 283 4085 νευόμενον,
318 4009 369 4068 νῶν
400 4005 426 4067 δ’
459 4008 720 4089 ἀγανακτοῦντα,
746 4011 796 4069 νῦν
820 4004 851 4068 δὲ
877 4008 1070 4081 νεμεσῶντα,
1096 4003 1303 4081 δεδιττόμενον

107 4108 149 4177 αὖ
174 4109 230 4177 καῖ
257 4109 463 4190 θεραπεύοντα
489 4110 541 4174 καῖ
567 4114 764 4176 νουθετοῦντα
787 4110 839 4174 καὶ
866 4114 1068 4188 παρορμῶντα
1091 4109 1143 4173 καῖ
1168 4109 1256 4175 πάνθ’
1280 4107 1301 4176 ά

105 4218 265 4298 βούλεται
295 4223 389 4280 ποιεῖν
419 4218 436 4290 ἡ
465 4213 550 4291 λέξις
581 4215 833 4293 άποδεικνάμενον
866 4215 915 4278 ἐπὶ
949 4221 1004 4287 τῆς
1029 4220 1194 4297 προφοράς.
1218 4218 1244 4282 εἰ
1268 4217 1304 4289 δὴ

105 4328 141 4390 τὸ
163 4322 219 4388 διά
240 4321 388 4386 τοσούτων
409 4319 495 4409 (ἐτῶν
513 4320 599 4401 add.)
617 4319 931 4402 ἐγκαταμιγνάμενον
949 4325 1012 4392 τοῖς
1028 4320 1165 4399 βιβλίοις
1179 4325 1303 4401 πνεῦμα
