3034 4968
830 221 895 296 124

274 409 372 480 dedit.
409 413 493 494 Quid
516 416 559 480 sit
581 414 742 497 προσέχειν
764 422 828 488 τοῖς
851 415 1040 497 πράγμασιν
1062 421 1095 482 61
1117 437 1214 502 quam
1239 418 1283 482 sit
1303 415 1361 483 hoc
1377 411 1448 482 utile

272 519 339 599 illi,
371 521 428 605 qui
458 542 578 612 magno
608 525 744 609 imperio
766 524 848 591 velit
870 527 983 610 potiri,
1007 524 1082 592 ride
1106 523 1190 608 apud
1213 523 1448 588 Demosthenem

272 647 346 714 pag.
371 626 426 692 41.
453 625 483 692 6.
510 629 621 695 6143.
648 629 698 696 14.
734 630 904 697 Praeterea
925 650 982 717 pro
1005 631 1227 705 aarecrloaro
1252 629 1379 694 iubente
1397 627 1447 693 loci

271 735 428 799 sententia
450 754 565 821 repone
588 737 826 812 assessionem.
941 748 944 754 '

315 945 431 1012 suitur
462 947 544 1032 apud
576 945 773 1013 8111101111
799 968 873 1036 pag.
900 944 975 1012 188.
1003 945 1073 1017 τοὺς
1097 945 1262 1024 θησαυροὺς
1287 946 1356 1017 τοὺς
1380 947 1445 1024 εὑρε-

268 1050 376 1124 ίέντας
399 1053 474 1133 παρ’
497 1052 602 1124 αὐτοῖς
628 1052 836 1142 (Tectosagis)
864 1052 921 1119 ὑπὸ
945 1053 1124 1123 Σκιπίωνος
1147 1056 1201 1116 τοῶ
1221 1057 1379 1131 ςρατνρνοῶ
1397 1057 1442 1115 τῶν

268 1159 426 1231 Ῥωμαίων
451 1159 481 1221 ἐν
501 1158 589 1223 πόλει
610 1158 756 1240 Τολῶσιρ,
778 1167 811 1226 61
829 1166 1036 1245 postpauca:
1057 1157 1297 1239 προσαψάμενον
1314 1155 1342 1222 δ’
1357 1159 1443 1221 οὐσῶν

267 1264 320 1329 τὸν
351 1262 521 1329 ΣΚίπίανα
552 1263 603 1330 διά
633 1269 723 1330 τοῦτο
754 1267 784 1330 ἐν
815 1266 1035 1345 δυστυχήμασι
1069 1265 1267 1344 κατατρέψαι
1301 1263 1353 1328 τῶν
1376 1264 1442 1341 βίον.

267 1368 482 1434 Notissimum
515 1375 562 1436 est
591 1391 705 1436 aurum
729 1371 922 1438 Tolosanum
947 1371 1047 1458 „qaod
1066 1393 1157 1435 οοιαο
1180 1370 1292 1435 eradii
1318 1370 1445 1454 ίοορίιιιι·

267 1479 465 1561 euentuque
487 1481 550 1541 οιάι
564 1485 671 1560 posteo
684 1477 775 1563 fait'
798 1477 912 1544 lustin.
938 1476 992 1542 32.
1018 1476 1049 1541 3.
1073 1477 1111 1542 cf.
1139 1473 1222 1542 Gall.
1247 1475 1289 1542 N.
1309 1475 1349 1541 A.
1371 1473 1399 1539 0.
1418 1472 1441 1538 9.

177 1568 179 1573 ’
267 1579 444 1647 Notissima
475 1579 513 1661 Q.
556 1580 687 1648 Servilii
718 1580 886 1668 Caepionis
917 1582 1022 1649 clades
1054 1588 1086 1648 ct
1115 1580 1293 1648 calamitas.
1345 1581 1443 1666 ltaque

264 1685 355 1752 nulla
378 1694 426 1753 est
448 1686 607 1753 dubitatio
630 1691 707 1774 quin
730 1687 844 1756 Strabo
863 1691 1023 1775 scripserit
1042 1688 1210 1759 Καιπίωνος
1232 1677 1438 1753 61Καιπίυνα.

265 1789 331 1857 Gur
360 1794 463 1881 igitur
491 1813 553 1859 non
577 1799 625 1859 est
647 1792 833 1881 receptum?
856 1798 931 1881 quia
954 1802 1077 1872 ,μονιῶνο
1104 1794 1223 1858 &dicer
1245 1794 1442 1859 eonsentientes

264 1921 367 1963 ιιοιιιονι
397 1899 479 1964 illud
506 1900 625 1983 inferre
654 1924 713 1966 ιιοιι
745 1899 831 1965 11611υ
854 1900 1022 1985 respondet
1043 1899 1228 1966 Kramones.
1263 1899 1336 1964 Ain'
1358 1893 1441 1965 vero?

261 2004 374 2070 Nonne
396 2025 506 2071 omnes
529 2006 645 2090 quibus
667 2008 793 2072 utimur
815 2005 980 2073 Strabonis
999 2002 1131 2070 Codices
1151 2026 1189 2070 61
1208 2026 1272 2071 uno
1292 2004 1442 2071 fluxerunt

262 2131 362 2197 eoque
391 2112 635 2177 mendosissimo
664 2118 696 2177 et
724 2109 863 2178 mutilo?
885 2111 998 2177 Nonne
1021 2113 1135 2198 ingens
1158 2116 1206 2176 est
1229 2110 1372 2177 locorum
1392 2131 1441 2175 nu·
1512 2197 1513 2200 Ἴ

261 2237 370 2283 merus
402 2217 488 2302 apud
522 2215 710 2283 Strabonem
744 2218 802 2284 ubi
835 2224 944 2283 certam
977 2216 1133 2284 librorum
1165 2219 1312 2283 omnium
1344 2216 1440 2282 labem
1512 2215 1513 2258 l

262 2328 343 2386 certo
366 2322 585 2390 emendatione
608 2329 751 2390 sanatam
771 2320 939 2389 videmus?
959 2322 1047 2404 Quae
1068 2330 1116 2389 est
1134 2325 1238 2411 igitur
1257 2323 1335 2389 haec
1354 2320 1440 2386 male-

262 2449 337 2495 sana
367 2426 501 2516 religio?
531 2430 663 2496 Accedit
693 2430 777 2515 quod
803 2429 994 2517 pervulgata
1017 2429 1095 2494 haec
1117 2431 1287 2496 nominum
1310 2428 1440 2494 confusio

263 2539 323 2600 cst.
364 2533 556 2600 Plutarchus
578 2537 611 2600 in
634 2536 762 2600 berullo
784 2555 851 2621 cup.
878 2534 933 2602 27.
958 2535 989 2599 ἐν
1012 2535 1111 2617 ίιιείνρ
1136 2544 1174 2618 τῇ
1200 2535 1300 2619 ἡμέρα
1323 2539 1340 2610 οἱ
1363 2531 1439 2612 μετά
1511 2541 1512 2558 ’

263 2639 438 2715 Σκηπίωνος
468 2639 612 2706 άπῶλετο
636 2641 750 2721 ςρατιά
773 2643 987 2719 συμβαλοῦσα
1012 2641 1179 2721 Κίμβροις,
1204 2647 1289 2708 recte
1312 2659 1439 2708 ccrrexe

260 2749 338 2811 runt
360 2748 445 2824 μετά
468 2745 645 2817 Καιπίωνος.
672 2750 770 2813 etsie
794 2747 907 2813 multis
931 2747 1004 2814 aliis
1026 2747 1115 2815 locis.
1141 2744 1438 2814 111681116116.11
1510 2829 1511 2832 Ἴ

261 2850 426 2917 Plutarchi
452 2852 553 2917 Calon.
576 2857 647 2918 ιιιίιι.
672 2873 738 2940 cap.
766 2853 796 2918 1.

307 2953 417 3023 simili
447 2979 549 3024 errore
576 2979 647 3047 pag.
683 2957 748 3024 140
778 2962 813 3024 in
843 2958 936 3026 libris
964 2972 1013 3028 est
1042 2959 1200 3034 Καπίωνος
1233 2961 1366 3042 πύργος,
1388 2957 1439 3024 ubi

261 3085 339 3132 vera
359 3064 462 3131 forma
484 3067 552 3133 sine
574 3065 642 3131 ulla
664 3053 819 3132 librorum
843 3070 1021 3134 reverentia
1044 3065 1123 3132 olim
1146 3072 1293 3134 revocata
1317 3071 1371 3134 est.

307 3282 388 3371 Peg.
431 3277 506 3347 189.
546 3280 618 3348 τινά
658 3283 716 3346 τῶν
750 3280 880 3364 φορτίσιν
920 3275 1084 3362 τεζειίεται
1119 3290 1192 3355 ταῖς
1225 3278 1434 3362 άρμαμάξαιι.

260 3387 374 3456 strabo
404 3409 462 3476 pro
492 3384 618 3465 άμαξαι
649 3385 729 3452 solet
756 3385 1435 3473 οίρμάμαξαι(1166166116111116ρ1ουι1ιῶ,

260 3495 377 3581 quibus
399 3498 456 3560 aut
477 3496 593 3560 vinum
615 3499 671 3560 aut
694 3492 776 3558 aliae
799 3514 919 3560 merces
937 3515 1031 3560 omne
1050 3515 1152 3582 genus
1172 3500 1386 3580 asportantur,
1403 3495 1437 3555 nt

259 3621 334 3688 pag.
359 3598 436 3666 214.
461 3594 534 3665 οἶνον
557 3599 608 3664 ἐπὶ
633 3598 759 3676 ξυλίνων
783 3600 875 3666 πίίυν
899 3598 1106 3679 ἁρμαμάξαις
1125 3602 1300 3672 άναίέντσς.
1322 3605 1353 3667 61
1369 3617 1435 3684 pag·

261 3704 338 3772 291.
367 3713 438 3778 ταῖς
463 3704 669 3784 άρμαμάξαις
694 3704 877 3786 ἐπάραντες.
901 3711 934 3771 et
957 3727 1029 3794 pag.
1055 3705 1133 3775 207.
1156 3709 1199 3772 τά
1223 3708 1336 3789 Φορτία
1357 3701 1433 3781 νομί·

261 3810 359 3892 ζουσιν
390 3811 607 3890 άρμαμάξαις.
652 3812 761 3878 Etiam
793 3813 832 3878 de
862 3812 1025 3890 curribus,
1055 3815 1090 3878 in
1122 3814 1239 3899 quibus
1269 3815 1295 3879 οί
1317 3809 1434 3890 νομάδες

259 3917 425 3993 habitant,
456 3922 495 3981 ut
525 3938 599 4006 pag.
631 3916 707 3983 294.
739 3928 802 3988 τοῖς
833 3919 948 3999 γέρροις
979 3919 1134 4002 (cratibus)
1157 3921 1217 3984 τῶν
1241 3915 1433 4000 ἁρμαμαξῶν.

259 4023 308 4090 Dc
337 4021 489 4108 plaustris
519 4026 617 4089 stiam
642 4043 715 4111 pag.
741 4022 816 4088 314.
842 4027 885 4097 είς
909 4016 942 4096 ἣν
966 4026 1000 4088 αί
1025 4023 1215 4104 άρμάμαξαι
1240 4011 1433 4103 κατάγονται.
1506 4089 1507 4116 ἓ

260 4127 385 4196 (laeteri
407 4131 574 4213 scriptores
597 4128 728 4206 άμιὲξας
752 4129 930 4214 appellant,
953 4137 991 4195 ut
1014 4130 1171 4197 Diodorus
1194 4129 1321 4197 Siculus
1338 4127 1371 4194 V.
1382 4123 1433 4191 26.

261 4234 402 4314 άμάξαις
427 4232 600 4314 νομίζοντες
624 4235 676 4300 τῶν
699 4231 781 4300 οἶνον.
818 4236 904 4324 Ergo
927 4238 1041 4303 vitiose
1071 4238 1156 4323 apud
1174 4231 1434 4304 0116101611οῶ-

258 4347 314 4411 tur
327 4360 400 4430 pag.
416 4335 494 4410 307.
507 4339 539 4407 ἕν
550 4348 622 4412 ταῖς
635 4338 793 4421 Ἀμάξαις
807 4341 838 4406 ἐν
849 4336 900 4415 αἶς
913 4341 1106 4422 διαιτῶνται,
1119 4363 1177 4430 pro
1188 4337 1432 4422 ἈΡΜαμάξᾱκι
