3080 4972
831 211 873 282 36

279 402 406 483 γένηται
441 403 517 492 (leg.
551 402 743 490 γενήσεται).
791 405 914 485 Quibus
945 406 1067 471 addunt
1095 405 1195 470 multi
1225 404 1302 470 libri
1324 405 1412 470 haec:
1433 404 1451 468 εἰ

279 511 341 590 γὰρ
377 507 455 585 ἦσαν
490 507 605 592 εὕροιτ’
642 508 679 574 ἂν
710 510 814 576 ’ποὶλαι
846 508 936 576 ἕνεκα
968 536 1007 591 νε
1038 516 1092 576 τοῦ
1124 511 1217 589 μηδὲν
1250 515 1333 589 ν’ραῖος
1357 510 1453 580 αὐτοὺς

277 613 373 682 ποιεῖν
403 617 529 682 ἐθέλειν·
562 617 638 681 αλλ’
671 618 724 681 οὐκ
761 617 844 683 εἰσίν.
884 617 979 697 'Quae
1011 619 1040 681 si
1070 621 1210 704 genuina
1232 619 1334 683 forent
1356 616 1454 683 saltem

276 729 349 808 post
379 723 559 797 ποιήσοντας
594 721 743 788 collocari
768 723 968 800 debuissent,
994 722 1049 788 sed
1072 723 1177 788 multo
1201 727 1302 788 satius
1325 730 1371 790 est
1391 744 1453 808 pan·

275 850 355 893 num
374 831 460 895 hune
480 829 689 896 Demostheni
707 831 895 914 praesertim
915 831 950 893 in
967 829 1027 894 hac
1050 831 1115 894 aori
1132 835 1164 895 et
1177 832 1321 895 animosa
1332 832 1454 896 oratione

278 935 469 1001 abiudicare.

321 1146 513 1212 Accedimus
543 1145 584 1212 ad
614 1145 832 1232 Philippicam
861 1149 1026 1230 quartam,
1056 1166 1153 1230 quam
1176 1148 1332 1232 impostor
1354 1145 1454 1230 aliquis

276 1252 479 1318 Atheniensis
510 1252 593 1317 lucri
615 1252 749 1336 cupidus
772 1251 886 1318 callide
910 1273 949 1316 ex
971 1250 1187 1336 pulcherrima
1210 1273 1334 1338 quaque
1355 1251 1454 1317 Demo-

278 1359 398 1424 sthenis
437 1359 578 1424 oratione
622 1359 852 1424 consarcinavit
893 1363 931 1422 ut
973 1357 1197 1424 Ptolemaeum
1239 1360 1378 1444 aliquem
1409 1361 1454 1422 eut

276 1463 429 1551 Pergami
464 1485 573 1551 regem
602 1464 720 1550 ,grandi
754 1465 890 1548 pecunia
925 1469 1122 1551 emungeret.
1171 1465 1322 1550 Quisquis
1356 1469 1400 1530 est
1429 1466 1454 1526 et

278 1568 417 1637 απτικιεί
444 1570 543 1655 probe
566 1568 722 1635 scribebat
747 1571 833 1634 etin
856 1572 1004 1656 genuinis
1026 1569 1251 1636 Demosthenis
1275 1569 1454 1636 orationibus

278 1677 335 1742 diu
367 1681 399 1741 et
429 1675 573 1741 multum
596 1681 663 1740 erat
686 1680 847 1753 versatus,
871 1680 908 1740 ut
931 1675 1017 1740 fraus
1040 1677 1166 1741 tamdiu
1189 1675 1288 1742 latere
1311 1677 1452 1761 potuerit,

282 1803 362 1868 quae
386 1804 469 1848 nuno
493 1783 671 1868 suspicione
695 1780 795 1846 semel
815 1801 833 1846 a
851 1779 1060 1847 Valckenario
1080 1787 1169 1848 mota
1188 1787 1332 1867 (‚,qaorte
1351 1781 1454 1863 Phiiip-

270 1888 362 1972 ρεόα,
399 1911 474 1973 quoe
508 1888 583 1952 mite·
617 1887 733 1972 quidem
764 1909 800 1950 ec
829 1886 1049 1951 Demosthenem
1079 1889 1115 1951 ab
1147 1888 1211 1952 alia
1237 1911 1328 1952 νοααα
1350 1888 1454 1951 videtur

276 1994 422 2077 conflotffl
446 1996 481 2059 in
504 1997 581 2059 orat.
606 1994 643 2056 dc
666 1991 806 2075 Philippo
830 1993 993 2057 Macedone
1010 2015 1082 2080 pag.
1098 1993 1176 2080 251)
1203 1997 1348 2058 omnium
1367 1991 1455 2059 ocuh's

277 2104 374 2183 patet.
878 2113 879 2116 ’

322 2309 402 2397 Pag.
436 2305 511 2372 133.
544 2305 599 2372 22.
631 2306 834 2374 κατέσκαπτε
866 2310 1002 2390 Πορθμὸν
1031 2310 1083 2374 καὶ
1108 2310 1270 2392 τυραννίδα
1294 2309 1454 2390 απαντικρὺ

275 2421 330 2488 τῆς
363 2417 508 2487 Ἀττικῆς
541 2413 736 2493 ἐπετείχισεν
761 2415 832 2493 ὑμῖν
858 2416 903 2500 [ἐν
927 2425 964 2496 τῇ
988 2415 1135 2500 Εὐβοίρ].
1183 2416 1302 2502 Ecquis
1326 2420 1383 2483 erit
1406 2415 1455 2500 qui

273 2521 367 2588 futile
390 2520 550 2586 emblema
572 2520 625 2586 rel
648 2521 732 2606 apud
754 2522 839 2586 hunc
862 2524 1069 2606 impostorem
1093 2522 1168 2588 ferri
1191 2543 1283 2609 posse
1306 2519 1415 2609 putet?

317 2733 397 2798 Post
418 2753 519 2817 pauca
542 2735 700 2817 sequitur:
727 2732 810 2798 οὐδὲν
827 2733 1029 2815 ἑφροντίσατε
1052 2733 1113 2799 οὐδ’
1134 2733 1334 2816 ἕτεςρνέΦητε
1354 2731 1456 2799 οὐδΘΝ

273 2839 397 2905 τούτων.
430 2837 483 2904 Sic
506 2837 543 2918 53
570 2843 686 2904 caeteri
708 2841 756 2904 ἐπ’
781 2839 877 2904 οὐδενί
900 2861 918 2904 a
940 2845 1047 2906 vetere
1071 2845 1252 2911 correctore.
1278 2840 1468 2928 Legendum‘

184 3001 185 3004 η
276 2945 355 3012 οὐδε
374 2945 498 3011 τούτων.

316 3157 396 3245 Peg.
422 3155 498 3222 134.
524 3154 577 3221 13.
610 3153 755 3229 κακόνους
788 3156 845 3235 μέν
876 3157 920 3226 ἔςι
949 3157 1000 3222 καὶ
1027 3157 1131 3239 ἐχθρὸς
1157 3154 1211 3241 ἕλει
1236 3168 1274 3242 τῇ
1301 3158 1388 3225 πόλει
1411 3156 1459 3223 καὶ

271 3265 313 3346 τῷ
337 3271 393 3339 τῆς
418 3263 536 3338 πόλεως
560 3261 692 3343 ἐδάφει,
719 3264 873 3342 προσθήσω
895 3264 996 3329 δὲκαὶ
1016 3274 1077 3336 τοῖς
1101 3265 1129 3329 ἐν
1149 3275 1188 3347 τῇ
1210 3265 1299 3332 πόλει
1321 3274 1459 3340 ΘΕΟΙΕ,

271 3363 353 3452 οἵπερ
383 3370 475 3436 αὐτὸν
506 3365 688 3446 ἐξολέσειαν.
738 3368 801 3448 Qui
832 3371 870 3436 de
895 3369 1089 3437 Graecorum
1113 3371 1267 3460 religione
1291 3375 1462 3459 scripturus

272 3483 319 3544 est
350 3476 451 3542 nolito
483 3496 631 3562 quaerere
662 3495 724 3560 quo
755 3481 846 3561 pacto
870 3476 1041 3562 Philippus
1065 3477 1199 3544 Macedo
1221 3480 1463 3545 Atheniensium

270 3583 353 3650 Deos
374 3582 487 3647 odisse
515 3583 657 3668 potuerit
688 3586 744 3646 aut
775 3585 831 3667 qui
861 3582 991 3648 tandem
1021 3586 1087 3648 sint
1118 3586 1143 3648 οἱ
1168 3585 1197 3648 ἕν
1221 3595 1259 3666 τῇ
1285 3585 1372 3650 πόλει
1396 3583 1461 3650 cat.

271 3689 395 3773 Nempe
425 3709 546 3754 norum
573 3689 633 3753 hoc
656 3686 797 3754 Deorum
824 3709 925 3775 genus
949 3711 987 3754 ex
1009 3692 1193 3774 impostoris
1207 3695 1317 3758 nostri
1342 3694 1464 3758 cerebro

269 3793 428 3880 prosiluit.
474 3793 613 3880 Legerat
643 3793 727 3877 apud
758 3794 1007 3860 Demosthenem
1038 3816 1112 3884 pag.
1143 3795 1197 3862 99.
1222 3795 1276 3862 20.
1310 3799 1463 3879 προσθήσω

270 3899 300 3965 δὲ
326 3898 378 3964 και
404 3906 466 3971 τοῖς
491 3900 520 3963 ἐν
544 3909 582 3982 πρ
614 3899 702 3965 πόλει
730 3910 861 3967 ΠΑεῑΝ
893 3903 1160 3968 ἈΝΘΡΩΠοιε
1188 3903 1241 3968 καὶ
1266 3912 1328 3977 τοῖς
1352 3903 1465 3984 peaes

269 4004 411 4082 οἰομένοις
436 4005 520 4085 αὐτῷ
543 4005 746 4086 χαρίζεσθαι,
773 4007 885 4074 deinde
907 4006 1001 4093 plura
1023 4008 1112 4073 addit
1132 4008 1170 4074 de
1191 4008 1337 4096 Philippi
1358 4011 1467 4078 adver-

268 4135 322 4180 sus
348 4111 527 4200 proditores
557 4117 629 4197 post
657 4114 871 4198 proditionem
894 4113 966 4178 odio
990 4118 1022 4178 et
1045 4117 1181 4180 resumit
1203 4117 1370 4183 institutae
1396 4139 1466 4183 sen-

269 4221 388 4286 tcntiae
420 4216 512 4282 filum
542 4239 616 4306 pag.
642 4216 695 4283 99.
721 4218 775 4284 26.
799 4217 893 4283 οὐδενὶ
919 4219 1021 4294 μέντοι
1045 4223 1168 4296 μᾶλλον
1192 4224 1258 4288 κτὲ.
1304 4223 1470 4308 impostor

269 4348 370 4413 quum
393 4325 580 4409 interposita
602 4324 679 4389 haec
703 4327 851 4390 omittere
874 4324 972 4390 vellet
992 4331 1059 4390 tam
1079 4326 1229 4397 audacter
1249 4350 1346 4413 quam
1366 4331 1470 4396 stulte
