3034 4970
640 251 704 322 227

91 466 151 530 equo
179 445 326 511 Troiano.
375 443 604 529 Neoptolemus
634 445 798 531 pugnandi
830 444 943 510 avidus
974 447 1120 529 precibus
1147 445 1263 531 fatigat

90 549 238 635 Ulyssem,
264 557 303 616 ut
334 573 400 616 sese
431 553 559 616 emittat
590 550 691 632 foras,
724 551 738 614 ό
772 550 804 614 δέ
831 575 873 628 με
897 549 990 627 μόλοι
1013 551 1106 616 πόλλ’
1129 551 1263 616 ἱκέτευεν

91 655 197 719 irritae
221 656 374 734 ἐξέμεναι.
411 657 447 720 In
472 657 563 719 cuius
588 657 690 742 igitur
713 675 811 719 manu
835 663 903 722 eret
922 663 978 721 aut
998 657 1140 722 clausam
1159 664 1264 722 tenere

90 763 200 826 ianuam
232 771 288 828 aut
319 763 498 837 recludere,
522 783 616 846 penes
641 783 712 825 eum
740 770 808 827 erat
831 783 958 828 summa
981 765 1110 847 imperii
1133 769 1165 828 et
1187 763 1264 826 soci·

90 888 166 932 orum
188 873 255 934 vila
279 877 310 935 et
334 868 431 934 salus.
468 867 531 933 Sed
554 867 669 932 molles
693 873 725 933 et
746 867 910 933 delicatuli
930 867 1027 933 aulici
1045 869 1126 934 hane
1145 870 1264 932 incom-

92 978 142 1038 tam
176 975 417 1060 simplicitatem
454 993 518 1038 non
554 973 730 1057 capiebant.
777 974 864 1039 Audi
898 974 1037 1040 alterum
1069 972 1263 1058 exemplum.

90 1078 187 1168 Odyss.
211 1081 255 1146 H.
280 1079 357 1146 225.

578 1182 683 1249 ίδόντοο
706 1209 747 1261 με
772 1183 825 1249 καί
848 1183 934 1251 λίποι
957 1184 1030 1250 alcio

210 1300 317 1368 κτῆσιν
340 1293 416 1368 ἐμίρν
441 1289 547 1368 δμῶοίς
572 1314 607 1355 τε
631 1290 683 1355 καί
710 1291 861 1372 ὑψερεφὲς
885 1290 974 1370 μόρον
999 1293 1097 1369 δῶμιο.

124 1400 308 1488 Indignatur
337 1398 572 1482 Aristophanes.
621 1394 726 1476 Quid?
760 1396 920 1462 Haeccine
943 1399 1149 1482 potiesImum
1171 1396 1267 1485 Ulys-

90 1526 144 1572 sem
162 1509 270 1573 videre
290 1510 437 1590 expetere
457 1510 529 1567 ante
550 1506 658 1568 omnia
677 1504 784 1575 κτῆσίν
806 1528 841 1568 τε
862 1502 967 1578 δμῶοίι
984 1501 1034 1568 πεί
1046 1505 1264 1588 nonpatricm,

88 1634 140 1678 non
160 1617 296 1697 acorem!
318 1611 405 1677 Audi
426 1613 553 1695 ipsum:
574 1608 793 1674 ”AMeINON
813 1605 889 1674 *AN
908 1605 985 1675 ’ἮΝ

413 1716 537 1793 πατρίδ’
562 1715 638 1791 ε’μόρν
663 1713 779 1793 ἄλοχόν
804 1739 849 1779 τε.
878 1718 902 1798 ¹)

89 1826 182 1906 κομιδῇ
212 1825 276 1906 ρόιρ
307 1823 509 1900 σμικρολόγος
541 1823 690 1901 exiverat
723 1823 902 1901 προποίποοιν
935 1828 993 1886 πῶν
1021 1819 1187 1900 Φιλποίτοιν
1209 1820 1265 1893 τὴν

90 1940 198 2008 κιῆοιν,
224 1935 263 2002 ὡς
287 1930 374 2007 πιιρόο
398 1929 561 2008 Μενάνδρῳ
587 1928 750 2006 Σμικρίνης
775 1929 806 1991 ἐν
833 1927 1077 2008 Ἐπιτρέπουσιν.
1120 1928 1170 1993 Ex
1191 1947 1267 1993 suae

90 2042 188 2104 aetatis
209 2035 342 2103 modulo
366 2038 489 2100 animos
513 2055 548 2099 ec
572 2039 696 2099 mentes
719 2040 778 2098 τῶν
803 2035 899 2113 ἡρώων
922 2038 1057 2100 metitur
1079 2040 1111 2101 et
1133 2032 1216 2099 nihil
1239 2035 1269 2098 ei

89 2144 225 2209 interesse
247 2143 376 2209 videtur
399 2140 613 2205 Smierinesne
635 2139 785 2224 loquatur
809 2161 849 2205 an
872 2141 972 2207 heros.
1009 2141 1268 2208 Ptolemaeorum

88 2271 170 2316 nemo
198 2270 353 2334 umquam
384 2249 432 2312 ita
462 2247 612 2311 dixisset:
646 2247 756 2330 eredo,
787 2247 842 2312 sed
869 2249 946 2332 quid
970 2248 1010 2313 ad
1032 2247 1213 2313 Homerum
1234 2245 1288 2309 id·

90 2353 211 2422 attinet?
235 2355 378 2420 Eandem
404 2374 442 2417 ex
466 2359 562 2418 cantu
586 2373 679 2418 avem
702 2373 853 2440 agnosces
875 2352 990 2441 Odyss.
1013 2366 1047 2420 B.
1074 2351 1147 2418 133.

329 2459 423 2524 κοινόν
446 2459 478 2524 δὲ
500 2483 540 2536 με
567 2459 658 2523 πόλλ’
683 2460 839 2523 οίποτίνειν
862 2461 992 2541 ’laceto

89 2567 213 2652 simplex
233 2568 348 2632 horum
372 2567 543 2631 verborum
566 2568 722 2630 sententia
746 2568 952 2651 Aristophani
975 2567 1115 2631 indecora
1137 2571 1170 2631 et
1186 2567 1268 2631 into·

88 2672 206 2740 leranda
232 2676 301 2739 ulsa
333 2679 398 2736 est:
432 2673 457 2734 εί
484 2672 550 2749 περί
575 2673 748 2751 χρημάτων
772 2670 865 2750 ἔλεγε
888 2675 1089 2751 σμικρολόγος
1115 2671 1153 2737 aa
1176 2671 1269 2753 ἐφορί-

89 2803 157 2844 ιετο.
201 2781 309 2865 Itaque
340 2799 379 2844 ne
409 2777 443 2842 id
475 2775 564 2843 fieret
597 2784 797 2843 commentus
828 2784 876 2842 eet
899 2779 1125 2864 Aristophanes
1148 2779 1187 2845 de
1210 2799 1268 2844 suo

89 2885 251 2951 mirificum
275 2884 435 2970 quoddam
459 2890 491 2949 et
515 2885 717 2968 perineptum
741 2883 932 2963 ὑπέρβοιπον,
956 2886 995 2951 de
1020 2906 1081 2970 quo
1103 2885 1185 2950 infra
1207 2886 1269 2949 erIt

90 2991 204 3057 dicendi
221 2991 318 3057 locus.
366 2989 459 3054 Nunc
481 2988 633 3054 Zenodoti
652 2997 819 3075 peccatum
839 3013 878 3057 ex
899 2991 1009 3056 eodem
1030 2993 1115 3058 fonte
1136 2991 1268 3056 ductum

89 3099 293 3184 inspicIamue.
341 3095 431 3160 Iliad.
457 3105 490 3159 Γ.
518 3095 595 3159 422.

213 3204 389 3284 ἀμφίπολοι
414 3202 470 3278 μὲν
493 3201 603 3266 ἔπειτοι
627 3202 697 3271 θοῶς
721 3201 771 3266 ἐπὶ
797 3199 873 3279 ἔρροι
898 3201 1064 3282 πριίπονπο,

215 3312 231 3386 ἦ
255 3311 283 3375 δ’
307 3311 351 3381 είς
375 3308 526 3389 ὑψόροφον
553 3309 692 3385 όοίλοιμον
717 3308 763 3372 κίε
787 3307 839 3372 δῑιι
863 3315 1025 3385 γυναικῶν.

215 3427 253 3498 τῇ
277 3417 303 3480 δ’
326 3414 387 3495 ἄροι
411 3415 514 3494 δίφρον
538 3416 653 3478 ἕλοῦσοι
676 3413 885 3494 Φιλομμειδίρς
910 3413 1077 3495 Ἀφροδίτη

215 3523 295 3588 οίνπί
319 3519 528 3599 Ἀλεξοίνδροιο
553 3521 607 3584 decl
632 3522 781 3594 κοιπέόιρκε
805 3513 957 3601 Φέροόοοι·

215 3629 285 3695 ἔνόιι
308 3626 409 3708 κιόόιζ·
434 3628 541 3700 'saiva
567 3626 654 3707 κοόριρ
680 3627 752 3699 Διὸς
777 3627 931 3706 οιίριόχοιο

216 3735 286 3801 doce
310 3733 408 3799 πόλιν
431 3734 586 3810 κλίνοισοο,
612 3734 700 3798 πόσιν
726 3734 752 3797 δ’
777 3735 914 3809 ἠνίποιιιε
936 3732 1029 3815 μόόςι.

94 3839 128 3904 ad
155 3841 227 3907 haec
257 3842 456 3906 Aristonicus
488 3843 644 3926 excerpsit
667 3861 706 3905 ex
728 3839 906 3905 Aristarchi
930 3841 1182 3906 commentans:
1206 3841 1269 3906 ιίπδ

126 4032 148 4098 l)
164 4035 250 4086 Sumsit
266 4037 323 4085 haec
342 4036 511 4100 Aristophanes
528 4051 555 4084 ex
573 4035 642 4084 Iliad.
661 4036 691 4084 Il.
710 4040 766 4085 213.

196 4181 205 4196 ‚
234 4171 238 4176 .
305 4122 406 4187 πιοπρίδ·
427 4121 486 4185 ἐμὴν
505 4121 599 4188 ίίλοχόν
618 4141 649 4174 πο
669 4123 711 4173 cai
729 4121 845 4188 ιίίιιριφδς
865 4124 934 4187 elya
952 4123 1028 4188 teca.
1068 4143 1070 4146 ·

97 4203 127 4250 et
141 4209 213 4256 autem
229 4208 369 4258 versiculus:

342 4302 429 4356 ιιπῆσιν
447 4294 505 4360 ἐμὴν
524 4295 605 4360 space
623 4315 654 4348 τι
672 4296 714 4346 ιιοιί
733 4295 849 4360 ὑψερεφὲς
869 4295 938 4359 μίγοι
956 4296 1026 4360 δρόμοι

105 4395 119 4428 11
134 4388 225 4454 utroque
241 4390 345 4440 carmine
360 4389 471 4447 ιιννλιιιός
489 4389 529 4440 vid
545 4389 614 4440 Iliad.
634 4390 660 4438 P.
677 4384 841 4453 338.'Odyss.
859 4389 892 4438 Η.
910 4393 958 4440 225
976 4392 1000 4438 et
1019 4390 1044 4439 A
1064 4389 1120 4439 526.
