3080 4972
699 219 741 286 15

114 414 251 498 repetita
283 410 397 476 delere.
445 409 588 477 Tandem
618 415 689 496 post
711 409 817 474 multa
840 409 966 476 saecule
988 411 1150 478 Dobraeus
1174 413 1312 492 delevit,

116 537 212 602 quem
237 537 366 583 summo
389 519 458 582 iure
481 514 663 582 Dindorfius
687 522 814 582 secutus
837 521 895 582 est.

161 728 244 815 Pag.
283 725 336 792 15.
373 723 426 791 23.
464 728 489 792 εἰ
525 726 556 791 δὲ
592 725 705 791 τούτων
739 727 1001 807 οἰποεερηθνίσεται
1036 735 1094 794 τῶν
1128 729 1311 810 χρημοίτιον.

117 835 327 900 Athenienses
368 837 547 898 constanter
580 831 812 912 οἰποςερνίτομαι
845 832 1010 912 dicebant,
1045 839 1084 898 ut
1119 838 1308 914 τιμνίοομαι,

117 940 332 1022 ζημιώσομαι,
358 939 580 1022 οἰφελιίσομαι,
605 937 772 1016 ὀνήσομαι,
798 939 983 1019 ύδινινίσομαι
994 989 1003 1019 ,
1029 941 1144 1026 quibus
1164 939 1315 1008 Graeculi

117 1050 236 1116 formas
259 1066 333 1112 suas
356 1045 515 1133 longiores
535 1045 780 1111 substituebant.

162 1258 246 1346 Peg.
273 1255 327 1323 16.
353 1254 404 1321 11.
427 1252 484 1320 εἰτ’
505 1257 558 1320 ούιι
578 1255 763 1336 αἰσχύνεσθε
783 1258 810 1321 εἰ
829 1255 903 1334 μηδ’
920 1249 943 1322 όι
962 1256 1083 1323 πύθοιτ’
1102 1257 1140 1324 οἰν
1159 1261 1184 1324 εἰ
1197 1261 1312 1326 δύναιτ’

120 1367 229 1436 ἐκεῖνος
253 1367 358 1428 ταῦτα
382 1371 506 1437 ποιῆσαι
530 1362 633 1442 καιρόν
656 1360 782 1442 ἔχοντες
807 1361 866 1453 [ού]
887 1363 1062 1442 τολμήσετε
1069 1386 1079 1444 ;
1099 1364 1199 1432 Nullo
1217 1367 1312 1432 modo

118 1474 150 1535 ού
180 1472 313 1535 retineri
343 1472 458 1554 potest.
504 1467 555 1534 Ne
585 1468 710 1534 dubites
739 1471 858 1555 inspice
890 1473 1047 1536 contortas
1077 1475 1109 1536 et
1141 1473 1180 1536 de
1210 1472 1313 1538 nihilo

118 1583 241 1644 sumtus
263 1573 425 1641 Schneieri
449 1577 481 1640 et
503 1571 660 1639 Dindorfii
683 1575 969 1659 interpretationes.
1016 1574 1160 1641 Tuentur
1182 1581 1213 1642 ού
1238 1581 1314 1663 qnia

117 1688 151 1748 in
172 1683 266 1748 libris
289 1681 439 1747 omnibus
461 1680 693 1745 circumfertur.
741 1679 846 1760 Quam
868 1681 967 1745 multi
988 1681 1052 1746 loci
1073 1687 1149 1747 sunt
1171 1689 1204 1748 et
1228 1685 1313 1768 apud

118 1789 195 1854 alios
225 1791 272 1886 εἰκ
290 1786 374 1872 apud
403 1787 512 1870 ipsum
542 1782 807 1863 Demosthenem,
838 1786 896 1853 ubi
917 1789 950 1852 ού
973 1787 1027 1852 vel
1048 1787 1093 1865 μή
1115 1795 1313 1875 repugnante

118 1915 192 1961 sana
221 1895 344 1959 ratione
371 1896 427 1956 aut
461 1891 569 1957 addita
599 1895 673 1955 sunt
702 1890 851 1956 inlibris
875 1897 931 1956 aut
953 1895 1079 1957 omissa.
1123 1890 1312 1958 Videbimus

117 2001 209 2066 inira.

164 2105 199 2170 Si
225 2106 341 2170 fuisset
367 2106 403 2168 in
424 2103 516 2168 libris
539 2102 707 2168 emendata
729 2100 840 2168 lectio:
864 2103 891 2168 εἰ
914 2103 986 2182 μηδ’
1009 2099 1032 2168 ἃ
1056 2103 1176 2169 πύθοιτ’
1204 2105 1242 2170 οἰν
1268 2143 1310 2154 --

118 2217 223 2277 ταῦτα
250 2218 375 2285 ποιῆσαι
400 2209 500 2289 καιρίν
524 2207 649 2289 ἔχοντες
673 2213 867 2286 τολμησετες
893 2215 925 2274 et
948 2209 1063 2295 aliquis
1083 2213 1115 2275 ού
1135 2211 1309 2290 τολμήσετε

120 2338 269 2403 reponere
298 2314 470 2393 voluisset,
498 2317 570 2399 quis
592 2335 656 2380 non
679 2335 754 2380 enm
776 2315 941 2380 hominem
963 2317 1101 2382 insanire
1124 2322 1157 2382 et
1179 2316 1310 2383 delirare

119 2419 287 2510 putaret?x

163 2635 241 2723 Pag.
276 2630 329 2699 17.
364 2630 395 2696 5.
429 2631 480 2696 καί
513 2630 656 2712 πρόσεσθ’,
687 2633 704 2706 ἡ
730 2628 816 2711 ύβρις
842 2631 894 2696 καί
919 2629 964 2696 ἔτι
990 2633 1007 2705 ἡ
1031 2637 1090 2696 τῶν
1114 2635 1310 2714 πραγμύτων

120 2741 253 2822 αἰσχύνη
279 2739 423 2816 οὐδεμιᾶς
448 2736 587 2802 ἰλύττιον
610 2736 725 2818 ζημίας
748 2737 1052 2819 corcyraeorum.
1100 2740 1312 2828 trepidissime

119 2844 262 2911 Iulianus
285 2847 321 2908 in
342 2843 487 2930 Epistola
510 2844 550 2908 ad
567 2843 777 2909 Athenienses
794 2863 868 2930 pag.
889 2840 969 2910 287.
991 2862 1019 2910 c.
1039 2847 1086 2911 ita
1104 2850 1246 2933 scripsit:
1268 2851 1310 2912 τὸ

119 2954 225 3016 παθεῖν
257 2975 292 3016 τε
322 2944 410 3026 οἶμαι
441 2957 553 3029 προσῆν
576 2948 629 3012 ιιαί
655 2948 699 3013 ἔτι
725 2950 742 3022 si
766 2955 826 3013 τῶν
849 2947 1047 3030 πραγμύτων
1072 2952 1207 3032 αἰσχύνη
1230 2953 1310 3018 ούδε-

119 3061 195 3133 μιῖις
214 3055 355 3122 ἕλοίττονν
374 3053 488 3136 ζημίοις
500 3063 564 3128 τοίς
576 3080 616 3134 γε
629 3054 790 3137 σώφροσιν.
805 3055 845 3120 cs.
859 3054 1016 3122 Mnemos.
1034 3054 1131 3122 1859.
1145 3080 1219 3147 pag.
1233 3057 1309 3124 399.

166 3268 247 3357 Pag.
279 3268 333 3334 21.
369 3265 420 3332 16.
453 3268 613 3332 σκοπεῖσθε
642 3265 746 3344 μέντοι
776 3270 867 3330 τοῦτο
898 3262 977 3340 ὅπως
1008 3269 1052 3344 μίη
1077 3268 1188 3345 λόγους
1213 3271 1309 3349 ἐροῦσι

121 3375 211 3451 μόνον
241 3377 267 3440 οἰ
299 3375 373 3453 παρ’
403 3373 485 3451 ύμῶν
508 3372 654 3453 πρέσβεις
677 3372 765 3437 daed
790 3371 841 3436 καί
867 3369 954 3452 ἔργον
975 3397 1005 3436 τι
1031 3372 1173 3438 δεικνύειν
1195 3371 1311 3453 ἕξουσιν

122 3517 165 3528 -
191 3484 226 3554 εἰς
259 3476 347 3552 οἰπας
371 3478 428 3558 μὲν
450 3478 542 3556 λόγος
566 3476 605 3543 θον
628 3479 694 3558 cirri
718 3476 761 3542 τόν
784 3476 966 3558 προίχματα
989 3476 1125 3556 μύταιόν
1148 3502 1178 3543 τι
1202 3481 1311 3563 φαίνε-

120 3609 176 3650 ται
201 3587 249 3652 καί
274 3583 377 3664 κενόν,
402 3584 529 3663 μύλιςα
553 3584 583 3649 δὲ
607 3584 620 3647 ό
645 3584 731 3663 παροί
755 3591 810 3657 τῆς
835 3583 988 3666 ἡμετέρας
1013 3584 1150 3658 πόλεως·
1171 3580 1228 3668 ύσῳ
1248 3588 1311 3669 γαρ

121 3692 298 3769 ἑτοιμότατ’
328 3693 412 3773 αὐτῷ
447 3691 590 3767 δοκοῦμεν
612 3692 744 3770 χρῆσθαι
767 3691 899 3770 τοσούτῳ
921 3694 1046 3770 μᾶλλον
1069 3693 1214 3758 οἰπιεούοι
1236 3694 1310 3758 πύν·

120 3822 174 3870 τες
209 3801 300 3879 αὐτῷ.
348 3797 413 3864 Hic
444 3799 606 3883 imprimis
635 3796 724 3862 locus
754 3796 892 3862 declarat
923 3817 1020 3882 quam
1047 3797 1180 3863 licenter
1212 3802 1313 3885 inepti

121 3909 308 3970 correctores
337 3907 373 3969 in
394 3903 492 3968 libros
515 3907 637 3970 veteres
660 3902 778 3968 fuerint
801 3904 948 3989 grassati.
996 3901 1182 3968 Describam
1204 3903 1312 3970 locum

121 4014 160 4073 ut
191 4010 272 4073 mihi
305 4009 488 4076 scribendus
511 4029 577 4074 esse
600 4009 745 4073 videtur:
770 4010 897 4084 μόνιτα
920 4007 951 4072 δὲ
975 4009 989 4072 ἰ
1013 4009 1100 4088 παρὰ
1122 4018 1178 4083 τῆς
1202 4011 1311 4085 ἡμετέ-

122 4137 178 4194 ρας
213 4113 325 4187 πόλεως
357 4113 414 4197 ύσςο
438 4124 509 4180 ΚΑΙ
534 4114 710 4190 ἑτοιμότατ’
734 4114 818 4193 αὐτῷ
842 4113 985 4192 δοκοῦμεν
1007 4116 1151 4194 χρῆσθαι.
1198 4114 1313 4182 Dicam

123 4223 268 4307 primum
297 4222 379 4286 unde
404 4223 486 4287 hanc
507 4225 649 4285 veterem
671 4219 841 4285 lectionem
865 4219 962 4286 fuisse
985 4223 1174 4306 repererim,
1199 4221 1313 4288 deinde

125 4326 301 4391 rectissime
323 4329 370 4391 ita
392 4327 455 4393 diei
479 4326 709 4391 demonstrabo.
746 4325 917 4409 Impoator,
945 4329 1000 4410 qui
1020 4324 1227 4390 Demostheni
1246 4346 1313 4394 ora·
