3096 4972
703 245 768 314 575

141 455 215 500 rum
244 435 493 522 grammaticum
521 441 580 502 aut
608 437 767 501 rhetorem
799 437 854 521 qui
877 455 971 500 suum
990 437 1021 500 ,εἰ
1044 436 1165 511 petrae
1189 455 1327 520 appone·

144 541 197 605 bat
230 542 256 624 ¹)
289 541 393 626 magis
423 541 499 623 quia
529 539 567 604 de
598 537 791 606 criticorum
821 540 940 606 iudicio
974 541 1174 606 inaudirerat
1206 539 1328 624 aliquid

142 666 239 729 quam
262 647 337 729 quia
358 648 425 729 ipse
447 647 493 710 ita
516 647 679 712 sentiebat.

186 750 318 814 Renatis
349 749 465 814 litteris
497 749 640 835 plerique
670 771 779 816 omnes
803 753 968 837 ‘principes
997 753 1031 816 in
1063 751 1241 816 damnanda
1269 751 1328 817 hac

142 857 282 920 oratione
306 861 545 931 consenserunt,
570 857 625 922 sed
647 857 832 922 excedentes
854 857 986 922 modum
1010 859 1085 941 quia
1105 857 1328 923 Demosthenis

142 981 205 1026 non
235 981 302 1025 esse
334 961 430 1044 probe
459 963 637 1026 sentiebant
666 965 771 1028 nescio
795 983 891 1048 quem
914 960 1098 1046 Sophistam
1121 963 1329 1028 haecomnia

142 1064 348 1130 declamitare
385 1067 603 1150 opinabantur.
665 1068 808 1132 Fuerunt
841 1067 918 1133 adeo
952 1069 1009 1151 qui
1042 1067 1082 1131 ab
1116 1066 1328 1134 Alexandrino

142 1171 280 1236 Rhetore
310 1171 387 1234 haec
416 1173 534 1254 scripta
563 1193 629 1238 esse
658 1175 740 1238 serio
771 1173 942 1239 crederent.
987 1171 1056 1237 Alii
1085 1173 1328 1257 »1111111111-

140 1278 270 1341 sthenem
301 1299 363 1340 eom
392 1277 565 1361 ecripruse”
593 1278 734 1343 iudicant
768 1301 830 1355 „oe
859 1300 896 1340 ae
927 1276 960 1341 ia
980 1278 1055 1363 fori
1076 1278 1193 1362 quidam
1215 1286 1243 1343 et
1265 1281 1329 1343 ocri

142 1381 252 1444 iudicii
285 1404 369 1444 νωωνα
390 1383 572 1465 conpositam
596 1383 698 1448 ease..”
743 1382 1022 1459 Hemssterhuius,
1047 1381 1273 1449 Valckenarius
1297 1389 1329 1449 et

142 1486 354 1552 Ruhnkenius
376 1507 439 1552 non
462 1488 652 1554 dubitabant
675 1491 752 1575 quin
775 1494 856 1554 esset
878 1489 1112 1554 Demosthenis.
1148 1489 1256 1555 Movit
1276 1510 1329 1555 111

141 1592 279 1679 Longini
310 1594 495 1669 auotoritas,
528 1615 546 1658 a
576 1615 638 1678 quo
669 1642 686 1672 „
695 1602 728 1660 11
757 1595 960 1659 Demosthenis
989 1594 1085 1658 oratio
1117 1593 1226 1658 diserte
1259 1597 1327 1658 111-

140 1697 249 1762 datast
272 1697 414 1781 (11111111.
441 1697 479 1762 ad
502 1699 636 1786 Longin.
663 1698 716 1764 23.
743 1700 799 1785 4.).
833 1700 1001 1766 Ρ11111111
1023 1698 1193 1764 manifesto
1217 1702 1327 1764 imita·

140 1808 193 1867 tus
217 1808 265 1902 111
284 1802 427 1887 lepidum
451 1824 490 1868 ex
513 1824 550 1869 ea
573 1808 713 1872 oratione
735 1806 842 1871 locum
865 1805 1031 1892 Longinus
1055 1824 1155 1888 quum
1175 1805 1326 1868 scriberet

140 1907 198 1972 l.l.
224 1910 258 1972 τὸ
281 1911 450 1988 πανταχοῦ
480 1909 658 1981 κώδωνας
691 1909 870 1990 {Simiae
903 1909 975 1975 λίαν
996 1910 1162 1990 rodestech.
1211 1909 1328 1974 Obver-

141 2019 231 2079 satur
265 2015 295 2078 oi
327 2012 416 2079 locus
449 2033 522 2100 pag.
561 2012 636 2082 797.
675 2015 727 2080 14.
760 2017 849 2080 ταῦθ’
884 2012 970 2088 οὗτος
1006 2013 1094 2091 μόνον
1126 2015 1159 2078 οὔ
1190 2013 1329 2088 κώδωνας

141 2116 339 2197 ἐξαψάμενος
364 2119 610 2198 διαπράττεται,
636 2127 673 2186 ut
696 2121 907 2186 Ruhnkanius
931 2122 1164 2188 animadvertit.

187 2225 272 2290 Oum
302 2225 354 2290 his
384 2227 532 2293 omnibus
561 2229 747 2311 opinionum
771 2229 960 2292 commentis
983 2231 1015 2292 11
1038 2227 1195 2291 erroribus
1218 2227 1333 2293 acriter

141 2331 340 2416 depugnauit
380 2331 550 2406 Reiskius,
594 2353 656 2417 quo
688 2332 793 2398 iudice
828 2353 923 2399 verus
956 2333 1107 2398 orationis
1141 2336 1250 2397 auctor
1285 2338 1333 2398 111

140 2453 319 2502 marmus
349 2437 528 2515 habendus,
562 2440 614 2504 cui
645 2439 793 2523 equidem
823 2443 856 2503 et
887 2439 964 2504 olim
996 2443 1027 2504 ct
1058 2458 1142 2502 nunc
1170 2457 1209 2502 ex
1233 2437 1332 2501 animi

139 2543 297 2608 sententia
319 2547 479 2610 assentior.
516 2542 601 2610 Satis
624 2545 709 2608 enim
733 2549 862 2629 apparet
884 2546 962 2610 haec
986 2545 1024 2610 ab
1049 2564 1085 2608 eo
1108 2544 1226 2628 scripta
1249 2562 1316 2607 1111
1323 2604 1332 2640 ‚

139 2650 174 2714 in
197 2667 259 2732 quo
286 2653 375 2714 tanta
398 2656 479 2716 esset
501 2651 670 2715 hominum
695 2654 727 2714 et
749 2670 854 2714 rerum
878 2649 968 2714 illius
993 2649 1145 2732 temporis
1164 2650 1280 2713 notitia
1301 2656 1333 2716 et

103 2833 104 2836 Ἴ
140 2753 357 2841 intelligentia
380 2760 412 2820 et
434 2776 528 2833 usus,
553 2760 671 2841 quanta
695 2757 729 2818 in
752 2753 828 2818 solis
851 2753 1074 2820 Demosthenis
1095 2751 1279 2836 aequalibus
1300 2761 1332 2816 et

140 2859 347 2944 popularibus
378 2881 444 2926 csse
472 2867 585 2946 posset.
634 2860 719 2924 Satis
749 2865 878 2944 apparet
909 2862 1058 2942 concepta
1089 2857 1166 2922 haec
1200 2877 1266 2922 1111
1297 2878 1333 2923 11

143 2965 283 3030 dictione
313 2971 345 3031 et
374 2966 465 3042 stilo,
499 2965 587 3051 quali
618 2986 713 3031 nemo
742 2985 898 3050 umquam
930 2966 980 3029 uti
1007 2965 1113 3049 potuit
1135 2967 1258 3047 praeter
1281 2983 1334 3030 eos

142 3072 199 3154 qui
229 3071 263 3134 in
295 3071 404 3136 Attica
427 3073 496 3137 nati
519 3074 554 3136 rb
579 3072 715 3150 καθαρῶς
740 3069 908 3150 ἀττικίζειν
931 3071 965 3135 in
988 3071 1058 3153 ipsa
1080 3070 1184 3152 patria
1207 3069 1334 3134 didicis-

143 3180 223 3242 sent
285 3175 508 3262 Sophistarum
533 3179 578 3241 ‘et
612 3177 789 3242 Rhetorum
825 3175 1102 3241 declamitantium
1136 3175 1212 3240 satis
1245 3174 1334 3238 domi

142 3282 315 3365 habemus,
346 3281 401 3347 scd
432 3302 525 3347 nemo
557 3303 640 3348 unus
670 3303 780 3348 eorum
810 3283 956 3348 Atticum
992 3280 1117 3346 dicendi
1153 3284 1253 3365 genus
1287 3281 1334 3344 ita

142 3390 249 3472 potuit
271 3387 428 3453 imitando
451 3391 626 3473 exprimere
650 3393 687 3452 ut
710 3408 774 3452 non
796 3385 986 3473 longissimo
1008 3384 1177 3451 intervallo
1198 3385 1237 3449 ab
1257 3386 1334 3469 ipsis

143 3493 391 3558 Atheniensibus
422 3493 563 3558 distaret.
610 3491 805 3579 Hyperides,
837 3496 875 3556 ut
901 3491 1063 3569 vidimus,
1087 3490 1281 3576 populariter
1304 3495 1336 3555 et

142 3597 346 3664 familiariter
368 3598 551 3683 quotidiano
574 3600 659 3664 vitae
684 3617 824 3662 sermone
847 3603 940 3662 utens
962 3595 1191 3667 Ἀττνκώτατάς
1217 3597 1288 3664 iera.

191 3702 358 3768 Praeterea
387 3702 470 3768 nihil
501 3705 536 3767 in
566 3723 603 3768 ea
633 3705 772 3768 oratione
806 3704 889 3766 inest
924 3702 1006 3786 quod
1042 3723 1116 3767 cum
1152 3700 1335 3785 aequalium

147 3809 340 3872 testimoniis
363 3815 502 3895 pugnet,
527 3809 582 3873 sed
602 3813 710 3874 contra
729 3809 837 3872 omnia
856 3804 942 3872 fideli
962 3808 1126 3896 concordia
1145 3807 1334 3890 conspirant.

193 3911 312 3978 Omnes
336 3915 520 3979 criticorum
544 3914 757 3979 dubitationes
780 3918 812 3978 11
832 3913 1068 3976 criminationes
1088 3933 1126 3978 ex
1145 3909 1337 3978 Callimachi

148 4117 356 4130 ..-.---

184 4247 209 4312 1)
227 4243 403 4309 Harpocration
425 4242 512 4306 viginti
534 4243 581 4292 iere
603 4243 668 4292 locos
688 4257 717 4290 ex
740 4241 922 4306 Aristogitonea
943 4240 1042 4290 afferens
1058 4238 1095 4290 bis
1111 4244 1206 4292 1111111
1223 4241 1337 4295 adscribit

146 4337 167 4388 ω’
184 4334 284 4398 γνήσιος
302 4349 324 4382 τ.
342 4331 429 4395 Θεωρίς
447 4335 470 4380 11
487 4329 581 4389 acarde.
