3052 4970
834 235 900 306 394

266 434 298 498 et
316 451 393 498 auro
412 435 520 496 contra
539 449 627 508 cara,
648 431 694 496 sic
714 431 811 496 etiam
832 435 985 544 apparant
1005 435 1126 518 passim
1144 453 1315 521 aegrorum
1330 435 1432 500 somnis

266 543 299 604 et
322 537 512 604 stolidorum
533 537 704 602 hominum
726 535 936 602 deliramenta
956 540 988 603 et
1008 559 1119 605 eorum
1138 542 1194 624 qui
1214 539 1310 606 feraci
1327 541 1431 628 ingenio

267 645 479 711 abutebantur
503 647 684 709 commenta
706 647 739 708 et
761 640 919 720 ludibria,
945 665 1024 728 quae
1046 666 1122 712 sano
1145 667 1182 712 ac
1205 647 1308 713 sobrio
1331 647 1432 713 homini

267 753 323 816 aut
345 750 446 816 bilem
468 754 599 817 movent
623 753 680 815 aut
700 749 812 814 risum.
859 746 987 815 Horum
1010 750 1092 817 bona
1115 773 1188 838 pars
1211 755 1332 841 ingenii
1351 758 1430 818 osten·

265 857 356 923 tandi
387 877 481 922 causa
511 860 544 922 ct
575 859 613 920 ut
643 853 765 940 aliquid
794 857 871 922 novi
899 856 1092 940 proferretur
1115 879 1134 924 a
1156 861 1372 948 grammaticis
1389 862 1432 924 ant

266 962 371 1050 lepide
402 965 459 1027 aut
487 960 618 1046 illepide
651 962 832 1048 excogitata
862 965 920 1025 est.
967 960 1156 1030 Incredibile
1180 965 1271 1030 dictu
1291 969 1336 1030 est
1356 984 1431 1050 quom

266 1067 403 1134 mirifica
435 1071 578 1132 monstra
612 1070 645 1132 et
676 1070 822 1152 portenta
855 1087 1096 1154 nonnumquam
1130 1071 1274 1157 perdocti
1307 1070 1432 1158 magistri

266 1175 448 1260 loquantur.
496 1170 581 1252 Quid
614 1176 719 1258 potest
754 1193 821 1238 esse
855 1173 1037 1260 simplicius
1072 1180 1104 1242 et
1138 1177 1178 1242 ad
1211 1175 1432 1264 intelligendum

268 1283 409 1367 apertius
433 1298 530 1363 quam
553 1283 601 1343 est
624 1279 748 1343 dietum
771 1281 1023 1366 Agamemnonis
1044 1281 1136 1348 Iliad.
1161 1291 1200 1347 A.
1227 1279 1301 1348 117.

450 1384 582 1462 βούλομ’
606 1384 667 1460 ἐγὼ
690 1384 766 1448 λαὸν
792 1382 858 1449 σόον
882 1384 1015 1465 ἔμμεναι
1040 1387 1057 1463 ἢ
1081 1386 1273 1453 duodicim?

268 1493 345 1557 satis
375 1495 424 1557 est
454 1492 540 1555 enim
570 1488 670 1555 semel
701 1490 964 1557 animadvertisse
995 1495 1235 1578 compositionis
1268 1493 1432 1560 Homericae

268 1597 530 1665 consuetudinem
551 1597 587 1659 in
609 1595 766 1674 βούλομαι
792 1597 843 1673 -ἥ
867 1597 921 1664 vel
944 1597 1044 1681 ἠέπερ.
1068 1610 1109 1664 A.
1136 1598 1211 1666 319.

404 1701 522 1785 Τρωσὶν
546 1702 580 1777 at
604 1702 734 1780 βόλεται
760 1702 885 1780 δόμεναι
909 1703 1018 1785 κράτος
1043 1705 1134 1787 ἠέπερ
1158 1708 1241 1787 ἡμῖν.

313 1823 347 1877 Ρ.
368 1809 463 1877 331.-

405 1918 477 1995 tete
502 1914 534 1979 δὲ
557 1913 635 1988 Ζεὺς
658 1916 715 1995 μὲν
739 1914 819 1981 πολὺ
843 1916 994 1995 βούλεται
1019 1919 1037 1995 ἢ
1059 1927 1213 1990 Δαναοῖσι

404 2022 495 2098 νίκην.

313 2154 340 2210 ρ.
366 2127 421 2195 81.

404 2235 496 2300 αὐτὸν
520 2231 634 2314 ἔχοντα
656 2234 690 2299 τὲ
711 2232 844 2313 βούλομ’
869 2235 1041 2317 ἐπαυρέμεν
1065 2239 1082 2317 ἦ
1106 2263 1176 2304 τινα
1200 2238 1302 2306 τῶνδε.

313 2367 340 2425 ρ.
366 2340 443 2407 404.

405 2445 498 2521 αὐτὸς
523 2445 586 2529 γὰρ
610 2446 759 2529 Φαγέμεν
783 2447 864 2514 πολὺ
888 2449 1020 2528 βούλεαι
1045 2453 1062 2529 ἢ
1087 2449 1179 2532 δόμεν
1203 2451 1302 2534 ἄλλῳ.

311 2554 398 2622 Audi
425 2575 509 2619 nunc
539 2556 734 2641 magistrum
763 2557 986 2642 nescioquem
1008 2579 1127 2647 magna
1149 2561 1308 2646 gravitate
1329 2560 1373 2622 ita
1392 2554 1434 2619 dc

268 2667 411 2729 cantem:
435 2661 449 2725 ὃ
473 2659 504 2724 δὲ
526 2660 618 2738 λόγος
643 2661 775 2746 (inquit)
797 2665 946 2734 τοιοῦτος·
967 2663 1059 2744 θέλω,
1082 2663 1192 2747 uncle,
1214 2664 1275 2742 ἐγὼ
1295 2666 1344 2730 τὸν
1360 2659 1436 2742 ὄχλον

267 2773 392 2850 μᾶλλον
416 2765 563 2848 σώζεσθαι
586 2775 659 2831 ΚΑΙ
682 2766 777 2841 αὐτὸς
801 2767 981 2833 ἀπολέσθαι.
1008 2768 1022 2833 ὅ
1045 2769 1109 2851 γὰρ
1130 2768 1174 2833 Ἢ
1197 2772 1360 2849 σύνδεσμος
1381 2761 1435 2830 ἀντὶ
1503 2843 1504 2870 1

266 2881 320 2942 τοῦ
344 2884 417 2940 ΚΑΙ
442 2873 653 2953 παρείληπται
679 2873 721 2954 τῷ
746 2884 866 2958 ποιητῇ.
903 2874 1009 2940 Sumit
1029 2876 1127 2942 homo
1149 2897 1207 2962 pro
1231 2881 1315 2941 certo
1333 2879 1363 2940 et
1380 2891 1436 2936 con·
1503 2899 1504 2930 l

181 3061 191 3074 ι
266 3003 351 3050 cesso
382 2978 606 3066 quodfalsum
629 2980 859 3045 etabsurdum
885 2985 953 3058 est,
986 2985 1024 3046 ut
1053 3001 1093 3046 ex
1115 2981 1221 3047 verbis
1245 2977 1435 3067 apertissimis

267 3090 457 3156 sententiam
489 3085 575 3152 male
600 3105 711 3151 sanam
735 3086 897 3152 extundat.
944 3085 1103 3152 Zenodoto
1127 3091 1237 3153 autem
1260 3087 1337 3173 quid
1356 3083 1436 3150 facias

267 3197 323 3280 qud
352 3194 437 3259 huno
464 3213 593 3261 versum
624 3195 780 3279 expunxit
806 3195 845 3264 ὥς
869 3200 925 3268 τῆς
949 3191 1081 3263 διανοίας
1105 3193 1226 3268 elidens
1250 3194 1347 3267 ciens.
1390 3188 1436 3254 Fa

266 3307 362 3367 tuum
393 3302 423 3365 ei
451 3299 621 3366 videbatur
649 3301 875 3385 imperatorem
907 3299 1009 3364 dicere
1041 3300 1138 3378 „moto
1163 3305 1321 3364 οτονοὲιαιν
1342 3296 1437 3362 τοίνυν

267 3430 328 3472 ecce
360 3429 447 3492 qaam
469 3403 608 3489 perire,'’
638 3407 728 3490 quasi
759 3403 828 3470 ulla
859 3405 898 3470 de
928 3424 965 3470 ea
994 3425 1028 3471 re
1059 3409 1164 3491 posset
1194 3426 1262 3472 esse
1287 3402 1437 3470 dubitatio·

266 3513 383 3579 Paucis
404 3511 511 3577 verbis
532 3530 601 3575 rem
625 3512 768 3576 restituit
790 3509 1002 3576 Aristarchus.

312 3720 392 3786 Vide
416 3723 448 3786 et
469 3721 504 3784 in
527 3720 647 3785 vicinia
669 3719 855 3785 incredibile
878 3719 1046 3800 aucipastas
1070 3720 1270 3798 Πτολεμαίου
1295 3723 1348 3785 τοῦ
1369 3721 1436 3794 ’θρο-

267 3826 357 3894 οὶνδου
389 3835 429 3892 A.
462 3823 536 3892 120.
583 3824 724 3911 Lepidus
746 3830 794 3890 est
817 3828 916 3891 etiam
939 3829 1172 3915 grammaticus
1193 3831 1301 3893 nescio
1324 3817 1436 3912 quirat

267 3942 308 4000 A.
339 3930 406 3998 228
436 3930 566 3996 docens:
598 3931 679 3995 οὐδὲν
710 3934 942 4011 πατρωνυμικὸν
971 3933 1058 4014 παρὰ
1088 3934 1131 4014 τῷ
1162 3942 1274 4017 ποιητῇ
1308 3931 1371 4015 ἔχει
1393 3925 1435 4006 πρὸ

266 4040 373 4110 τέλους
405 4034 603 4114 διεταλμένον
633 4037 668 4104 τὸ
700 4045 713 4100 1
745 4039 808 4102 ἀπὸ
839 4036 939 4117 ἐτέρου
971 4037 1141 4119 φωνήεντος
1177 4034 1234 4105 οἷον
1271 4035 1434 4112 Hesiodus,

266 4142 442 4221 Βονθοίδνι,
470 4143 642 4219 Πηλείδης,
674 4164 812 4229 namque
841 4143 935 4230 plane
967 4149 1075 4210 contra
1106 4149 1169 4224 est,
1195 4149 1233 4210 ut
1255 4167 1341 4212 nunc
1360 4155 1434 4208 neno

265 4254 368 4319 nescit
391 4255 423 4316 et
445 4254 517 4314 tum
540 4269 664 4335 quoque
687 4251 762 4315 sciri
785 4255 919 4336 poterat.

312 4355 532 4444 Tetrasyllaba
551 4357 728 4439 antiquitus
743 4355 841 4422 finisse
852 4359 1074 4444 patronymica
1085 4355 1243 4432 Πηλεΐδης
1256 4408 1265 4437 ι
1279 4355 1434 4442 'nepetino
