3086 4968
685 257 750 326 477

120 448 238 524 τάρων,
270 451 313 520 είς
347 447 397 510 τδν
429 449 657 523 Ἑλλήσποντον
688 446 839 527 άφίχθαι.
862 429 867 436 ⁴
887 447 941 514 Sic
970 448 993 514 S
1028 451 1095 514 sine
1125 470 1228 516 sensu.
1275 451 1312 516 ln
1355 489 1361 499 ·

120 557 254 619 caeteris
278 575 334 639 pro
358 553 464 631 ὁμοίως
489 563 537 619 est
559 559 682 631 μάλλον
706 557 786 619 levis
808 557 958 642 magistri
981 558 1169 622 coniectura.
1213 557 1314 622 Felici

121 663 269 725 acumine
292 681 405 726 verum
429 662 568 747 repperit
590 658 784 726 Herwerden
804 661 974 729 emandans
992 670 1154 728 ΠΛΟΙΩΙ
1175 663 1206 726 δὲ
1227 669 1313 742 τριῶν

120 791 136 842 κ
161 767 329 848 τεττάρων.

164 978 247 1065 Pag.
279 976 355 1043 236.
382 975 434 1042 10.
460 980 578 1042 ὠνεῖται
603 980 676 1059 παρ’
700 979 801 1043 αὐτῶν
824 974 904 1052 ὅπως
928 980 972 1058 μίρ
995 981 1152 1058 άπίΩμεν
1176 983 1211 1046 ἔκ
1235 990 1310 1045 Μα·

120 1083 267 1156 κεδονίας.
314 1083 447 1150 Dixerat
479 1080 559 1154 ὅπως
590 1086 634 1162 μὴ
666 1082 805 1162 άπΙμεν,
836 1087 891 1151 sed
923 1084 1073 1152 Graeculi
1096 1087 1184 1152 hanc
1210 1088 1313 1152 futuri

120 1189 260 1254 formam
286 1210 353 1254 esse
375 1193 550 1255 nescientes
573 1197 772 1254 corraserant.
809 1190 919 1268 Alius,
945 1195 1001 1276 qui
1019 1214 1081 1257 non
1101 1193 1313 1276 concoquebat

120 1296 179 1361 hoc
214 1295 254 1359 de
284 1316 317 1360 se
346 1299 415 1382 ipso
443 1316 566 1382 quoque
588 1294 836 1361 Demosthenem
860 1296 975 1372 dicare,
1002 1302 1122 1363 temere
1145 1297 1313 1364 substituit

119 1403 292 1466 άτίΩΕΙΝ
316 1407 348 1468 et
370 1422 446 1466 mox
469 1401 549 1480 δεῦρ’
575 1399 842 1479 ἀπαγγειλάντων
872 1410 1030 1466 ΑΥΤΩΝ
1054 1423 1110 1487 pro
1134 1405 1287 1468 ἨΜΩΝ.

259 1503 350 1580 οὕτως
374 1510 479 1579 αὐτοῖς
505 1509 729 1587 άταλαιπύρως
753 1508 787 1571 τδ
813 1508 963 1585 διορθῶσαι
988 1507 1125 1573 διέκειτο.

163 1614 256 1680 ldem
281 1615 400 1680 vitium
423 1616 631 1679 commissum
654 1633 727 1701 pag.
754 1611 830 1677 634.
860 1611 891 1677 6.
916 1614 940 1676 εί
966 1615 1023 1691 μὲν
1047 1615 1180 1690 ἐάσομεν
1201 1653 1261 1688 -,
1286 1617 1312 1680 εί

120 1722 145 1785 δ’
177 1719 339 1805 ἐπέξιμεν,
370 1720 428 1784 ubi
459 1719 515 1784 alii
545 1717 714 1796 ἐπεξίωμεν
743 1718 879 1804 habent,
912 1725 944 1784 et
968 1741 1042 1808 pag.
1069 1719 1145 1788 753.
1171 1721 1202 1784 2.
1230 1718 1310 1792 ὅπως

119 1864 163 1874 -—
187 1825 292 1892 άδετοι
321 1827 486 1905 περιίασιν,
523 1825 579 1891 alii
614 1825 774 1904 περιίωσιν.
820 1824 996 1890 Emendate
1030 1847 1104 1912 pag.
1142 1824 1218 1890 583.
1254 1825 1310 1891 23.

121 1927 202 2004 ὅπως
229 1930 345 2007 ε’πίξΕΙ
370 1934 410 2012 τῷ
437 1933 534 2013 μιαρῷ
559 1931 612 1996 καί
634 1934 678 2008 μὴ
704 1930 856 1996 διαλύσει.

165 2144 247 2230 Pag.
282 2141 360 2208 237.
396 2140 425 2206 9.
459 2142 623 2206 άκούσεσθε
655 2143 733 2206 δυοῖν
766 2141 783 2217 ἢ
811 2146 896 2221 τριῶν
922 2143 1036 2220 ἡμερῶν
1060 2135 1102 2212 οἷς
1126 2141 1182 2218 μὲν
1207 2141 1312 2222 ἐχθρὸς

116 2252 232 2314 ἮΚΕΙ
264 2249 356 2328 Φίλων
389 2247 481 2314 αὐτὸν
515 2246 730 2326 γεγενημένον.
778 2244 905 2313 Clamat
928 2250 1085 2312 sententia
1109 2245 1313 2314 verum'esse

112 2352 234 2432 ἯΚΕ,
260 2356 365 2442 quibua
387 2356 479 2420 tostis
501 2371 648 2420 unsar
671 2354 796 2417 υνιίσαιπ
819 2376 883 2418 eccm
906 2376 967 2417 acac
980 2355 1113 2439 factam.

162 2566 235 2632 Non
266 2569 378 2632 estin
408 2569 475 2630 toto
505 2564 718 2629 Demosthene
749 2563 892 2649 putidius
924 2563 1085 2628 emblema
1112 2583 1210 2647 quam
1235 2584 1308 2650 pag.

118 2669 198 2736 239.
234 2671 285 2735 15.
319 2673 366 2757 [οὐ
397 2670 513 2743 τούτοις
538 2677 601 2740 τοῖς
625 2671 739 2749 ῥύμασι
764 2667 915 2746 γράψας,
942 2673 1047 2732 ταῦτα
1072 2669 1102 2731 δὲ
1128 2667 1312 2746 βουλόμενος

117 2779 297 2862 δεικνύναι]
330 2777 488 2843 Haeccine
520 2776 584 2840 dici
616 2793 735 2841 arsum
764 2781 931 2860 postquam
965 2773 1108 2858 Philippi
1143 2772 1312 2857 epistolam

118 2889 247 2952 recitari
278 2885 456 2958 audissent,
489 2885 528 2949 ad
558 2882 781 2952 Athenienses,
813 2900 892 2965 quos
924 2897 995 2965 pag.
1028 2878 1080 2944 32.
1106 2878 1161 2944 22.
1188 2878 1312 2944 πάντων

119 2989 288 3068 ὀξυτάτους
311 2997 425 3069 γνῶναι
450 2991 493 3054 τά
516 2988 642 3072 ῥηθέντα
666 2986 744 3050 dicit
768 2986 875 3052 fuisse.

165 3203 248 3290 Pag.
275 3201 351 3267 241.
379 3201 409 3266 l.
433 3207 491 3266 τῶν
513 3201 542 3264 ἕν
567 3199 608 3279 τῷ
634 3195 848 3263 πολιτεύεσθαι
881 3192 1116 3275 δωροδοκούντων
1150 3193 1217 3278 [καί
1250 3192 1313 3257 δια-

118 3309 319 3393 φθειρομένων
343 3308 392 3372 ε’πί
416 3305 603 3394 χρήμασιν].
644 3303 679 3368 Si
701 3302 862 3388 legeretur
885 3299 1119 3381 δωροδοκούντων
1143 3300 1195 3362 καί
1222 3300 1307 3379 δωρο-

120 3416 283 3482 δοκούντων
315 3413 489 3479 ridiculum
517 3415 624 3500 magis
646 3410 727 3476 foret
750 3408 805 3472 sed
828 3427 890 3471 non
913 3409 1022 3470 minus
1044 3408 1190 3489 ineptum
1215 3425 1311 3490 quam

119 3522 205 3608 quod
237 3543 321 3586 nunc
347 3520 477 3608 legitur.
526 3517 589 3598 Qui
611 3517 689 3581 haec
712 3513 869 3578 addebant
892 3511 1036 3578 solebant
1058 3513 1121 3596 ipsi
1145 3510 1312 3590 δωροδοκεῖν

120 3629 224 3694 dicere
247 3649 304 3715 pro
316 3626 480 3708 δεκάζειν,
501 3625 644 3704 χρίμασι
664 3619 856 3699 διαφθείρειν.
891 3620 1053 3684 Annotant
1072 3619 1188 3704 igitur,
1210 3618 1314 3682 sicubi

121 3733 289 3815 lucubensis
315 3736 445 3817 antiquo
469 3752 562 3797 sensu
588 3733 656 3794 erat
678 3728 821 3804 dictum,
847 3722 1025 3811 significare
1047 3724 1203 3803 χρήματα
1225 3738 1311 3801 λαμ-

121 3841 244 3919 βάνειν,
277 3839 503 3919 διαφθείρεσθαι
534 3837 676 3917 χρίμασι
706 3832 760 3898 vel
796 3833 893 3896 etiam
929 3832 1020 3915 peius
1056 3828 1106 3892 ε’πί
1141 3833 1312 3909 χρήμασιν.

121 3947 200 4028 Quis
230 3947 328 4031 ferat,
360 3953 397 4011 ut
426 3945 486 4011 hoc
517 3949 606 4020 utar,
633 3940 716 4026 quod
739 3938 823 4024 apud
846 3934 1045 4001 Dinarchum
1068 3939 1115 3999 est
1139 3935 1223 4000 κατά
1249 3946 1312 4012 Διρ-

120 4052 280 4131 μοσθθνους
304 4055 322 4137 ᾗ
347 4050 399 4119 74.
425 4049 590 4131 ἐδωροδίκει
617 4043 805 4133 [λαμβάνων
830 4041 1000 4126 χρήματα]
1030 4040 1118 4120 παρά
1156 4042 1311 4108 Φιλίππου

121 4155 304 4237 Τιμίλαοςί

165 4370 237 4456 Pag
283 4367 360 4436 247.
391 4366 446 4433 24.
478 4374 533 4440 τῆς
565 4370 624 4430 τῶν
655 4361 811 4437 Ἑλλήνων
835 4360 1004 4439 ἐλευθερίας
1028 4359 1311 4438 αὐτεπαγγέλτους
