3026 4970
636 262 701 332 293

80 448 230 523 Bellerus
249 460 389 524 eximere
407 460 538 522 oonatus
556 459 620 532 est,
642 455 697 520 sed
715 475 828 540 parum
848 454 992 521 feliciter.
1024 455 1148 543 Nempe
1167 453 1250 542 quod

80 564 127 629 hae
153 565 371 632 observatione
400 563 499 628 fretus
531 561 632 644 οὶΦΙν,
658 561 763 641 τριΐν,
787 561 875 639 toln,
900 561 1008 640 μεθίν,
1033 563 1135 638 ἐτίθη,
1161 561 1248 638 τίον,

81 669 166 744 etto,
187 670 255 735 δι3νι
275 671 387 737 formis
409 668 598 756 vulgaribus
617 671 651 731 in
672 706 713 714 -
737 676 775 730 el
796 673 827 733 et
849 706 890 716 -
913 677 970 732 O'r
988 668 1156 733 substituit
1166 669 1253 733 fefel-

80 775 111 839 lit
137 797 209 841 eum
240 779 363 862 opinio,
394 782 432 840 ut
463 795 557 860 supra
588 775 886 840 demonstravimus.
933 775 975 839 Et
1005 774 1089 859 quod
1114 776 1252 859 partiou-

80 881 120 946 lae
148 891 240 949 ΜΕΝ
269 882 371 948 veluti
394 879 515 946 bellum
540 879 658 944 indixit
680 881 873 965 ubicumque
896 902 952 965 per
971 885 1113 945 metrum
1136 879 1253 944 licebat

81 995 164 1052 MHN
193 1009 346 1074 reponens
375 990 409 1052 in
431 985 589 1071 plerisque
612 985 689 1050 loeis
711 990 852 1050 veterem
876 985 1026 1070 loquendi
1048 1006 1145 1050 usum
1167 985 1253 1050 ultro

81 1095 212 1178 vitiavit,
235 1099 273 1157 ut
296 1095 334 1159 de
354 1094 511 1158 industria
533 1112 590 1156 suo
613 1091 682 1156 loeo
705 1091 916 1156 ostendemus.

118 1197 175 1264 Sed
196 1203 364 1285 supersunt
387 1198 449 1264 alia
470 1197 554 1282 apud
577 1196 758 1262 Homerum
779 1198 930 1262 mendose
953 1201 1085 1283 scripta,
1110 1219 1190 1283 quae
1214 1221 1252 1263 ex
1349 1259 1352 1266 .

80 1303 220 1370 librorum
244 1310 391 1371 veterum
415 1311 477 1376 τοῖς
501 1306 656 1374 Ἀττικοῖς
680 1302 866 1382 γράμμασιν
890 1308 1090 1368 exaratorum
1110 1303 1253 1369 lectioni-

80 1409 131 1474 bus
151 1432 257 1476 reram
281 1412 418 1476 formam
439 1429 622 1494 recuperare
645 1408 774 1473 tandem
797 1414 954 1493 potenmt.

117 1515 275 1583 Proferam
306 1518 410 1603 igitur
442 1535 526 1580 nuno
557 1514 641 1580 loeos
671 1512 807 1578 Homeri
837 1514 894 1578 ubi
922 1524 977 1580 OT
1001 1518 1034 1579 et
1057 1523 1092 1578 Ω
1116 1516 1199 1580 inter
1222 1535 1255 1580 se

81 1621 197 1688 confusa
219 1624 359 1688 fuerunt.
406 1620 522 1685 Editur
544 1621 636 1685 Iliad.
661 1618 702 1684 Il.
728 1617 805 1684 363.

202 1727 366 1794 ἀλλὰκαὶ
391 1723 429 1800 ὦς
453 1725 619 1804 ἀνέμιμνε,
645 1725 725 1790 σιὶΩ
750 1723 777 1788 δ’
803 1725 918 1806 ἐρίηρας
943 1726 1089 1806 ἑταίρους.

81 1838 107 1898 et
128 1842 160 1898 Φ.
183 1831 258 1900 238.

201 1942 271 2010 τοὺς
296 1938 321 2002 δ’
345 1937 488 2015 ἔκβαλλε
512 1937 620 2019 θύραζε
645 1976 687 1986 -
712 1935 803 2018 ζωοὺς
829 1935 859 2000 δὲ
883 1935 975 2002 odo.

82 2043 178 2108 eadem
200 2045 302 2109 forma
324 2047 372 2108 est
396 2045 581 2129 imperativi
604 2041 716 2130 Odyss.
741 2067 766 2107 ν.
792 2040 867 2107 230.

201 2151 290 2215 ἄλλα
315 2147 394 2214 eoin
419 2149 476 2227 μὲν
500 2154 623 2225 ταῦτα,
646 2147 726 2213 odo
749 2147 776 2212 δ’
801 2147 868 2226 ἐμέ.

82 2259 152 2336 etp.
174 2254 249 2321 595.

203 2361 297 2428 αὐτὸν
320 2361 376 2440 μέν
399 2386 434 2425 σε
458 2367 565 2441 πρῶτα
588 2359 667 2426 eoin
692 2360 744 2425 καὶ
768 2358 885 2442 φράζεο
909 2361 991 2441 θυμῷ

204 2467 248 2546 μή
271 2491 301 2532 τι
326 2467 434 2550 πάθῃς.

120 2570 201 2638 Haeo
232 2578 279 2639 est
307 2572 442 2661 vulgata
465 2577 497 2638 et
520 2576 659 2659 antiquis
683 2574 819 2638 testibus
842 2573 985 2639 stabilita
1006 2573 1112 2640 leotio.
1152 2575 1256 2662 Hesy-

83 2676 177 2745 ohius:
202 2688 312 2747 cen:
337 2676 430 2759 σῶζε,
457 2685 561 2744 σῶσον.
608 2679 796 2764 Apollonius
819 2680 891 2743 Lea.
916 2681 1003 2747 Hom.
1030 2689 1130 2745 CAss.

205 2786 293 2851 ἄλλα
317 2785 381 2851 roto
405 2787 462 2864 μὲν
485 2790 591 2851 ταῦτα
599 2834 608 2864 ,
633 2783 698 2851 orico
724 2785 749 2848 δ’
773 2783 839 2863 ἐμέ.

122 2891 184 2956 cirri
207 2898 258 2957 τοῦ
283 2891 369 2974 σῶζ.

122 2994 177 3062 Sed
207 3019 287 3084 quae
317 2997 462 3077 tandem,
498 3019 630 3084 quaeso,
662 3020 728 3065 esse
758 3000 864 3084 potuit
887 2999 989 3064 forma
1010 2999 1120 3064 eadem
1142 3002 1258 3085 imper·

82 3099 149 3166 ieoti
175 3108 206 3168 et
234 3107 419 3188 imperativi
449 3103 559 3170 CAssi
589 3105 713 3190 Nempe
746 3106 776 3168 ἐν
806 3112 869 3177 τοῖς
902 3111 1048 3174 παλαιοῖς
1077 3105 1255 3183 ἐγέγραπτο

85 3213 174 3287 CAO,
206 3208 388 3292 ταρεΦθοὶρν
422 3209 453 3274 δὲ
486 3210 543 3274 ὑπὸ
576 3216 634 3274 τῶν
665 3209 1066 3290 μεταχαραιισιρρισοὶντοιν,
1099 3216 1154 3297 qui
1177 3212 1256 3277 σοὶΩ

83 3313 261 3399 seripserunt
292 3337 391 3400 quum
415 3315 516 3380 σιίΟΤ
541 3316 700 3382 deberent.
746 3318 824 3383 Erat
846 3318 981 3383 verbum
1004 3317 1141 3403 Epirum
1165 3325 1258 3384 σαοῦν

82 3434 130 3498 pro
160 3420 282 3501 σώζειν,
316 3423 407 3487 ouius
433 3421 591 3506 plurimae
614 3422 734 3488 formae
756 3427 874 3508 passim
897 3425 931 3488 in
953 3423 1087 3489 Homeri
1112 3427 1258 3489 carmini·

83 3519 134 3589 bus
156 3525 324 3615 leguntur,
349 3529 499 3606 σαώσεις,
525 3535 665 3605 σαῶσαι,
690 3530 841 3604 σαωθῆναι
864 3534 923 3594 oet.
958 3529 1146 3616 Imperetivi
1164 3533 1259 3596 aoris-

84 3628 129 3694 ius
151 3638 196 3698 est
218 3631 338 3699 σοένισον
360 3633 441 3698 Iliad
464 3644 505 3699 A.
529 3631 607 3700 827.

206 3741 280 3805 αλλ’
305 3739 361 3816 ἐμὲ
385 3740 441 3815 μὲν
465 3739 502 3803 σὺ
526 3739 644 3805 σοὲωσον
667 3737 753 3818 ἄγων
777 3741 826 3805 ἐπὶ
852 3749 908 3816 νῆα
932 3742 1095 3820 μέλαιναν.

85 3843 113 3902 et
132 3841 242 3929 Odyss.
266 3845 293 3909 δ.
320 3842 396 3910 765.

208 3952 266 4014 τῶν
289 3954 340 4014 νῦν
366 3974 416 4029 μοι
439 3959 555 4029 μνῆσαι
577 3952 631 4016 καί
654 3976 704 4029 μοι
729 3952 822 4035 elleos
845 3949 896 4018 ola
919 3953 1047 4020 σοὶιοσον.

125 4050 219 4138 Satis,
251 4057 360 4140 oredo,
391 4058 595 4141 perspicuum
627 4062 674 4122 est
706 4061 821 4123 aoristo
853 4059 969 4125 σαασον
1003 4082 1149 4145 praesens
1183 4063 1259 4129 σοέον

85 4159 256 4242 respondere
279 4166 311 4225 et
332 4162 557 4247 imperfectum
581 4161 677 4228 orire:

210 4267 374 4332 ἀλλὰκαὶ
399 4264 436 4339 ὦς
459 4267 626 4346 οὶνέμιμνε,
652 4266 752 4335 σιὶΟΤ
777 4269 804 4333 δ’
830 4271 947 4351 ἐρίηρας
971 4271 1116 4353 ἑταίρους.

88 4361 151 4431 Nisi
180 4375 387 4440 uetustissimi
410 4377 523 4440 erroris
546 4378 636 4462 origo
657 4381 726 4442 tam
750 4376 872 4460 liquido
895 4382 1034 4461 pateret,
1057 4380 1262 4452 haesitaverit
