3026 4970
809 281 874 352 260

247 470 322 538 574.
353 473 507 561 legimus:
541 470 735 554 πρωτότοκον
766 472 864 540 αὐτὴν
896 471 962 562 (τίον
996 472 1094 559 σφώ)
1129 476 1227 557 Φησὶν
1260 471 1417 556 Ἡριοδιοονόο

246 580 299 644 οὐκ
323 579 386 644 dard
409 586 463 652 τῆς
489 584 608 656 σφῶϊ.
635 579 678 645 διὸ
702 577 850 654 ὀξύνεται.
872 578 907 642 τὸ
926 578 990 659 γὰρ
1013 589 1047 644 Ω
1068 587 1127 645 τῶν
1146 583 1255 647 δνϊκῶν
1275 580 1419 660 aniciac-

247 709 300 750 σοιι
325 689 380 760 τίον
403 685 642 763 στερισκομένην.
667 686 760 751 etad
786 695 824 749 Ο.
848 684 924 750 146.
948 686 1047 766 σφίνε
1072 695 1128 761 τῆς
1152 691 1261 770 σφῶϊ
1283 687 1418 760 ductori.

247 791 319 857 Non
350 795 408 857 sat'
456 793 518 857 sibi
549 797 688 869 constat,
723 797 760 855 ut
789 792 896 856 vides:
929 791 985 855 sed
1008 794 1054 856 sic
1077 793 1158 858 solet
1179 794 1372 860 Herodianus
1392 793 1418 855 οὐ

247 898 289 963 τοὶ
321 898 405 961 αὐτοὶ
430 898 495 976 περὶ
520 905 578 961 τῶν
602 901 701 962 αὐτῶν
724 897 839 974 λέγειν.
890 896 1002 984 Longa
1025 902 1072 963 est
1095 899 1134 964 de
1158 921 1194 965 ea
1219 922 1253 966 re
1277 899 1420 965 annotatio

247 1004 331 1089 apud
360 1003 503 1090 Etymol.
534 1003 581 1069 M.
612 1025 685 1091 pag.
719 1001 803 1080 609,
835 1001 889 1067 43.
913 1000 959 1066 ὅτι
983 1005 1018 1068 τὸ
1040 1012 1108 1069 ΝΩ
1132 1007 1184 1070 aa}
1208 1007 1244 1072 τὸ
1270 1013 1353 1071 ΕΦΩ
1374 1004 1417 1067 σὺν

246 1111 288 1190 σῷ
322 1119 335 1172 Ι
367 1111 445 1180 τινὲς
470 1109 626 1191 γροίΦονσι
649 1109 793 1187 λέγοντες
818 1110 881 1174 aiud
905 1113 958 1172 τοῦ
982 1119 1067 1174 ΝΩΙ
1091 1111 1142 1176 κοοϊ
1170 1121 1275 1178 ΟΦΩΙ
1298 1109 1417 1190 γίνεοίνιι

248 1215 333 1279 nord
358 1217 526 1293 συνοοίρεσιν
549 1219 602 1278 τοῦ
628 1224 664 1279 Ω
688 1215 740 1280 κοοί
764 1224 778 1278 Ι
802 1216 844 1286 εἰς
867 1216 922 1288 σὴν
948 1224 998 1279 ΩΙ
1020 1216 1198 1296 δίφθογγον.
1237 1218 1421 1300 Quicumque

250 1326 297 1385 est
327 1323 382 1404 qui
412 1323 458 1386 ita
493 1324 614 1386 censuit
648 1324 735 1408 (nam
766 1320 844 1392 τινές
878 1322 915 1386 de
940 1345 998 1386 ιονοο
1020 1327 1095 1389 noto
1118 1324 1247 1389 homine
1269 1327 1302 1388 in
1324 1322 1377 1387 tali
1393 1342 1421 1384 re

249 1429 325 1513 poni
355 1426 449 1510 solet)
479 1449 593 1492 verum
624 1428 724 1505 vidit;
755 1428 810 1492 sed
840 1426 1023 1493 Herodiano
1051 1428 1145 1494 aliter
1178 1433 1295 1495 visum.
1341 1428 1421 1493 ’Ant'

252 1531 382 1618 (inquit)
406 1535 423 1607 si
448 1533 615 1612 παράδοσις
639 1536 691 1597 οὐκ
716 1530 783 1611 ἔχει
806 1533 841 1597 ri
864 1544 878 1598 Ι
906 1533 1094 1611 ἐγκείμενον.
1142 1532 1313 1601 Contendit
1333 1537 1422 1622 igitur

248 1635 293 1702 dre
318 1638 351 1702 τὸ
375 1647 441 1702 ΝΩ
468 1638 519 1702 aa>
546 1647 634 1702 ΕΦΩ
659 1640 712 1703 οὐκ
736 1639 856 1716 ἐγένετο
881 1641 944 1705 ἀπὸ
968 1645 1020 1703 τοῦ
1040 1649 1124 1705 Nm
1146 1643 1198 1706 κιοὶ
1221 1625 1325 1707 com
1347 1639 1421 1704 aare

249 1745 300 1809 rai
333 1748 437 1808 τοῦτον
468 1744 575 1823 ἑτέρων
606 1745 730 1818 ίέμοινοί
761 1747 805 1813 ε’ςι
838 1745 890 1809 uni
923 1747 1040 1811 ἐκείνων
1068 1743 1158 1826 ἕτερον
1186 1747 1320 1827 θέμισσιν.
1364 1746 1422 1810 Ηοο

250 1855 298 1917 est
328 1851 411 1937 quod
442 1851 537 1915 modo
568 1849 751 1916 andivimus
773 1850 994 1916 Herodianum
1018 1852 1121 1918 dicere
1144 1852 1338 1933 νιροντίτονιόν
1359 1852 1419 1918 ε’ςιν.

248 1958 427 2023 Audiamus
449 1979 532 2022 nunc
556 1956 762 2041 Apollonium
786 1957 963 2044 Dyscolum
983 1959 1049 2035 περὶ
1070 1961 1241 2037 Ἀννωννμ
1260 1979 1334 2045 pag.
1359 1955 1422 2020 110.

249 2082 277 2129 B.
306 2065 338 2127 οιί
363 2063 508 2128 'Arriani
535 2061 911 2150 (dorsumdurum)
934 2072 1026 2144 ΟΦΩ,
1044 2065 1128 2128 κοινοί
1153 2066 1207 2136 τίον
1231 2067 1348 2130 adicias
1369 2063 1422 2140 ν’ξ·

250 2169 340 2240 τόνοις
372 2170 605 2246 ἀνεγνώσθησαν
632 2169 717 2249 ποοροϊ
741 2171 782 2250 τῷ
806 2179 915 2250 ruinosi
941 2171 992 2234 κοοϊ
1016 2167 1118 2235 ίίποισι
1143 2179 1301 2251 τραγικοῖς
1325 2195 1358 2235 τε
1379 2167 1421 2233 sai

202 2299 206 2306 ·
250 2282 408 2351 κωμικοῖς,
443 2271 488 2338 οοϊ
514 2298 549 2337 τε
576 2274 734 2353 γροιφοοϊ
768 2277 835 2338 οὐκ
862 2274 1006 2354 ἔχουσι
1030 2276 1070 2339 τὸ
1095 2283 1108 2340 Ι
1133 2276 1421 2355 προσκείμενον.

249 2381 341 2464 Erat,
374 2385 412 2445 ut
434 2379 537 2457 vides,
565 2379 733 2458 νοοροίδοσις
757 2381 912 2465 quaedam
935 2402 992 2465 per
1014 2386 1300 2469 grammaticorum
1324 2400 1422 2447 manus

248 2490 282 2550 in
314 2485 405 2550 libris
429 2486 468 2550 ad
490 2493 631 2550 nostram
654 2489 843 2552 memoriam
867 2491 1041 2574 propagata
1065 2487 1102 2550 vd
1127 2493 1159 2553 et
1181 2488 1250 2569 σφώ
1276 2510 1341 2553 esse
1362 2489 1423 2553 sori-

247 2593 404 2668 bendum,
429 2612 491 2657 non
514 2590 551 2672 νῴ
575 2597 607 2656 et
630 2592 709 2674 σφῴ.
758 2591 862 2671 Quam
886 2593 1052 2671 παράδοσιν
1077 2596 1105 2657 si
1126 2597 1207 2659 ratio
1231 2599 1264 2659 et
1292 2593 1423 2679 analogia

246 2699 442 2786 redarguunt
464 2703 535 2764 tuto
559 2697 664 2763 valere
687 2699 822 2762 iubebis.
870 2695 1031 2764 Oonsensu
1054 2719 1163 2764 omnes
1188 2705 1361 2787 agnoscunt
1378 2699 1423 2761 νίτ-

248 2805 342 2872 ονκιςί
360 2825 422 2869 non
443 2804 535 2870 aliter
554 2825 650 2888 quam
670 2805 724 2883 νῷν
746 2808 777 2869 et
797 2807 883 2885 σφῷν
908 2825 974 2869 esse
997 2803 1217 2883 scribendum,
1244 2827 1324 2890 quae
1345 2807 1421 2875 sunt,

249 2911 357 2993 credo,
383 2931 421 2974 ex
443 2909 624 2974 Homericis
648 2913 713 2973 νῶϊν
737 2915 769 2974 et
793 2913 892 2990 σφῶϊν
916 2916 1085 2976 contracta.
1129 2911 1221 2991 Quod
1245 2918 1352 2978 autem
1370 2908 1423 2974 He
1501 2967 1502 2994 ι

247 3018 396 3083 rodianus
420 3019 575 3080 asseverat
601 3018 653 3080 νῶϊ
674 3020 706 3079 et
730 3018 785 3092 νώ,
811 3019 895 3095 σφῶϊ
917 3020 949 3080 et
969 3015 1039 3091 σφώ
1060 3016 1179 3080 ὦϊοονιο
1199 3037 1267 3082 esse
1285 3012 1423 3084 vocabula

249 3124 320 3208 quis
350 3124 430 3186 serio
461 3117 587 3185 credet?
633 3120 724 3200 Quod
751 3121 838 3185 idem
862 3120 940 3186 alibi
964 3121 1042 3185 dicit
1065 3124 1133 3202 σφώ
1159 3143 1225 3188 esse
1250 3132 1305 3197 τῆς
1335 3119 1424 3200 σφῶϊ

250 3229 408 3302 οὶσοκοσνίν
440 3229 512 3312 quis
534 3231 581 3291 est
604 3226 697 3292 hodie
720 3229 775 3311 qui
798 3246 990 3311 concoquere
1012 3225 1133 3312 possit?
1178 3228 1278 3293 Erant
1305 3226 1422 3294 olimin

250 3339 327 3401 artis
361 3334 495 3399 infantia
531 3332 608 3398 haec
642 3335 869 3420 magistrorum
900 3332 1004 3397 veluti
1034 3354 1205 3418 puerorum
1242 3335 1370 3412 aalysiae
1394 3333 1421 3393 et
1500 3377 1501 3384 ι

248 3442 404 3511 ludibria,
438 3441 601 3514 οϊιιοκονιιί,
636 3439 841 3517 οϊντίφροοοιι,
876 3439 1084 3514 οϊντίπσωσις,
1119 3439 1283 3517 ἕνκλλοογή
1303 3435 1420 3524 ceneris,

251 3547 383 3629 κνιννοονϊ,
407 3545 555 3628 temporis.
580 3545 663 3609 unde
686 3544 743 3608 illa
767 3543 845 3608 olim
866 3543 1031 3609 decantata
1048 3545 1214 3625 ον’νιριιίονίι
1225 3569 1284 3629 μιν
1303 3540 1421 3629 plurali,

242 3674 386 3739 ρνοιιονιι
406 3673 461 3734 pro
475 3643 609 3735 futuro,
635 3652 708 3714 sim.
728 3670 808 3734 quae
825 3671 908 3714 nunc
931 3648 983 3715 vel
1003 3671 1021 3714 a
1042 3649 1213 3738 Theologis
1234 3651 1422 3717 fastidiuntur

251 3781 288 3825 ac
318 3758 510 3822 deridentur.
557 3756 642 3836 Quid
665 3758 768 3844 igitur
791 3756 929 3840 impedit
952 3761 991 3820 nt
1013 3757 1164 3822 suadente
1186 3761 1307 3825 ratione
1328 3761 1356 3820 et
1375 3751 1421 3816 ad·

252 3863 424 3949 stipulante
455 3862 602 3950 analogia
633 3866 813 3928 statuamus
842 3863 1112 3947 quemadmodum
1145 3865 1199 3941 νῷν
1230 3871 1263 3928 et
1291 3861 1368 3942 σφῷν
1386 3877 1422 3922 er

252 3975 318 4037 νῶϊν
343 3965 374 4033 et
398 3971 494 4044 σφῶϊν
518 3974 673 4056 prognata
696 3973 784 4044 sunt,
809 3970 854 4032 sic
878 3989 916 4033 ex
940 3970 992 4032 νῶϊ
1015 3973 1046 4033 et
1070 3971 1154 4048 σφῶϊ
1175 3970 1243 4033 iam
1267 3967 1344 4054 apud
1363 3961 1422 4027 Ho-

253 4191 325 4248 tum
355 4200 448 4244 nemo
479 4187 593 4268 negat,
626 4183 656 4244 et
686 4178 787 4258 Τρῳάς
815 4201 853 4244 ex
877 4181 989 4258 Τρώϊοι
1013 4178 1080 4244 fieri
1104 4181 1143 4244 ab
1168 4182 1237 4265 ipso
1260 4176 1422 4244 Herodiano

254 4289 426 4355 didicimus
449 4287 482 4349 in
505 4285 662 4351 Mnemos.
690 4284 785 4352 1873.
812 4307 885 4373 pag.
911 4285 962 4350 55.
1000 4284 1112 4350 Restat
1135 4288 1238 4373 igitur
1259 4285 1322 4352 sola
1337 4281 1422 4346 libro·

254 4416 327 4462 rum
351 4396 497 4457 veterum
520 4389 614 4454 fides:
640 4393 657 4466 ἡ
681 4390 849 4474 κοιροίδοσις
873 4392 926 4455 οὐκ
950 4389 1017 4472 ἔχει
1042 4393 1075 4456 τὸ
1100 4393 1316 4472 [ἐγκείμενον.
1347 4383 1422 4466 Quid

251 4096 377 4142 merum
411 4070 448 4153 νῴ
471 4078 502 4138 et
526 4073 595 4154 σφῴ
619 4095 685 4162 esse
708 4071 793 4138 orta?
839 4070 1058 4138 Accentusne?
1081 4079 1113 4138 at
1138 4072 1200 4154 πρῴ
1225 4095 1263 4140 ex
1287 4074 1357 4151 πρῶϊ
1374 4087 1422 4131 na·
1498 4125 1499 4136 ,
