3080 4972
694 208 748 278 11-

150 398 216 469 rol.
242 399 310 468 532
334 402 370 468 V.

377 507 445 589 περὶ
469 515 528 572 τῶν
550 508 627 589 πρδσ
652 507 837 588 άλὲξανδρσν
860 510 1017 584 συνθηκῶν.

115 615 236 702 explicit
258 613 314 682 sol.
341 611 407 680 533
430 619 516 680 reoto
537 617 573 680 in
595 613 657 680 fine
678 615 730 680 his
752 615 876 682 verbis:

425 719 558 803 ἔρχομαι
581 727 639 786 τῶν
663 721 749 787 κατά
773 719 837 785 τάσ
859 720 949 795 συνέά

425 849 505 892 κατ·
530 825 576 895 έςν
599 828 664 908 γάρ
688 825 908 907 γεγραμμένον

115 933 241 999 infolio
265 933 377 1000 eodem
399 953 491 1000 verso
514 953 629 999 manus
651 953 759 999 reeens
783 932 957 998 admodum
975 932 1138 1019 supplevit
1157 931 1301 998 eiusdem
1348 985 1354 995 ,

116 1041 259 1106 orationis
279 1037 479 1134 reliquakdetv
502 1062 585 1106 τινεσ
609 1038 672 1103 τάσ
696 1039 861 1104 πολιτείαν
885 1039 949 1104 κτέ.

633 1281 709 1370 (lap.
741 1281 782 1350 Π.

211 1466 262 1534 Da
285 1483 377 1533 noeis
400 1483 586 1542 eunusmu
608 1484 693 1532 mun
716 1465 963 1533 Dmosrnrrnn
983 1482 1199 1532 moerus.

158 1681 289 1768 Olynth
315 1679 341 1744 Ι.
365 1701 440 1767 pag.
466 1678 520 1745 10.
544 1679 576 1745 2.
600 1679 700 1762 copiae
716 1701 804 1765 qaam
816 1679 949 1763 primam
965 1681 1178 1763 comparandae
1195 1701 1302 1758 remeo,

117 1788 234 1873 inquit,
266 1808 343 1872 qaae
376 1785 526 1872 oqetttie
548 1807 627 1870 opem
641 1787 755 1872 seram
780 1793 808 1850 ee
830 1786 1002 1850 mittendam
1026 1785 1216 1867 effationem,
1241 1785 1306 1862 η’τα

118 1895 206 1958 ταῦτ’
242 1894 305 1973 ἐρεῖ
331 1890 384 1956 καὶ
415 1891 548 1972 παρέςαν
579 1898 643 1962 τοῖς
673 1890 880 1971 πράγμασιν,
912 1893 951 1964 ὥς
982 1890 1027 1960 ἔτι
1060 1889 1186 1971 μάλνςα
1217 1894 1307 1956 τοῦτο

119 1998 177 2073 δέος
209 2002 254 2078 μη
286 2003 457 2078 πανοῦργος
481 1996 519 2062 ὢν
543 1997 596 2062 καὶ
621 1996 712 2072 δανδς
737 1994 888 2079 άνέρωπσρ
912 1996 1081 2079 πράγμασι
1104 1998 1237 2079 χρῆσθαι
1264 2035 1305 2046 -

119 2112 337 2172 ΤΡΕΨΗΤΑΙ
362 2103 414 2168 καὶ
441 2101 693 2184 παρασπάσηταί
714 2129 745 2169 τι
768 2111 826 2169 τῶν
850 2101 926 2170 ὅλων
949 2102 1158 2184 πραγμάτων.

160 2211 340 2279 Haeremus
363 2230 472 2276 omnes
490 2212 526 2274 in
543 2209 713 2292 τρέψηται,
733 2211 817 2297 quod
836 2233 936 2297 quum
957 2213 1000 2276 sit
1017 2214 1085 2277 sine
1097 2213 1309 2277 controversia

120 2324 319 2405 corruptum,
339 2337 433 2382 nemo
453 2315 556 2382 adhue
576 2316 751 2402 quidquam
770 2319 909 2403 repperit
928 2317 1012 2402 quod
1023 2317 1123 2382 simul
1134 2319 1308 2384 sententiae

119 2423 393 2492 aesommodatum
425 2425 506 2488 esset
529 2426 562 2487 et
584 2421 727 2507 aliquam
748 2422 984 2508 probabilitatis
1005 2425 1143 2509 speeiem
1165 2423 1306 2489 haberet.

118 2530 305 2617 Requiritur
333 2527 501 2594 manifesto
532 2527 686 2606 verbum,
711 2530 745 2592 in
768 2549 830 2612 quo
852 2527 1039 2594 calliditatis
1062 2533 1095 2594 et
1117 2531 1309 2594 astutiarum

118 2637 243 2703 subdoli
265 2634 410 2720 Philippi
431 2637 519 2700 notio
542 2635 637 2698 insit:
661 2636 769 2719 itaque
792 2634 912 2716 ΚΛέψη
929 2659 965 2700 τε
985 2635 1037 2700 καὶ
1059 2634 1311 2715 παρασπάσηταί

118 2767 148 2807 τι
169 2740 414 2809 emendandum.
449 2738 546 2805 Vides
565 2759 663 2823 quam
682 2739 849 2805 commode
867 2740 1012 2804 κλέπτειν
1032 2745 1065 2806 et
1083 2742 1313 2821 παρασπάσέαέ

119 2873 148 2914 τι
181 2849 418 2934 coniungantur
452 2849 484 2910 et
513 2849 628 2910 notum
659 2850 707 2910 est
735 2844 880 2931 Philippi
902 2845 1004 2912 malas
1026 2851 1109 2912 artes
1132 2855 1164 2913 et
1186 2849 1312 2915 fraudes

120 2955 297 3035 κλέμματα
327 2951 482 3038 appellari
511 2949 627 3030 solere,
657 2956 696 3016 ut
716 2972 791 3039 pag.
816 2948 901 3030 236,
927 2950 958 3019 2.
982 2952 1017 3016 τὸ
1041 2961 1156 3033 πρῶτον
1179 2955 1312 3034 κλέμμα

120 3063 176 3138 μὲν
210 3040 389 3133 Φνλάππνν,
420 3055 613 3137 δωροδόκημα
647 3058 678 3122 δὲ
707 3063 766 3121 τῶν
797 3057 908 3124 άδέκαν
937 3058 1053 3123 τούτων
1078 3059 1236 3139 άνάράπων
1260 3061 1313 3126 καὶ

122 3170 199 3241 θεοῖς
228 3167 354 3246 ἐχθρῶν.
399 3161 454 3229 Sia
484 3165 592 3228 omnia
622 3165 743 3250 optimo
772 3164 956 3248 procedunt.
1003 3164 1157 3228 Mitteeeda
1187 3165 1314 3246 leyate'o,
1413 3222 1415 3227 .

121 3275 245 3360 inquit,
269 3293 346 3358 quae
373 3268 527 3351 Olynthios
541 3269 650 3355 faeiat
673 3270 811 3334 certiores
835 3270 954 3334 αασὶάὶα
975 3270 1049 3353 epate
1071 3271 1189 3336 decreta
1207 3293 1267 3335 ease
1288 3279 1316 3336 et

120 3402 186 3444 moa
218 3377 349 3464 adfore;
373 3397 411 3442 ex
434 3394 499 3460 qua
519 3395 554 3445 re
578 3374 678 3439 simul
701 3374 824 3460 liquido
848 3380 978 3462 apparet
999 3375 1080 3442 hane
1103 3397 1169 3442 esse
1184 3378 1316 3460 ρνννασα

119 3483 348 3549 Demosthenis
370 3481 410 3546 de
432 3479 595 3567 Olynthiis
619 3481 812 3559 orationem,
834 3485 985 3567 quoniam
1004 3481 1151 3568 Dionysii
1172 3481 1317 3573 Halisar-

120 3592 280 3655 nassensis
299 3608 402 3654 errore
421 3588 633 3653 controversia
652 3587 808 3672 quaedam
827 3587 866 3652 de
881 3589 997 3652 harum
1017 3589 1197 3653 orationum
1209 3590 1318 3655 ordine

120 3702 199 3762 nata
234 3699 291 3762 est.
338 3693 490 3760 Nondum
525 3693 667 3758 soiebant
705 3693 853 3780 Olynthii
883 3693 1132 3760 Atheniensibus
1161 3695 1318 3781 placuisse

122 3803 187 3868 sibi
230 3802 311 3868 ferre
350 3820 452 3886 opem.
508 3797 581 3864 Hoe
615 3801 718 3886 igitur
747 3802 891 3884 primum
925 3799 1170 3865 Atheniensium
1202 3801 1319 3890 legatis

121 3907 315 3984 mandatur,
350 3905 462 3972 deinde
496 3909 535 3970 ut
567 3906 609 3970 iis
638 3905 786 3970 omnibus
816 3925 896 3990 quae
926 3925 945 3970 a
975 3904 1126 3991 Philippo
1149 3913 1320 3995 agerentur

122 3999 252 4100 praesto
282 4015 385 4079 essent
415 4013 624 4094 caverentque
650 4032 690 4076 ne
713 4032 790 4096 quas
812 4009 984 4096 Philippus
1007 4013 1046 4076 de
1068 4033 1157 4078 more
1179 4013 1320 4080 fallacias

123 4125 281 4196 strueret,
312 4117 397 4205 quod
425 4138 465 4182 ne
497 4117 615 4182 faoeret
644 4117 741 4183 homo
772 4116 909 4182 callidus
939 4114 971 4183 et
1001 4119 1036 4182 in
1057 4118 1152 4183 rebus
1174 4120 1321 4207 gerendis

124 4247 199 4294 aeer
225 4231 296 4291 ante
320 4223 429 4290 omnia
451 4222 530 4288 dieit
553 4220 665 4288 Orator
688 4243 755 4288 esse
776 4223 996 4290 metuendum.
1022 4220 1065 4291 έσν
1086 4223 1212 4301 μάλνσα
1231 4230 1319 4291 τοῦτο

124 4333 190 4405 δέος
217 4331 263 4410 μὴ
286 4334 454 4410 πανοῦργος
478 4328 516 4394 ὢν
539 4325 690 4410 ἅνθρωπος
715 4328 849 4412 κλέψη
873 4354 903 4395 τι
928 4335 985 4394 τῶν
1010 4323 1085 4394 δ’λων
1108 4327 1318 4410 πραγμάτων.
