3080 4972
681 229 722 298 31

114 423 187 485 runt.
230 421 339 508 Igitur
369 419 425 484 alii
454 441 564 486 omnes
596 419 833 498 neccessitatem
855 425 1081 508 rescripserunt
1106 426 1174 488 sine
1198 443 1291 488 sensu

115 531 141 590 et
158 525 177 590 S
195 547 358 612 perperam
375 527 427 590 ε’πό
446 527 593 591 additum
613 527 716 592 habet.
751 526 814 593 Sed
831 527 1029 604 συμβάλλειν
1051 533 1099 594 est
1115 529 1291 593 committere

116 631 149 694 sd
167 653 323 718 pugnam,
348 637 386 695 ut
409 653 501 715 saepe
524 631 729 712 ἀλεκτρυόνας
755 632 954 711 συμβάλλειν
974 635 1100 699 dicitur.
1125 635 1292 720 Expuncta

114 737 204 821 igitur
225 737 275 800 ἐπό
300 735 389 801 locus
412 758 507 802 sanus
531 745 578 802 est
601 743 633 802 et
656 737 727 802 luce
752 738 874 804 clarior.

152 946 226 1034 Peg.
252 947 308 1015 72.
333 950 363 1014 2.
389 951 420 1015 οὑ
446 947 620 1032 φυλάξεσθ’
645 946 743 1021 ὅπως,
777 949 873 1030 ἔφυν,
906 953 950 1028 μὴ
975 950 1111 1030 πολέμου
1133 951 1292 1032 ζητοῦντες

115 1054 346 1131 ύπαλλαγῆνΑΙ
383 1056 532 1130 δεσπότην
568 1054 715 1136 ripere.
772 1054 1004 1144 Corrigendum
1039 1079 1105 1124 esse
1139 1060 1291 1124 arbitror:

113 1152 183 1228 όπωι
205 1163 247 1238 μὺρ
271 1161 410 1236 πολέμου
441 1162 600 1243 ζντοὺντες
631 1163 827 1239 ὑπαλλαγὴν
851 1163 999 1238 δεσπότην
1024 1166 1174 1243 εὑρήσετε.
1212 1162 1293 1230 Gon-

113 1266 230 1328 cinnum
259 1273 310 1331 est
339 1269 373 1330 in
403 1267 462 1332 tali
485 1288 519 1332 rc
541 1287 658 1332 nomen
679 1271 804 1333 nomini
828 1288 1003 1353 opponere,
1029 1271 1160 1354 etquid
1184 1273 1293 1336 tritius

112 1389 198 1453 quam
228 1374 409 1450 οόπαλλαγὺρ
441 1372 595 1449 πολέμου,
631 1377 668 1436 ut
699 1394 772 1459 pag.
800 1372 876 1438 275.
903 1373 956 1439 26.
989 1379 1040 1440 οὑκ
1074 1375 1108 1450 ἦν
1136 1382 1188 1440 τοὺ
1219 1379 1291 1456 πρὸς

113 1476 184 1550 ὑμοῖς
206 1479 342 1556 πολέμου
367 1481 462 1556 πέρας
488 1479 549 1543 οὐδ’
572 1480 753 1555 απαλλαῳὺρ
779 1484 940 1560 Φιλίππῳ,
965 1481 999 1544 id
1022 1486 1070 1545 est
1092 1503 1149 1546 nec
1169 1481 1291 1546 bellum

111 1581 247 1649 conficere
269 1591 396 1669 poterat
419 1607 475 1650 nec
497 1607 608 1670 pacem
633 1604 827 1670 componere.
864 1585 1031 1650 Praeterea
1053 1588 1210 1667 stptcers
1235 1609 1292 1672 pro

111 1684 204 1766 εύριρτε
227 1692 431 1771 scribendum
454 1694 604 1776 quoniam
624 1687 703 1762 όπαρ
723 1692 767 1767 μή
789 1696 966 1755 constanter
984 1712 1058 1755 cum
1078 1691 1185 1757 futuro
1207 1714 1291 1757 com-

111 1797 240 1876 ponitur:
266 1797 416 1861 dicebant
439 1797 602 1878 Φοβοὺμαι
626 1800 669 1874 μὺ
694 1798 783 1878 λύβῳ
806 1797 860 1861 sed
883 1798 1045 1878 Φοβοῦμαι
1070 1793 1149 1870 όπας
1173 1799 1217 1875 μὺρ
1239 1799 1291 1872 λη’-

111 1904 205 1977 peret.
230 1903 459 1987 Aristophanes
482 1905 598 1989 Equis.
627 1903 701 1967 111.

718 2009 799 2088 οὶτοὶρ
822 2013 876 2073 τοῦ
900 2008 1039 2086 δαίμονος

327 2113 440 2194 δέδοιχ’
465 2110 544 2185 torm
568 2117 612 2192 μὺρ
636 2115 784 2192 τεύξομαι
810 2115 1038 2193 κακοδαίμονος.

150 2324 240 2391 Levis
276 2345 364 2390 error
398 2325 543 2391 obscurat
576 2326 683 2392 locum
716 2349 788 2415 pag.
817 2326 869 2393 76.
894 2328 947 2393 21.
976 2331 1030 2393 οὑκ
1062 2327 1123 2397 iso
1153 2329 1232 2402 όπως
1258 2334 1290 2397 αι’

111 2431 218 2505 αἰτίαν,
251 2424 287 2504 oie
317 2432 468 2504 Φίλιππος
500 2435 661 2507 αἰτιᾶται,
694 2433 763 2504 τοὺς
789 2435 860 2515 ὑπὲρ
884 2440 941 2499 τῶν
964 2435 1085 2501 δικαίαν
1110 2437 1181 2518 πρὸς
1208 2439 1289 2514 ὑμόις

109 2536 252 2613 λέγοντας
289 2537 459 2602 κωλύσουσι
490 2539 684 2617 συμβούλους
719 2543 801 2616 ὑμᾶς
831 2542 992 2618 γίγνεσθαι
1026 2544 1097 2622 ὑπὲρ
1129 2551 1187 2608 τῶν
1220 2545 1290 2618 ὑμῖν

110 2646 327 2725 συμφερόντων.
378 2643 456 2723 Quis
485 2666 548 2708 non
579 2650 676 2710 sentit
704 2648 749 2711 sic
774 2649 857 2724 ὑμᾶς
880 2648 1106 2714 molestissima
1129 2650 1201 2714 sede
1226 2671 1292 2716 esse

109 2749 313 2816 collocatum?
338 2748 400 2815 sed
423 2749 511 2816 salva
535 2772 585 2816 res
613 2756 676 2816 est:
701 2753 990 2837 interpunctionem
1012 2756 1107 2820 modo
1130 2758 1175 2820 sic
1199 2759 1293 2820 corri-

108 2874 175 2942 gas:
207 2849 243 2930 ὑις
271 2859 423 2928 Φίλιππος
449 2858 592 2922 αἰτιᾶται
617 2859 686 2928 τοὺς
713 2857 784 2937 ὑπὲρ
808 2865 866 2922 τῶν
891 2859 1011 2923 δικαίων
1035 2860 1107 2940 πρός
1133 2863 1215 2937 ὑμόις
1241 2861 1290 2926 λέ-

107 2983 231 3036 γοντας,
256 2965 321 3028 xri.
343 2963 415 3029 Non
435 2965 617 3050 cogitarunt
630 2965 788 3028 siricicius
802 2963 963 3049 duplicem
975 2967 1060 3031 hunc
1072 2970 1291 3033 accusativum

109 3065 225 3134 hebere.

147 3174 268 3240 Eadem
296 3174 450 3242 facilitate
474 3176 657 3242 emendabis
680 3177 788 3242 locum
810 3198 885 3264 pag.
910 3175 964 3244 78.
991 3177 1019 3242 1.
1045 3178 1082 3244 δι’
1106 3181 1290 3260 ἀμφοτέρων

108 3285 160 3342 τῶν
184 3280 339 3358 όνομύταν
363 3280 491 3364 ὁποτέρῳ
516 3281 553 3346 όιν
575 3284 691 3363 χρῆσθε
705 3285 809 3360 ὑμεῖς,
834 3281 920 3360 ἕξετε
939 3285 993 3359 τὺρν
1014 3294 1110 3360 νῆσον.
1130 3289 1197 3351 imo
1217 3310 1292 3356 vero

110 3385 233 3468 ότοτέρῳ
257 3387 296 3452 οὑν
318 3391 450 3468 χρῆσθε,
476 3389 592 3465 ὑμεῖς
614 3386 700 3465 ἕξετε
724 3392 778 3465 τὴν
803 3397 900 3462 νῆσον.

149 3600 228 3688 Peg.
256 3597 309 3667 77.
334 3601 388 3665 20.
420 3601 452 3664 τό
479 3601 588 3665 κωλύει
612 3601 664 3666 καὶ
689 3601 718 3666 εἴ
739 3625 809 3666 τινα
833 3611 888 3676 τῆς
913 3601 1059 3677 Ἀττικῆς
1084 3607 1176 3688 λῳςοιὺ
1201 3609 1293 3676 τόπον

109 3707 317 3785 καταλύβοιευ
343 3745 386 3756 -
410 3707 465 3772 καί
490 3731 567 3780 τινες
597 3709 721 3779 τούτους
750 3708 833 3794 [τοὺς
857 3708 970 3792 ipsein]
994 3699 1174 3792 ἐκνόψειαν,
1207 3719 1293 3789 εύόὺς

110 3812 157 3876 καὶ
188 3813 240 3876 τὸν
270 3813 362 3878 τόπον
392 3817 497 3878 τοῦτον
522 3811 569 3896 [οὑ
601 3810 677 3888 ἦσαν
705 3816 729 3878 οὑ
754 3814 860 3900 ipset]
890 3852 931 3862 -
957 3822 1014 3878 τῶν
1038 3822 1295 3897 τιμωρησαμένων

110 3918 175 3989 τοὺς
200 3919 297 3997 sprec
323 3921 506 3996 γίνοεσόαις
531 3921 725 4007 Agnoscisne
748 3920 860 3984 stilum
880 3920 1026 3987 sutilium
1045 3927 1294 4011 magistrorum?

111 4023 229 4088 Audiri
257 4027 365 4090 virum
396 4025 608 4112 perelegantis
635 4028 757 4112 ingenii
790 4031 821 4090 et
848 4024 968 4093 Graece
996 4031 1182 4114 perdoctum
1204 4034 1294 4099 Pari-

112 4131 245 4194 siensem
266 4131 472 4214 professorem
496 4133 543 4196 ita
566 4132 740 4196 dicentem:
766 4133 794 4195 όο
808 4133 960 4216 ρἰοροοαοιιό
979 4137 1015 4198 de
1034 4135 1159 4202 caretro
1174 4139 1224 4202 n’o
1235 4164 1295 4227 pos

112 4234 273 4299 όόαόονόόό
298 4238 401 4322 quood
429 4237 457 4299 e'l
485 4237 571 4318 οόρὺό
602 4237 690 4301 όάοοο
722 4239 829 4318 lenone
859 4246 959 4302 morte.
1006 4239 1167 4308 Lubenter
1197 4268 1235 4310 ex
1259 4268 1295 4312 eo

114 4343 318 4423 quaesiverim
347 4341 469 4408 nihilne
501 4365 576 4408 eum
609 4345 643 4406 in
672 4343 806 4432 vulgata
837 4343 972 4410 offendat
1003 4350 1164 4433 possitque
1196 4371 1295 4436 aequo
