3026 4970
643 277 708 350 289

94 469 183 552 Φάννς
205 471 290 549 μετά
313 475 367 537 τοῦ
392 480 429 555 c,
454 476 486 536 et
510 473 556 536 sic
578 473 697 537 iterum
720 473 761 538 ad
783 495 829 540 vs.
855 469 933 540 270.
956 494 1081 559 repone.
1116 475 1151 540 Si
1168 475 1267 543 Zeno·

94 578 172 643 dotea
201 580 313 643 suisset
341 576 436 643 lectio
467 577 648 655 άμθμονλο
679 581 714 644 in
745 579 880 646 Scholiis
910 579 1087 666 legeretur:
1121 584 1138 656 ἡ
1170 582 1264 657 διτλιῑ

93 684 294 763 τεριεςιγμένν
314 681 359 748 θτι
382 683 542 758 Ζηνόδοτος
561 683 679 765 γράφει
699 686 763 750 ari.
812 685 891 752 Vide
909 687 992 750 mihi
1010 707 1094 752 nuuc
1113 689 1148 751 in
1167 709 1265 772 quan-

92 797 153 856 tum
180 803 317 859 errorem
348 812 380 856 se
412 789 610 875 implicuerit
641 789 672 854 la
702 789 826 868 Roche,
859 811 920 876 quo
950 791 1071 857 iudice:
1110 793 1264 876 „fallitur
1311 851 1317 860 .

90 900 262 963 Arirtcatcrre
285 898 459 962 Aristarcho
480 895 672 973 άμθμονα
696 896 858 961 1νόόααιιι.”
893 897 1004 982 ltaque
1026 919 1110 963 nuno
1132 899 1263 982 quidem

89 1005 296 1070 Aristarchum
329 1005 465 1067 άναότιον
497 1001 687 1079 αἰτιόωνται,
715 1002 771 1068 sed
793 1009 902 1069 contra
922 1006 1064 1090 graviter
1084 1003 1192 1090 lapsus
1215 1009 1264 1070 est

89 1110 186 1198 Odyss.
213 1119 248 1173 Γ.
272 1106 349 1173 246.
371 1109 429 1173 ubi
451 1109 585 1172 retinuit
606 1105 777 1173 lectionem
801 1113 960 1175 veterem:

254 1210 333 1278 ὥστε
355 1236 406 1290 μοι
430 1211 624 1278 άθανάτΟΙΟ
647 1211 828 1278 ἰνδάλλεται
853 1213 1058 1295 εἰσοράασθαι.

87 1327 178 1406 spreta
207 1341 283 1388 vera
304 1321 460 1404 scriptura
482 1319 521 1383 ab
545 1319 755 1404 Aristophane
778 1324 901 1405 reperta
924 1319 1115 1385 άθάνατοο.
1160 1318 1260 1386 Μο111

86 1426 161 1492 labes
189 1431 259 1512 post
289 1427 444 1491 amissum
474 1423 625 1502 δι’ναμμα
655 1427 786 1490 vitiosas
809 1426 981 1510 scripturas
1002 1426 1155 1512 pariebat.
1202 1425 1260 1491 Le-

85 1534 190 1618 gebant
207 1538 317 1598 tamen
335 1551 444 1596 omnes
465 1529 559 1596 iliad.
579 1539 621 1595 Ψ.
641 1528 717 1594 460.
738 1530 834 1603 άλλος
855 1530 882 1595 δ’
902 1530 1046 1611 ἡνΙοχΟΕ
1065 1531 1259 1598 ἰνδάλλεται.

84 1635 148 1704 Sine
170 1659 264 1704 censo
286 1637 456 1702 haerebunt
477 1656 615 1721 namque
639 1635 718 1702 olim
742 1638 862 1703 fluerat:

250 1741 309 1814 άςε
332 1767 382 1821 μοι
406 1739 559 1813 αἰθάνατος
583 1741 779 1808 τινδάλλεται
804 1743 1010 1824 εἰσοράασθαι.

83 1849 220 1924 ο1άλλος
245 1851 271 1915 δ’
295 1849 412 1928 ἡνίοχος
434 1847 646 1923 εινδάλλεται,
672 1852 705 1913 et
727 1847 840 1934 Odyss.
860 1872 889 1912 τ.
915 1847 992 1913 224.

250 1956 339 2021 άλλόι
362 1953 415 2019 καὶ
439 1949 476 2026 ὦς
500 1953 583 2034 rapte
606 1951 643 2026 ὥς
667 1976 718 2030 μοι
742 1952 937 2021 εινδάλλεται
962 1953 1042 2036 ἦτορ.

82 2066 108 2125 et
127 2062 213 2130 Iliad.
239 2072 272 2126 P.
296 2058 375 2126 213.
398 2059 518 2126 Hector

249 2167 294 2245 βῆ
317 2167 355 2248 ia
378 2168 467 2244 μέγα
491 2166 622 2245 ειάχων,
646 2167 820 2231 εινδαλλετο
844 2165 876 2230 δέ
899 2171 989 2248 σφισι
1012 2171 1092 2234 στάσι

248 2273 377 2352 τεύχεσι
402 2271 603 2349 λαμπόμενος
628 2272 815 2349 μεγαθύμου
839 2273 1018 2347 Πηλεΐωνος.

79 2379 127 2443 ubi
143 2382 273 2465 antiqua
291 2382 447 2464 scriptura
463 2383 530 2443 erat
549 2377 750 2456 λαμπόμενος
772 2379 953 2453 Πηληιάδεω
966 2382 1130 2460 Ἀχιλῆος,
1143 2382 1255 2448 deinde

78 2484 201 2572 vulgata
221 2490 269 2550 est
292 2489 432 2570 recepta,
453 2485 508 2550 sed
534 2491 647 2551 neutra
670 2486 852 2551 Aristarcho
869 2487 1075 2572 probabatur,
1093 2489 1149 2572 qui
1167 2493 1255 2552 ratus

76 2591 240 2656 εινδάλλετο
271 2613 338 2657 esse
366 2592 453 2656 idem
484 2593 567 2676 quod
598 2588 699 2671 ἐῴκει,
731 2592 830 2668 ὁμοῖος
861 2589 894 2666 ἦν
924 2592 1253 2674 (111111άόανάτο10

76 2696 273 2784 τινδάλλεται)
303 2699 456 2785 genitivis
478 2698 604 2764 dativos
626 2700 793 2783 supposuit
816 2697 991 2763 εινδάλλετο
1016 2735 1057 2747 -
1079 2698 1255 2780 μεγαθύμῳ

76 2805 224 2877 Πηλεΐωνι.
269 2803 367 2869 Recte
395 2824 447 2869 me
469 2803 574 2869 iudice
598 2810 630 2869 et
654 2804 873 2890 Aristophanis
897 2809 1053 2890 scriptura
1075 2804 1253 2871 άθάνατοο

75 2909 260 2976 τινδάλλεται
291 2914 417 2994 recepta
448 2915 512 2995 est,
544 2914 576 2976 et
598 2909 798 2976 Aristarcheo
821 2911 995 2992 μεγαθύμῳ
1019 2910 1166 2984 Πηλεΐωνι
1190 2929 1253 2975 non

75 3020 117 3079 est
136 3023 272 3102 recepta.

617 3328 701 3394 XIV.

353 3547 396 3604 01
419 3545 968 3605 METAXAPAKTHPICANTeC.

110 3749 200 3815 Libri
223 3753 363 3827 veteres,
387 3749 469 3814 unde
491 3748 669 3815 Zenodotus
691 3751 815 3835 primus
838 3751 984 3815 omnium
1004 3770 1097 3816 suem
1116 3749 1253 3818 Homeri

71 3852 212 3933 διόρθωσιν
244 3857 460 3933 concinnavit,
492 3858 614 3920 exarati
648 3861 737 3921 erant
771 3855 958 3935 γράμμασιν
995 3855 1148 3931 Ἀττικοῖς
1184 3860 1252 3926 sive

70 3961 247 4043 άρχαϊκοΐς,
280 3961 428 4046 qualibus
450 3962 658 4027 Athenienses
681 3967 754 4026 ante
776 3960 945 4027 Euclidem
967 3963 1002 4024 in
1026 3964 1114 4028 omni
1138 3985 1253 4051 genere

70 4066 329 4134 documentorum
360 4066 545 4151 utebantur,
577 4087 718 4152 quaeque
747 4074 818 4152 post
848 4072 1008 4152 receptam
1038 4065 1253 4136 litteraturam

69 4172 206 4241 Iouioam
230 4177 248 4250 ἦ
272 4172 398 4250 παλαιά
422 4176 630 4254 γραμματική
654 4179 710 4238 cut
732 4174 748 4247 ἡ
773 4173 896 4254 άρχαόα
915 4175 1125 4254 γραμματικά
1146 4175 1254 4261 appel·

69 4277 124 4346 leri
145 4281 301 4348 solebant.

109 4387 287 4454 Zenodotus
314 4388 416 4473 igitur
446 4407 547 4472 quum
576 4387 618 4452 τά
651 4383 785 4450 Ἀττικά
809 4383 991 4466 γράμματα
1015 4387 1253 4454 transscriberet

33 4491 38 4501 ’
1081 4495 1110 4542 19
