3034 4970
806 230 871 300 2³0

244 417 316 502 ἐγώ.
364 422 428 490 Our
459 443 534 511 ergo
565 423 617 488 illi
641 428 780 499 veteres,
803 425 912 509 quales
934 427 1020 490 viros
1043 443 1075 487 se
1098 443 1200 507 neque
1222 423 1334 488 vidisse
1353 439 1409 485 um·
1504 495 1505 504 ρ

245 548 340 614 quam
370 532 531 616 praedicat
562 551 663 614 neque
692 529 823 614 posthac
853 534 1017 605 visurum,
1046 529 1187 594 hominis
1210 531 1412 594 auctoritatem

244 636 455 718 sequebantur
482 637 567 700 ultro
597 635 725 700 latentis
758 656 790 700 se
822 634 888 700 illis
919 655 985 699 esse
1010 631 1213 700 inferiorem?
1247 636 1290 699 At
1316 634 1413 699 Nestor

244 743 332 820 μένοι
357 748 469 823 φρονῶν
493 743 545 804 xci
571 741 847 820 παρρησιαζόμενος
872 748 904 806 et
922 740 996 805 illos
1010 751 1139 815 ¹veteres
1159 742 1414 822 etsemetipsum

243 849 479 936 Agamemnoni
508 854 540 912 et
562 846 683 912 Achilli
706 856 896 932 anteponens
920 851 966 912 sic
989 867 1041 912 eos
1064 847 1125 910 sibi
1147 849 1269 931 optime
1290 845 1416 910 monenti

243 954 459 1038 obtemperare
490 951 649 1039 postulat:
681 952 820 1030 πίθεσθε,
852 953 987 1019 ἐπίθοντο
1011 950 1073 1032 γύρ
1095 974 1145 1030 μοι
1169 951 1223 1016 xci
1246 951 1368 1032 σὶρείσνες
1389 947 1415 1022 il
1505 935 1506 942 ί

245 1082 300 1139 περ
326 1060 424 1134 ὑμεῖς.

289 1163 382 1229 Alius
411 1161 547 1227 Homeri
573 1160 678 1239 locus,
704 1163 761 1227 ubi
783 1164 961 1230 Aristarchi
983 1166 1156 1230 sententiae
1178 1183 1242 1228 non
1265 1161 1418 1228 subscribi-

244 1289 334 1354 mus,
357 1273 405 1335 est
427 1271 461 1333 in
483 1266 575 1333 Iliad.
599 1276 637 1332 A.
662 1265 809 1334 28-30.
1506 1265 1507 1270 ’

381 1375 435 1447 την
459 1375 485 1438 δ’
508 1373 568 1451 ἐγὼ
593 1374 626 1438 ού
650 1373 748 1452 λύσω,
774 1375 843 1455 πρίν
866 1399 920 1451 μιν
943 1376 994 1442 κού
1018 1384 1118 1455 γῆρας
1142 1373 1257 1441 ἔπεισιν

382 1479 517 1560 ἡμετέρῳ
541 1480 581 1543 ἐνί
606 1479 674 1560 οίιιιρ
699 1481 728 1544 ἐν
747 1484 863 1559 ’Άρρεί
884 1481 988 1556 τηλόθι
1013 1482 1132 1561 πύτρης

381 1588 444 1655 isin
467 1585 668 1667 ἐποιχομένην
691 1587 743 1651 κοιί
769 1588 841 1664 ἐμὸν
866 1589 961 1671 λέχος
984 1589 1163 1655 ύντιθωσονν.

290 1691 359 1759 Hos
391 1698 454 1758 tres
485 1712 597 1758 versus
626 1693 829 1759 Aristarchus
860 1695 1035 1760 damnavit.
1067 1697 1245 1760 ύθεπρῡντιιι
1258 1690 1337 1770 ,iri
1359 1694 1422 1757 ύννι-

245 1799 349 1864 λύονσι
372 1800 427 1874 την
451 1799 593 1862 ἐπίπνσιν
615 1805 668 1863 τοῦ
693 1802 742 1862 νοῦ
764 1801 817 1863 xci
843 1802 896 1874 την
920 1802 1062 1876 arania.
1089 1802 1233 1877 ἦσμίνισε
1256 1803 1321 1882 γὰρ
1343 1799 1391 1864 sal
1412 1797 1422 1860 i

247 1908 366 1986 Χρύσης
396 1907 538 1979 εἰπούσης
568 1910 622 1983 (an
654 1902 832 1990 σννούσηςί)
862 1908 958 1979 νιύτῆς
977 1909 1020 1987 τῷ
1043 1907 1183 1985 βασιλεῖ.
1229 1910 1423 1973 ἈΠΡΕΠΕΕ

247 2012 278 2078 δέ
302 2013 355 2076 xci
380 2010 414 2075 ri
438 2009 489 2075 τὸν
514 2008 738 2087 Ἀνοιμέμνονοι
763 2017 893 2076 τοιοῦτον
918 2015 1033 2090 λέγειν.
1073 2013 1204 2078 Nemini
1227 2013 1323 2080 facile
1345 2011 1425 2077 oredo

246 2117 324 2182 haec
355 2115 574 2181 Aristarchum
597 2117 812 2200 probaturum.
862 2116 953 2197 Quod
977 2125 1083 2184 autem
1109 2119 1191 2183 dixit
1213 2122 1301 2204 patri
1318 2125 1424 2200 ηνο-ίννν

247 2245 308 2288 cccc
329 2221 435 2300 filiam,
453 2241 543 2285 suam
567 2241 633 2286 esse
656 2221 755 2308 Regis
778 2226 1002 2302 concubinam,
1023 2224 1233 2290 Alexandriae
1250 2226 1382 2290 fortasse
1397 2225 1425 2286 in
1508 2231 1509 2236 ’

247 2328 320 2396 aula
343 2326 496 2391 dissoluta
518 2348 631 2392 terum
655 2349 721 2393 esse
741 2339 881 2414 poterat,
903 2332 956 2395 sed
977 2353 1038 2396 non
1059 2333 1142 2415 apud
1161 2331 1308 2396 heroicae
1325 2330 1426 2395 aetatis

170 2459 172 2464 ’
245 2436 401 2501 homines.
426 2429 544 2498 Contra
562 2433 646 2517 quod
667 2436 828 2499 contendit
849 2437 983 2514 οίπρεπές
999 2437 1050 2501 τὸν
1063 2438 1292 2514 Ἀγιιμέμνονοι
1306 2441 1426 2502 ποιμύτιι

247 2542 370 2619 λέγειν,
401 2541 429 2604 si
459 2538 493 2603 id
515 2537 718 2604 Ptolemaeus
743 2539 814 2606 Rex
837 2542 969 2607 dixisset
991 2544 1127 2623 ύπρεπέρ
1152 2542 1190 2608 ίιν
1213 2541 1267 2621 ἐν,
1294 2543 1351 2609 sed
1370 2540 1427 2606 Hc

246 2648 359 2712 morici
380 2645 490 2711 heroes
510 2647 545 2708 in
566 2646 686 2710 talibus
709 2648 977 2725 εὐθορρημονούσιν.
1509 2629 1510 2632 ¹

292 2755 413 2818 Iterum
443 2750 482 2815 ab
511 2750 693 2817 Aristarcho
725 2752 975 2820 dissentiendum
1006 2753 1096 2820 iliad.
1129 2764 1176 2820 o.
1212 2753 1291 2822 130.
1320 2755 1377 2821 ubi
1397 2751 1430 2818 ad

245 2857 407 2925 Achillem
429 2877 486 2921 sua
508 2867 612 2921 mater
633 2859 680 2922 ita
703 2857 798 2922 dicit:

405 2966 507 3029 τέκνον
531 2963 624 3043 ἐμίν,
650 2964 700 3028 τέο
722 2962 834 3043 μέχρις
858 2964 1029 3044 θδυρύμενος
1054 2966 1106 3031 κού
1127 2965 1253 3048 ύχέύιον

405 3072 460 3144 σίην
483 3068 564 3133 ἔδεαι
587 3070 708 3148 κροιδίην
730 3071 922 3146 μεμνημένος
946 3071 1016 3136 σύτε
1039 3096 1069 3138 τι
1095 3073 1179 3137 σίτου

404 3173 470 3241 οὔτ’
495 3175 599 3252 εύνηιρ
625 3175 743 3253 οίμνιθθν
766 3177 797 3240 δέ
820 3180 947 3254 γννοιικί
971 3202 1026 3258 περ
1051 3179 1080 3242 ἐν
1104 3177 1249 3258 Φιλότητι

404 3279 559 3359 μίσγεσθ’.
583 3282 616 3345 σύ
640 3282 703 3362 γοίρ
724 3305 774 3358 μοι
800 3281 882 3362 δηρὸν
905 3283 981 3363 βίη,
1007 3282 1095 3348 οίνιλοί
1119 3307 1164 3348 τοι
1189 3284 1243 3359 ἤδη

403 3383 487 3466 ύγχι
512 3386 684 3463 πονρέςηιιεν
708 3387 838 3460 θύννιπος
863 3390 915 3453 xci
941 3399 1032 3469 μοίροο
1056 3394 1199 3471 κριιτοιινί.

406 3493 481 3557 ἀλλ’
504 3491 609 3568 ἐμέθεν
633 3491 721 3568 ξύνες
744 3491 819 3558 ὦνον.

290 3599 376 3667 Audi
398 3619 482 3664 nunc
505 3599 681 3665 Aristarchi
703 3600 881 3666 iudicium:
906 3603 1086 3667 discoirent
1105 3600 1188 3684 τίχοι
1208 3609 1290 3682 τρεῖς
1314 3601 1432 3689 (130-

250 3707 327 3792 132)
351 3699 396 3772 θ’τι
421 3706 626 3770 ’Asspessec
650 3704 771 3784 μηπέρσν
794 3708 846 3786 aio]
870 3709 993 3785 λέγειν·

564 3809 683 3889 οίροιθύν
708 3812 752 3879 ἐτι
775 3812 897 3889 rotarat
922 3815 1102 3889 μίσγεσθαι.

290 3920 377 3984 ἝΤΙ
411 3927 468 3982 ΔΕ
499 3926 569 3981 ΚΑΙ
601 3916 748 3982 οἱποίντοιν
780 3918 1047 3997 θονμΦοριίτιιτίν
1077 3920 1124 3987 ἐςι
1148 3918 1200 3984 κού
1224 3918 1359 3996 μοίλιςοι
1382 3926 1438 3989 τοῖς

250 4029 292 4100 είς
316 4024 450 4101 πόλεμον
477 4020 611 4098 ἐξιοῦσιν.
637 4023 731 4102 χρείνν
754 4024 817 4102 νύν
842 4027 977 4095 εύτονίοιρ
1003 4024 1055 4088 xxi
1080 4025 1266 4099 πνεύμοιτοο.

295 4130 401 4198 Facile
432 4129 590 4194 credimus
619 4149 721 4213 neque
752 4129 1011 4196 Ptolemaeorum
1037 4141 1155 4196 matres
1178 4153 1280 4215 neque
1306 4133 1440 4217 reliquas

249 4244 284 4307 in
315 4236 389 4303 aula
411 4234 625 4300 Alexandrina
648 4245 809 4300 matronas
832 4237 1006 4321 quidquam
1029 4237 1250 4302 huiuscemodi
1274 4236 1357 4304 filiis
1380 4239 1440 4304 suis

249 4345 427 4450 praecipere
457 4339 583 4416 solitas,
617 4346 654 4404 ut
684 4361 785 4430 neque
809 4363 892 4407 nunc
916 4350 1034 4409 matres
1057 4343 1149 4412 facile
1172 4331 1251 4410 talia
1272 4344 1357 4416 filiis
1380 4347 1441 4414 suis
