3086 4968
814 247 880 318 490

250 441 498 510 οίπυλυλίκεοοον
522 441 562 509 de
584 442 742 508 universis
764 439 928 528 Olynthiis
947 440 1071 506 dictum
1091 441 1263 508 manifesto
1281 437 1417 528 significat

250 550 517 630 νίπεβεβλνίκεοοον
551 549 724 613 amiserant.
791 545 922 612 Poterat
957 549 1060 635 igitur
1094 547 1159 613 dici
1192 546 1418 613 ἀπωλωλέκεσαν

251 658 309 724 ὑπὸ
337 663 395 722 τῶν
419 653 631 739 προδιδόντων,
654 654 709 720 sed
732 652 867 741 vulgata
891 653 1028 719 absurda
1050 658 1110 721 est.
1166 647 1169 652 ’

296 762 334 829 In
360 762 473 829 endem
506 762 662 827 sententia
692 759 786 827 video
814 779 882 825 esse
909 757 1157 838 Marklandum,
1192 763 1245 826 cui
1273 761 1422 828 assentitur

251 869 430 946 chrnene,
454 867 510 934 sed
533 866 678 933 Editores
701 885 763 932 non
788 865 933 933 audiunt.

662 1113 773 1171 neoc
794 1111 1034 1170 ΛΕΠΤΙΝΗΝ.

299 1290 380 1378 Pag.
416 1285 491 1355 457.
530 1287 582 1354 16.
618 1289 649 1353 ἐν
683 1287 740 1366 μὲν
770 1286 833 1367 νοὶρ
864 1287 906 1368 τῷ
939 1287 1063 1366 νροίψοοο
1096 1285 1202 1366 μηδέν’
1234 1285 1309 1354 είνονο
1342 1290 1426 1360 atrati

255 1404 371 1461 ΤΟΤΕ
391 1397 611 1460 ἜΧΟΝΤΑΟ
634 1395 866 1459 ἈΦΕῙΛΕΤΟ
890 1393 945 1467 τίρν
969 1392 1126 1472 οίτέλενοον,
1152 1431 1195 1443 -
1213 1395 1247 1460 οὐ
1268 1395 1329 1476 γὰρ
1348 1390 1428 1459 ἐκείνί

255 1507 289 1580 γ’
324 1498 418 1570 turea
451 1503 548 1568 είπείν
578 1503 616 1571 cic
648 1501 701 1566 ria
729 1501 822 1566 atrio
845 1498 953 1581 τρίπον
977 1496 1065 1580 ὅνπερ
1090 1509 1207 1566 Touo
1226 1504 1428 1566 '‘eonTAc

259 1608 492 1674 ’AoeIAeTo
526 1609 582 1683 τίρν
613 1607 724 1688 δουρείου
754 1606 898 1686 οὶνοοξίους
931 1608 1169 1672 ἘΝΟΜΙΖΕΝ
1200 1605 1277 1674 οὕτω
1308 1608 1356 1673 κοί
1387 1605 1430 1671 τίν

257 1716 352 1794 δῆμον
388 1711 512 1790 estere
546 1714 652 1792 ἠγεῖτο
684 1713 780 1793 κύριον
812 1709 888 1779 είνοοο
920 1717 973 1778 τοῦ
1006 1713 1107 1778 δοῦνου
1138 1713 1191 1780 εὀίν
1216 1739 1259 1796 τῳ
1281 1713 1429 1794 βούλονταί.

256 1820 390 1889 Certum
429 1821 549 1887 vitium
592 1824 677 1885 certa
717 1820 937 1885 emendatione
971 1818 1088 1885 Reiske
1122 1820 1257 1886 sustulit
1291 1823 1430 1905 expuncto

255 1929 425 2008 docitem,
448 1925 532 2010 quod
554 1945 594 1990 cx
616 1924 815 2010 praecedenti
836 1923 906 1990 loco
929 1925 1084 1992 adhaesit.
1131 1923 1169 1990 In
1194 1927 1267 1992 aliis
1290 1926 1376 1992 libris
1393 1926 1432 1988 est

257 2031 383 2114 νομίζων
417 2051 474 2118 pro
510 2029 655 2112 ίνίμνζεν.
701 2030 826 2115 Nempe
860 2033 906 2095 sie
940 2035 1034 2096 vetus
1069 2035 1225 2098 corrector
1259 2031 1432 2116 impeditum

259 2141 429 2208 verborum
459 2138 651 2223 scripturam
684 2140 815 2202 conatus
845 2140 893 2201 est
924 2127 1081 2222 expedire
1099 2158 1164 2202 non
1186 2138 1356 2203 admodum
1377 2133 1433 2198 feli·

260 2248 347 2312 citer.
408 2242 466 2308 Est
500 2261 611 2329 operae
645 2243 786 2328 pretium
821 2241 903 2307 hanc
936 2242 1141 2308 manifestam
1174 2242 1434 2329 interpolationem

258 2350 430 2438 diligenter
452 2349 716 2417 animaduertere.

303 2558 384 2649 Peg.
417 2557 493 2624 458.
520 2556 571 2624 18.
595 2558 622 2622 εί
644 2556 742 2623 τοίνυν
764 2581 811 2632 τος
838 2593 857 2608 -
870 2555 1027 2636 ἐξετάσειε
1053 2556 1178 2640 πίοερον
1205 2556 1308 2646 [ποτε]
1330 2573 1434 2622 λυοντε-

258 2665 379 2748 λέςερίν
411 2665 455 2733 ἔτι
486 2663 600 2746 κυρίους
625 2663 682 2743 μὲν
707 2665 789 2742 ὑμᾶς
813 2660 891 2730 είνου
915 2674 970 2740 τῆς
994 2665 1119 2745 δωρεᾶς,
1144 2663 1391 2741 ε’ξοοποοτνίίντοος
1407 2657 1433 2723 u'

258 2783 304 2839 TI
332 2772 386 2838 κονί
410 2768 524 2852 Φουίλςο
547 2770 605 2834 τινί
630 2769 732 2835 δοῦνοοο
755 2769 772 2846 ἥ
796 2771 860 2835 xri.
906 2771 969 2836 Pro
993 2769 1025 2835 δέ
1048 2794 1077 2836 το
1101 2772 1137 2834 in
1159 2771 1311 2836 omnibus
1328 2771 1434 2855 praeter

255 2901 358 2946 unum
388 2876 411 2942 S
443 2876 580 2964 legitur:
611 2874 644 2940 δέ
668 2898 752 2940 ποτε.
801 2876 991 2942 Rectissime
1013 2875 1132 2942 dicitur
1154 2874 1322 2953 ἐξαπατᾶν
1342 2898 1388 2952 το,
1407 2870 1435 2936 id
1517 2901 1518 2940 3

257 2991 305 3053 est
328 2986 457 3070 πορν...
472 2982 796 3068 salamancam,
821 2986 859 3047 uu
881 2981 966 3068 apuu
988 2981 1151 3067 Annmph.
1175 2982 1265 3046 οοοο.
1293 2981 1366 3047 sar.
1517 2959 1518 2988 ¹

305 3090 449 3169 Λοίμπυν
472 3089 498 3154 δ’
521 3086 627 3166 ὄμνυτ’
650 3085 695 3152 ἔτι
720 3088 773 3152 κυνὶ
797 3087 857 3154 νυνί
881 3086 933 3153 τὸν
956 3085 1031 3167 χῆν’
1058 3083 1132 3152 ίτοον
1156 3083 1307 3172 ἐξοποοτᾷ
1334 3096 1385 3152 ΤΙ.

261 3200 293 3263 et
317 3195 401 3281 apud
423 3192 589 3260 Demosth.
613 3214 687 3280 pag.
714 3191 790 3268 659.
815 3193 846 3261 9.
871 3213 967 3278 quem
990 3191 1099 3258 locum
1122 3191 1305 3260 Dindorfius
1330 3188 1434 3258 attulit

261 3300 324 3369 Sed
351 3321 415 3366 non
445 3300 530 3366 cadit
560 3298 620 3364 hoc
651 3301 686 3364 in
713 3298 821 3365 locum
845 3304 1002 3365 nostrum.
1050 3297 1177 3366 Revoca
1201 3296 1436 3378 ίξοποτνίένοον

262 3407 295 3472 δέ
318 3429 434 3485 ποτε,
459 3411 491 3471 et
515 3425 662 3492 expunge
686 3428 762 3470 ποτε
786 3409 821 3471 in
843 3406 967 3485 πίτερίν
992 3427 1077 3470 ποτε.
1112 3405 1185 3471 Non
1205 3411 1254 3472 est
1273 3409 1357 3472 enim
1373 3401 1436 3468 huic

261 3513 393 3584 voculae
414 3512 503 3579 locus
523 3513 559 3576 in
582 3511 738 3597 bipartita
759 3513 1008 3599 interrogatione
1031 3510 1154 3592 τίτερον
1179 3546 1198 3561 -
1212 3515 1241 3589 ἥ.

306 3722 387 3812 Pag.
420 3718 497 3788 458.
529 3717 584 3786 24.
613 3718 648 3784 ἐκ
671 3720 728 3799 μὲν
751 3724 804 3785 τοῦ
830 3718 976 3794 πλείονος
1002 3718 1019 3796 ἢ
1044 3728 1176 3802 προσῆκε
1201 3723 1298 3800 τνμῖον
1320 3715 1436 3786 πολλοὺς

262 3826 295 3900 εὖ
318 3838 413 3898 ποιεῖν
436 3826 631 3910 προκαλεῖσθ’
656 3827 755 3905 ὑμᾶς,
784 3825 818 3890 ἐκ
843 3826 875 3892 δὲ
897 3831 951 3892 τοῦ
976 3827 1081 3904 μηδενί
1105 3827 1200 3905 μηδὲν
1220 3827 1294 3905 μηδ’
1312 3827 1349 3892 ἂν
1367 3821 1437 3899 aitrus

264 3935 281 4022 ᾖ
304 3936 414 4004 tritaet
437 3934 561 4005 ποίντοος
584 3932 747 4015 ἀπείρξετε
772 3937 825 3998 τοῦ
845 3935 1089 4014 φολοτοροείοίου.
1125 3932 1163 3998 In
1185 3931 1209 3998 S
1228 3936 1342 4000 omisso
1359 3929 1438 4010 μηδὲν

263 4044 384 4133 legitur
415 4039 449 4107 ἐκ
479 4041 510 4106 δὲ
539 4044 593 4105 τοῦ
625 4039 729 4118 μηδενί
763 4038 833 4118 μηδ’
866 4037 904 4103 Σίν
935 4037 1021 4116 ἄξιος
1045 4037 1081 4124 t,
1105 4040 1190 4105 unde
1212 4039 1366 4128 gravioris
1385 4055 1438 4101 eor.

264 4148 408 4235 ruptelae
438 4147 574 4233 suspicio
606 4147 756 4212 nascitur.
803 4144 876 4210 Non
906 4150 955 4211 est
987 4148 1144 4231 oppositio
1180 4148 1264 4212 inter
1297 4147 1387 4224 τιμᾶν
1414 4143 1439 4204 st

264 4255 371 4337 μηδενί
407 4254 500 4332 μηδὲν
536 4249 659 4317 tutinus.
721 4253 884 4338 Agnosces
920 4271 1030 4317 venam
1067 4253 1297 4338 oppositionem
1328 4253 1361 4316 in
1391 4247 1440 4312 hac

265 4363 437 4448 scriptura:
471 4358 505 4422 ἐκ
534 4357 591 4436 μὲν
615 4361 668 4424 τοῦ
692 4365 917 4424 uneroNAc
937 4354 981 4424 Ἢ
1006 4367 1203 4425 procurre
1225 4361 1320 4438 τιμᾶν
1338 4391 1392 4438 -,
1414 4351 1441 4415 ἐν
