3034 4970
639 256 705 327 245

93 437 127 515 οἷς
145 446 196 520 τδιν
215 447 374 527 θυγατέρα
393 445 497 528 διθσει,
517 452 668 526 συνθήκας
688 459 838 518 νιοιεῖτοιιε
857 450 1018 534 paciscitur
1036 453 1125 534 pater
1147 447 1263 534 quibus

92 549 170 616 donis
199 553 397 639 sponsalibus
427 559 563 640 acceptis
591 557 722 622 daturus
745 560 788 622 sit
809 554 929 623 filiam:
955 559 983 621 si
1006 558 1197 622 conveniunt
1218 555 1262 620 rai

91 653 153 721 ἕδνα
182 663 312 744 nuptiae
343 657 434 724 fiunt.
482 661 582 728 Plane
613 664 691 729 haec
720 661 945 728 confirmantur
966 661 1036 728 loco
1057 665 1092 726 in
1114 661 1197 727 Iliad
1219 669 1261 726 N.

92 760 148 826 εἰιιδ
178 765 255 830 οὗτοι
287 765 429 831 εἐδνωταδ
461 767 553 832 κακοί
586 770 682 846 εἶμεν.
731 769 847 835 Daturi
881 789 992 833 sumus
1025 769 1102 845 tibi,
1138 770 1259 852 inquit,

91 888 210 934 uxorem
240 869 339 936 tiliam
372 872 636 959 Agamemnonis3
662 878 739 960 quin
759 877 863 962 igitur
884 876 1024 959 sequeris
1048 872 1087 938 ad
1110 893 1207 939 naves
1229 879 1263 936 at

85 975 277 1057 ροοιὲνοοοιιιοι
307 976 390 1060 θΦρα
415 977 572 1056 συνώμεθα
596 980 663 1061 περὶ
688 987 746 1045 τῶν
768 978 867 1045 ἕδνων.
916 979 1012 1045 Pater
1035 983 1068 1044 et
1089 979 1201 1044 fratres
1223 979 1262 1060 (οἱ

91 1081 230 1168 εἐδιωτοιί)
255 1086 311 1168 qui
333 1084 476 1168 plurima
499 1086 636 1152 dedisset
659 1087 710 1151 illi
733 1085 921 1170 έεδνοῦνται,
945 1087 1056 1170 etqui
1078 1083 1178 1149 filiam
1194 1107 1264 1165 pra·

91 1188 137 1250 tiis
157 1188 291 1254 dedisset
316 1190 401 1274 (circa
425 1189 524 1280 ἕδνων)
550 1194 677 1277 perinde
700 1192 854 1273 οὶτριοίτνιν
878 1193 1013 1257 θυέεδνον
1034 1190 1156 1256 dedisse
1174 1191 1262 1257 vide-

90 1295 151 1370 tur,
181 1299 218 1358 ut
246 1295 469 1382 Agamemnon
495 1295 704 1385 Chryseidam
728 1298 881 1381 οὶτριθτνν
905 1298 1064 1363 ἀνάποινον
1087 1299 1171 1383 patri
1193 1295 1263 1362 red·

90 1397 193 1464 didisse
214 1406 369 1466 narratur.

127 1504 228 1570 Multo
247 1506 365 1572 melius
383 1511 583 1594 antiquitatis
601 1530 723 1575 morem
745 1512 911 1597 cognitum
930 1510 1044 1575 habuit
1062 1508 1263 1594 Asclepiades

90 1611 115 1672 ἓν
142 1611 227 1691 τρίτῳ
254 1613 520 1694 Τραγῳδουμέιων
552 1616 636 1700 apud
667 1614 864 1681 Scholiasten
893 1615 1025 1680 Pindari
1056 1613 1186 1701 Olymp.
1221 1614 1263 1679 II.

90 1713 135 1780 39.
165 1719 210 1782 ita
231 1718 385 1783 scribens:
409 1717 505 1794 Ἰξίων
530 1719 630 1799 έγιιμε
657 1720 736 1785 Δίαν
760 1721 816 1794 τὴν
840 1720 985 1795 Δηιονέως
1010 1719 1175 1798 θυγατέρα.
1201 1716 1262 1792 ἔθος

89 1819 115 1883 δὲ
135 1831 192 1895 τοῖς
215 1830 364 1894 παλαιοῖς
386 1829 443 1889 τῶν
468 1830 594 1908 νυμφῶν
617 1835 721 1892 TOIC
745 1834 931 1891 ssATPACI
956 1826 1034 1906 δῶροί
1057 1848 1127 1890 τινα
1151 1823 1264 1904 προσοί-

89 1950 164 2003 γειν,
186 1931 224 2002 ὥς
251 1931 303 1992 καὶ
326 1926 482 2008 Ὄμηρος·

210 2035 301 2112 πρῶθ’
325 2035 435 2100 ἑκατὸν
458 2036 534 2114 βοῦς
558 2037 668 2117 δῶκεν,
694 2037 805 2103 ἔτειτοι
828 2038 859 2103 δέ
882 2036 964 2118 χίλι’
989 2037 1102 2112 trist,

208 2136 307 2218 αι’γας
331 2143 406 2218 tari
431 2143 483 2207 ιιαδ
508 2141 566 2212 te.

89 2245 100 2307 t
128 2251 195 2323 γοῦν
228 2247 372 2320 Anicetis
405 2250 490 2313 sarri
523 2249 557 2313 σδ
588 2249 711 2323 ου’ννθες
743 2254 798 2325 τὴν
828 2255 886 2315 τῶν
921 2250 1015 2331 διθρωι
1045 2247 1262 2328 εἰσεπράττετο

90 2347 176 2427 δι’νιν,
205 2354 240 2419 id
264 2359 312 2419 est
335 2353 379 2419 rai
400 2351 532 2422 “eANA
557 2356 688 2438 οὶτρίτει,
714 2361 747 2421 et
771 2376 842 2422 eam
865 2357 904 2422 ob
928 2376 1056 2422 causam
1079 2358 1129 2441 (ut
1153 2357 1264 2422 scribit

90 2455 289 2543 Asclepiades)
321 2461 360 2525 ab
391 2480 485 2526 avaro
516 2481 632 2548 genero
662 2485 718 2548 par
747 2463 878 2528 insidias
899 2465 1088 2528 interemtus
1111 2467 1168 2528 est.
1215 2461 1263 2530 Da

90 2561 187 2627 eadem
208 2586 242 2629 re
261 2566 372 2630 scribit
390 2565 547 2632 Diodorus
567 2566 694 2632 Siculus
712 2586 756 2633 rr.
782 2567 842 2632 16:
867 2567 961 2644 Ἰξίων
986 2605 1027 2616 -
1053 2568 1262 2649 ὑποσχόμενοι

87 2664 205 2736 ‘anA
235 2671 340 2737 πολλοὶ
370 2672 474 2736 δώσειν
506 2676 638 2738 Ἡσιοιεῖ
665 2672 742 2761 (leg.
775 2676 913 2759 Aniensi)
944 2672 1044 2752 ἔγημε
1077 2676 1131 2750 aba
1154 2675 1262 2741 τούτου

87 2772 241 2856 θυγατέρα.
275 2813 316 2823 -
346 2773 437 2842 ἔπειθ’
469 2779 482 2842 θ
515 2778 572 2856 μέν
603 2778 697 2854 Ἰξίων
729 2782 782 2844 οὐκ
814 2781 953 2864 rinitores
985 2781 1026 2845 τθι
1049 2783 1183 2847 “enNA
1208 2784 1262 2868 [aqi

87 2884 232 2965 γυναικιΊ,
266 2883 279 2946 ὂ
312 2882 343 2946 δέ
374 2883 518 2958 Aniensis
549 2885 608 2958 τοὶς
639 2883 751 2958 tarrae
780 2887 849 2951 οὶντὶ
873 2888 985 2952 τούτων
1011 2890 1204 2969 ἦνεχθρισει,
1231 2895 1263 2955 et

85 2983 196 3071 reliqua
218 2993 255 3052 ut
275 2989 360 3073 apud
382 2989 620 3074 Asclepiadem,
643 2995 734 3057 cuius
756 2992 1006 3073 Τραγῳδοθμενα
1029 2993 1161 3060 fortasse
1187 2995 1264 3060 Dio·

86 3086 171 3155 dorus
199 3095 233 3157 in
260 3094 320 3159 hac
342 3099 432 3180 parte
455 3097 558 3180 operis
580 3099 780 3181 sequebatur.
826 3098 912 3164 Luce
935 3097 1051 3163 clarius
1073 3105 1121 3164 est
1143 3111 1182 3181 τῇ
1205 3125 1261 3178 γυ·

85 3197 160 3260 ναιιιί
188 3200 417 3285 interpolatum
448 3221 514 3267 esse
545 3203 584 3266 ab
615 3203 740 3288 aliquo,
772 3207 828 3287 qui
854 3205 896 3268 σθι
920 3201 989 3268 ἕδνα
1014 3213 1052 3284 τῇ
1077 3206 1261 3288 γαμουμένῃ

86 3297 206 3368 δίδοσθαι
237 3306 390 3390 putabat,
421 3328 479 3372 nec
510 3310 587 3373 satis
615 3309 882 3375 animadverterat
904 3330 960 3374 our
982 3309 1073 3374 Ixion
1095 3331 1190 3377 suum
1214 3334 1261 3378 so·

85 3423 183 3472 cerum
212 3430 338 3476 necasse
367 3417 556 3478 narraretur.
604 3414 822 3500 Asclepiades,
856 3419 894 3479 ut
928 3415 1132 3494 Aristoteles,
1165 3420 1261 3502 probe

84 3512 210 3599 sciebat,
240 3511 285 3580 ὅτι
319 3517 345 3580 οἱ
370 3516 473 3582 τοίλαι
495 3515 647 3594 Ἕλληνες
671 3521 729 3593 τοὶς
754 3527 910 3599 γυναῖκας
933 3520 1019 3602 παροδ
1041 3527 1098 3587 τῶν
1124 3522 1261 3604 πατέρων

84 3624 140 3690 τοῖς
159 3621 333 3687 ἘΔΝΟΙΟ
356 3624 508 3691 ἐωνοῦντο.

123 3722 156 3790 Si
176 3727 253 3794 haec
274 3749 350 3796 vera
372 3736 404 3796 et
428 3737 513 3798 certa
535 3740 610 3800 sunt
633 3736 671 3802 de
694 3737 816 3803 verbis:

254 3835 281 3899 ci
304 3835 335 3900 δὲ
360 3836 464 3917 γθμοι
489 3837 626 3916 τεύξουσι
651 3843 702 3908 καί
727 3842 917 3923 ἀρτυνέουσιν
940 3842 1044 3918 ἔεδνα,

82 3935 163 4004 nulla
192 3961 258 4006 esse
289 3947 392 4027 potest
419 3945 577 4012 dubitatio
601 3951 677 4032 quin
699 3948 777 4014 haec
801 3949 867 4029 περὶ
892 3957 950 4015 τῶν
975 3950 1132 4030 precipua
1156 3952 1261 4018 dioan·

82 4043 142 4107 tur:
173 4049 304 4131 quinam
335 4051 423 4113 enim
453 4057 578 4135 praeter
607 4073 717 4137 procos
748 4054 812 4119 dici
840 4062 971 4140 possunt
993 4054 1065 4121 ἕδνα
1090 4057 1261 4141 ἑτοιμάζειν

82 4148 143 4215 sive
162 4151 368 4234 εὐτρεπίζεινί
401 4155 513 4241 Itaque
537 4158 620 4241 quod
644 4159 810 4244 utrobique
833 4163 976 4227 additur:

209 4260 315 4323 πολλοὶ
338 4259 417 4336 aas
439 4257 520 4326 ὅσσα
541 4262 617 4329 έοιιιε
641 4263 737 4346 φίλοις
762 4266 812 4330 ἕτί
837 4268 944 4340 ταιδδς
968 4266 1116 4346 ἕπεσθαι,

82 4359 151 4437 quia
171 4365 339 4430 manifesto
364 4386 438 4432 cum
461 4368 661 4452 praecedenti
683 4391 777 4436 versu
799 4378 923 4460 pugnat
946 4378 978 4439 et
1000 4375 1173 4441 absurdum
1197 4380 1259 4464 est,
