3034 4970
629 259 694 337 219

424 455 548 537 Νόμοις.
572 454 689 536 Ἰδβοις.
715 457 898 541 Ἰονγόρθοις.

121 649 187 718 Non
208 654 254 718 sic
277 653 362 741 apud
384 653 572 722 Strabonem
595 656 761 734 scribitur,
786 676 980 742 quamquam
1002 655 1050 724 ita
1072 656 1254 746 oportebat,

86 757 129 824 sed
148 762 296 840 Νονμοῖς,
322 760 463 840 Ἰούβοις,
487 761 678 845 Ἰονρούριως
702 782 804 828 errore
826 763 1006 830 manifesto.

442 1017 445 1022 '
566 999 754 1082 Κρεοπιιλιοι.

123 1191 271 1260 Mendose
308 1193 412 1260 forma
444 1197 479 1261 in
512 1194 673 1261 Strabonis
704 1193 797 1260 libris
829 1194 951 1284 legitur
982 1202 1192 1281 κρεΩφοιρεῖν
1226 1201 1259 1263 et

85 1301 274 1379 κρεΩποιλιοι.
322 1296 439 1367 Contra
469 1302 618 1368 exhibent
645 1309 814 1381 ποιρΟρειος
838 1306 871 1367 et
893 1312 1094 1384 πολνΟροφος
1116 1323 1174 1390 pro
1196 1327 1258 1369 ποι·

85 1405 183 1484 ρώρειος
218 1405 268 1492 (ut
303 1407 451 1488 ὑπώρειαι,
487 1407 647 1492 οικροιρειοι)
677 1412 710 1472 et
742 1407 934 1489 πολυώροφος
968 1413 1005 1473 ut
1034 1409 1193 1490 πριοιροφος
1226 1412 1259 1474 et

84 1513 274 1576 notissimum
307 1512 486 1594 ὁμωρόφιος.
544 1509 709 1580 (ιοιιιιειιο
743 1533 845 1578 errore
880 1514 1012 1579 κλοπειοι
1049 1515 1122 1580 dare
1156 1514 1259 1580 solent

84 1635 131 1700 pro
148 1617 300 1694 κλωπειοι,
322 1623 359 1683 ut
378 1624 516 1699 κλῶπες,
538 1619 716 1686 κλωπεύειν.
751 1617 880 1684 Fefellit
898 1620 1016 1686 scribas
1032 1619 1257 1696 tormentaret.

415 1855 426 1868 '
522 1867 561 1925 el
584 1879 641 1946 pro
663 1867 677 1924 1
700 1859 808 1946 longo.

121 2035 176 2102 Est
197 2037 275 2104 haec
296 2042 483 2126 perantiquo
505 2041 662 2107 scribendi
685 2039 878 2106 consuetudo
900 2042 935 2104 in
958 2038 1050 2105 libris
1072 2042 1208 2108 vetustis
1227 2047 1259 2109 et

83 2148 289 2211 monumentis
321 2167 414 2213 omne
444 2167 563 2234 genus,
594 2147 853 2231 inscriptionibus
883 2150 915 2211 et
945 2147 1106 2232 nummis,
1129 2153 1167 2213 ut
1189 2150 1260 2214 ubi·

83 2270 210 2338 cumque
241 2254 283 2318 sit
316 2260 330 2317 Ι
359 2253 478 2321 vocalis
506 2259 621 2320 natura
642 2252 740 2340 longa
763 2252 983 2340 diphthongus
1009 2261 1048 2317 el
1069 2253 1121 2319 illi
1143 2255 1259 2321 substi-

82 2359 192 2425 tuetur.
238 2360 340 2438 Τειροιὶ
372 2357 520 2439 οιπειμος,
552 2359 634 2434 νεικιρ
667 2357 943 2438 Ὀλυμπιονεικνρς,
978 2359 1096 2438 κρεΙνω,
1126 2358 1259 2442 ἔκρεινοι,

82 2461 256 2542 μέμεικται,
289 2462 390 2544 μεῖξις
423 2467 573 2533 scribitur
607 2464 789 2550 similisque
824 2466 892 2530 sine
926 2467 1108 2550 exceptione
1142 2469 1258 2533 omnia.

81 2565 183 2658 Longa
213 2571 265 2637 die
294 2575 458 2638 mutatum
488 2571 548 2638 hoc
578 2576 626 2636 est
658 2576 689 2637 et
718 2573 860 2656 priscum
886 2557 932 2635 ἘΙ
956 2572 990 2634 in
1013 2578 1027 2633 1
1052 2591 1260 2649 conversum,

80 2682 292 2763 praeterquam
321 2680 356 2743 in
384 2679 567 2745 nominibus
597 2677 790 2764 quibusdam
819 2677 970 2763 propriis,
1002 2680 1040 2741 ut
1067 2678 1151 2764 apud
1175 2676 1260 2743 Stra·

81 2777 187 2851 bouem
208 2787 245 2850 in

121 2888 302 2969 ’Δβοιεῖποικ
664 2893 668 3012 1
713 2894 869 2971 Ὄοειρις,
893 2886 1090 2971 Τοιπόοειρις.
1162 2941 1169 2952 .

118 2995 293 3074 Ἀβοοεῒτις.
385 3043 396 3054 „
730 3004 847 3076 Σεῑρις,
872 2995 1021 3075 Σειρίτης.

118 3100 251 3184 Ἀρείων.
718 3104 892 3180 ‘Tauricae

131 3215 246 3289 Λεῒρις.
666 3208 668 3284 ι

120 3311 267 3382 Indidem
295 3317 439 3384 manavit
467 3315 619 3381 mendosa
647 3315 750 3381 forma
778 3311 867 3396 ὄρνεις
893 3334 950 3401 pro
978 3311 1051 3395 ὅρνις
1082 3335 1121 3379 cx
1147 3311 1260 3396 ὄρνιθος

79 3424 197 3486 natum.

120 3525 330 3592 Memorabile
352 3531 400 3592 est
422 3524 609 3608 Φιλόνεικος,
634 3526 829 3607 Φιλονεικίοι,
854 3530 1035 3606 Φιλονεικεῒν
1058 3525 1138 3610 quae
1161 3543 1261 3609 quum

81 3631 139 3697 sint
159 3632 330 3698 manifesto
354 3655 393 3698 ex
416 3641 520 3698 NIKH
545 3636 737 3720 composita,
761 3633 884 3697 factum
907 3638 955 3698 cst
978 3633 1263 3720 grammaticorum

80 3742 110 3801 et
137 3740 314 3806 scribarum
343 3759 445 3805 errore
467 3742 561 3805 utin
584 3739 732 3804 omnibus
754 3738 847 3803 libris
869 3737 1099 3823 propemodum
1121 3741 1263 3803 constan·

81 3847 125 3908 ter
150 3853 190 3910 el
212 3865 270 3932 pro
292 3853 306 3910 1
329 3844 425 3934 longo
448 3847 630 3911 retinerent.

122 3948 277 4018 Graviore
306 3953 405 4016 etiam
436 3971 538 4017 errore
573 3959 610 4016 el
640 3967 881 4035 nonnumquam
910 3949 1038 4032 irrepsit
1068 3968 1125 4032 pro
1156 3955 1170 4012 1
1198 3969 1265 4014 cor·

81 4061 181 4144 septe,
208 4059 304 4123 utin
326 4057 443 4139 Λειγιςρ
466 4079 523 4144 pro
546 4057 660 4138 Λιγκρ.

122 4162 245 4229 Deinde
267 4168 306 4228 ut
328 4161 364 4228 fit
386 4163 484 4230 latius
506 4185 629 4250 serpere
652 4163 756 4249 coepit
777 4181 862 4227 error
886 4163 918 4227 et
939 4161 975 4224 in
993 4161 1177 4226 nominibus
1196 4159 1265 4246 qui·

82 4265 221 4336 buslibet
242 4290 300 4356 pro
322 4271 496 4338 necessario
520 4279 598 4337 -1A
622 4269 728 4336 editur
752 4293 852 4345 ·ειοι,
877 4268 973 4332 utin

82 4375 212 4466 εροιπείοι
233 4397 291 4464 pro
314 4376 438 4460 ςροιπιοι.
465 4376 592 4445 saresta
615 4395 672 4463 pro
695 4375 817 4442 ποιιδιοι.
841 4373 1003 4455 ποριενειόι
1027 4393 1085 4458 pro
1107 4371 1263 4452 πορθενιοι.
