3086 4968
813 215 879 293 504

261 407 393 493 ίρωπίας
426 413 479 478 καί
512 412 674 493 εὐσεβείας
697 413 755 484 ώςε
779 414 830 480 καί
857 421 915 480 τών
938 414 1078 497 πρότερον
1102 417 1313 497 γεγενημένων
1335 415 1421 492 ώδιιιη·
1481 503 1484 510 Ι

260 517 369 596 μώπων
391 520 426 584 τδ
445 519 624 598 λαμβάνειν
645 519 727 595 δίκην
748 521 907 602 ε’πέΟχετε
928 523 1048 596 παώτας
1072 522 1130 596 τώς
1152 527 1280 609 ἡμέρας.
1316 523 1423 610 Optime

261 624 442 691 emendavit
465 624 629 691 Dobrasus
651 626 804 706 ἕπέχετε,
828 626 911 711 quod
933 627 995 693 loci
1017 632 1174 696 sententia
1192 630 1347 718 postulat,
1365 631 1425 714 quia

260 730 299 795 de
323 736 408 797 certa
431 736 463 796 et
485 735 639 816 perpetua
660 731 885 798 consuetudine
908 733 986 799 haee
1008 727 1168 803 dicuntur.

259 954 261 962 '
304 941 384 1030 Peg.
410 939 485 1005 520.
511 938 540 1004 5.
567 939 667 1005 καίτοι
691 939 782 1006 τοῦτό
804 944 839 1020 γ’
862 942 956 1016 οὐδεὶς
980 946 1104 1010 πώποτε
1127 943 1232 1012 οὐδένα
1256 943 1347 1030 φησίν
1366 943 1426 1016 νίκη-

259 1048 358 1114 κοέναι
383 1046 588 1125 τολμήσαντα
614 1045 691 1131 [οὐδέ
716 1047 902 1135 ποιήσαντα]
930 1049 959 1112 ἒν
985 1059 1023 1130 τῇ
1048 1047 1147 1116 πώλει.
1187 1049 1271 1130 Quia
1293 1050 1326 1115 τό
1348 1055 1426 1114 ποιεῖν

259 1156 342 1218 inest
374 1152 403 1215 ἐν
435 1153 477 1232 τῷ
509 1155 631 1228 τολμᾶν
662 1152 869 1240 frigidissime
901 1159 933 1220 et
963 1156 1162 1240 ineptissime
1185 1157 1252 1222 οὐδὲ
1274 1157 1426 1232 ποιήσοιντο

257 1257 374 1324 ssiolus
397 1256 514 1342 aliquis
537 1258 576 1323 de
600 1277 657 1323 suo
679 1258 821 1323 inseruit.

303 1367 378 1429 Post
404 1384 505 1448 pausa
536 1363 755 1430 scribendum:
787 1365 875 1431 ώλλίι
907 1365 959 1431 καί
991 1366 1043 1432 τὸν
1079 1364 1264 1434 διδώσιιαλον
1298 1364 1426 1449 διέφθειρέ

256 1477 339 1535 ΜΟΙ
365 1469 439 1556 (non
460 1469 531 1558 μου)
556 1474 610 1535 τοῦ
632 1473 735 1551 χοροῦ.

301 1678 380 1767 Peg.
418 1675 491 1741 521.
530 1676 561 1741 2.
596 1676 638 1742 τοδ
674 1679 717 1752 είς
751 1679 806 1758 ἐμὲ
827 1717 869 1728 -
892 1679 1102 1759 ἠσελγημένα.
1174 1682 1322 1749 Nota-uda
1351 1682 1426 1750 verbi

255 1786 368 1852 forma.
415 1783 464 1849 Ex
494 1783 634 1861 ώσελγής
663 1787 806 1850 nascitur
836 1787 1031 1872 σίσελγαίνω,
1065 1791 1103 1852 ul
1127 1787 1326 1867 δυσκολαίνοι,
1350 1791 1424 1868 sss-

257 1892 343 1970 αίνω,
377 1889 580 1971 χαλεπαίνω,
606 1891 811 1970 δυσμεναίνω,
838 1893 1049 1970 ώκολαςαίνω,
1073 1914 1153 1978 quae
1177 1898 1286 1969 emnia
1308 1895 1425 1980 s'aqsrott·

255 2006 343 2063 tutem
374 1996 515 2081 aliquam
546 1996 710 2075 denotant,
733 2018 835 2082 neque
859 2019 898 2064 ex
922 1998 1059 2084 εὔκολοι,
1084 2000 1228 2078 εὐμενής,
1252 2008 1344 2086 πρᾷος
1365 2002 1424 2065 sim.

255 2103 430 2188 quidquam
463 2102 685 2167 huiuscemodi
719 2103 887 2172 formatur.
935 2105 1073 2171 Perfeeti
1095 2107 1228 2193 'passivi
1262 2108 1358 2174 forma
1387 2108 1425 2170 est

255 2229 352 2294 quam
386 2208 475 2274 vides
509 2208 704 2285 ήσέλγημαιτ
737 2229 832 2274 nemo
866 2214 975 2276 autem
1007 2216 1154 2278 veterum
1188 2216 1280 2280 novit
1308 2212 1424 2280 verbum

254 2318 415 2393 ώσελρεῖν.
464 2313 665 2398 Quamquam
697 2335 825 2380 summa
849 2320 897 2381 est
920 2320 951 2381 et
975 2317 1173 2400 admirabilis
1196 2321 1232 2384 in
1255 2317 1424 2387 Graecitatis

253 2441 315 2486 usu
346 2418 521 2484 constantia
551 2425 583 2484 et
613 2419 776 2507 analogia,
808 2426 917 2488 tamen
948 2427 1022 2488 sunt
1051 2423 1223 2501 nonnulla.
1259 2428 1293 2490 in
1326 2422 1423 2510 quibus

253 2525 423 2604 ώνωμαλία
447 2526 603 2611 quaedam
627 2528 775 2591 cernitur.

302 2631 351 2699 Ex
381 2629 493 2710 ὀμνυμι
524 2631 680 2697 formatur
713 2633 872 2711 ὀμώμοται
904 2638 936 2699 et
958 2631 1188 2720 ξυνομώμοται,
1211 2636 1267 2702 sed
1289 2637 1322 2700 in
1344 2633 1423 2720 parli-

255 2740 338 2825 eipio
361 2762 379 2802 σ
400 2742 531 2823 apparet
550 2743 582 2802 st
602 2737 809 2817 ὀμωμοσμίνα
829 2738 983 2804 dicebant.
1020 2740 1210 2821 Παραβαίνω
1229 2742 1325 2808 habet
1342 2761 1423 2817 παρα·

252 2844 419 2923 βέβαμαι,
443 2843 498 2909 sed
517 2843 813 2924 παραβεβασμένος.
850 2845 1037 2924 Ὀμώμοται
1057 2846 1178 2933 legitur
1193 2867 1268 2936 pag.
1294 2845 1365 2912 505.
1378 2840 1421 2908 29.

253 2957 307 3024 τῆς
339 2951 456 3026 ςήλης,
489 2949 518 3014 έν
550 2946 568 3030 sl
598 2940 780 3030 γέγραπται
812 2950 865 3016 καί
898 2952 1059 3030 ὀμώμοται
1091 2951 1162 3039 (ubi
1184 2965 1299 3019 'omnes
1319 2953 1423 3038 praeter

252 3077 354 3122 unum
374 3057 395 3118 S
416 3054 594 3133 ὀμώμονται
615 3054 794 3142 exhibent),
813 3061 851 3122 ut
864 3057 947 3142 apud
959 3057 1422 3146 Aristophaneminmuistrais:

456 3153 539 3225 τουτί
563 3160 598 3224 τό
623 3165 761 3240 πρᾶγμα
785 3159 991 3242 πανταχόθεν
1015 3163 1228 3243 ξυνομώμοται

457 3266 513 3330 ὑπό
537 3271 596 3330 τών
619 3273 800 3353 γυναικών.Ι

296 3371 509 3458 Partiaipium
532 3370 652 3459 legitur
674 3373 759 3458 apud
778 3372 1026 3440 Demosthenem
1045 3395 1117 3462 pag.
1143 3374 1220 3442 594.
1242 3374 1296 3445 17.
1315 3367 1420 3439 ἐναντία

250 3486 312 3552 τοῖς
336 3477 573 3557 ὀμωμοσμένοις.
597 3481 630 3542 et
651 3498 724 3566 pag.
751 3475 827 3544 754.
851 3476 906 3545 28.
929 3487 988 3544 τῶν
1008 3480 1233 3559 ὀμωμοσμένων
1253 3477 1339 3563 ὀρκων
1354 3480 1418 3555 ὀμε-

249 3585 413 3660 λήσαντες.
460 3582 749 3664 Παραβεβασμένος
784 3583 905 3675 legitur
939 3605 1014 3674 pag.
1049 3585 1126 3654 215.
1160 3587 1191 3654 1.
1224 3589 1255 3653 έν
1284 3587 1338 3667 μὲν
1366 3587 1416 3652 τοίι

248 3689 545 3773 παραβεβασμένοις
570 3685 662 3771 ὀρκοιο
687 3689 838 3768 ἐμμένειν.

294 3901 374 3988 Peg.
409 3898 483 3965 521.
517 3897 549 3965 7.
581 3895 644 3980 ἔχω
677 3899 708 3963 δὲ
732 3898 837 3976 λέγειν
861 3899 912 3965 καί
939 3900 1081 3981 πονηρίας
1106 3901 1212 3982 ἕπε’ρας
1237 3899 1415 3982 παμπληίείι

250 4007 372 4092 [αὐτοῦ]
393 4045 436 4057 -
453 4005 505 4071 καί
537 4005 733 4083 τολμήματα
763 4009 816 4070 τοῦ
846 4009 955 4087 μιαροῦ
988 4007 1095 4072 τούτου
1126 4007 1233 4072 πολλοὶ
1264 4009 1313 4074 καί
1339 4001 1415 4072 δεινοί.

248 4113 321 4179 Non
351 4111 511 4177 intellexit
540 4109 715 4178 Graeculus
746 4111 886 4191 πονηρίας
919 4116 972 4176 τοῦ
1004 4119 1113 4194 μιαροῦ
1140 4114 1248 4180 τούτου
1272 4113 1415 4180 coniuncta

247 4238 315 4284 esse
337 4221 369 4282 et
392 4217 601 4302 frigidissime
623 4216 719 4282 αὐτοῦ
743 4219 879 4283 inseruit
897 4218 936 4284 de
960 4239 1026 4284 suo.
1070 4219 1180 4286 Mutat
1202 4222 1296 4287 αὐτοῦ
1318 4224 1349 4286 in
1368 4211 1414 4282 θο-

246 4323 371 4389 dieibus
393 4321 518 4399 losum,
544 4323 628 4407 quod
652 4322 733 4390 solet
755 4343 822 4390 esse
844 4324 966 4392 fraudis
989 4311 1156 4392 indiaium.
