3034 4970
267 445 451 537 Αίγιοίλεια.
870 448 1077 533 Εὐτατίρεια.

261 557 493 642 Ἀλεξάνδρεια.
873 555 1127 623 Θετταλονίκεια.

259 663 465 746 Ἀντιγόνεια.
871 659 1054 743 Καιτοίοεια.

261 770 453 854 Ἀντιόχεια.
872 766 1074 848 Κατοίιδρεια.

261 876 440 958 Ἀετοίμεια.
675 913 677 918 ·
872 871 1093 955 Λντιμοίχεια.

259 980 442 1065 Ἀρτοίκεια.
874 977 1057 1047 Σελεύκεια.

259 1087 449 1156 Ἀττιίλεια.
875 1083 1061 1166 Φαρνοίιιεια.

271 1192 501 1277 Βονκεφοίλεια.
874 1187 1045 1269 Φιγαλεια.

272 1295 489 1379 Εὔκρατίδεια.
875 1294 1105 1376 Φιλαδέλφεια.

273 1400 441 1482 Εὐμένεια.
875 1400 1074 1468 Ψυττάλεια.

275 1506 416 1574 Tantum
445 1525 509 1573 non
539 1506 658 1592 ubique
687 1503 766 1572 libri
796 1508 834 1588 et
854 1511 977 1574 veteres
1000 1511 1033 1573 et
1053 1505 1155 1572 nostri
1177 1506 1213 1571 in
1234 1505 1284 1571 hir
1304 1501 1399 1569 formis

167 1687 168 1690 ,
231 1651 251 1666 -
264 1624 309 1682 Ιλ
339 1633 396 1700 pro
426 1650 447 1663 -
460 1635 509 1679 εια
543 1611 753 1706 substituunt.
799 1611 952 1720 Arguunt
974 1614 1095 1679 vitium
1117 1616 1149 1678 et
1168 1611 1233 1677 loei
1254 1615 1401 1698 poetarum

230 1726 264 1789 et
294 1719 442 1809 analogia
473 1723 543 1785 tem
573 1721 659 1786 certa
688 1737 784 1802 quem
809 1718 949 1785 evidens.
996 1716 1171 1784 Ostendam
1192 1718 1228 1781 in
1248 1733 1325 1782 uno:
1346 1711 1401 1779 sole

230 1827 334 1895 forma
365 1824 561 1903 Ἀκαδημεια
591 1822 771 1911 penultima
799 1824 952 1910 preducta
983 1828 1016 1890 et
1044 1823 1164 1888 ultime
1190 1823 1281 1890 brevi
1301 1820 1402 1886 usitate

232 1931 363 2003 Graecis
393 1936 455 1997 eet:
479 1929 603 1997 librarii
630 1934 738 1996 eontra
761 1934 890 1995 tentum
913 1950 976 1996 non
998 1929 1118 2015 ubique
1139 1928 1284 1995 locorum
1304 1923 1403 1992 eubeti-

231 2044 330 2106 tuunt
356 2036 554 2123 Ἀκαδημία,
577 2037 662 2124 quod
684 2039 751 2103 exit
772 2039 807 2102 in
830 2037 987 2103 iambum.
1032 2035 1144 2122 Itaque
1165 2055 1260 2122 saepe
1280 2036 1404 2100 metrum

232 2145 398 2234 iugulant,
421 2148 459 2209 ut
481 2142 566 2230 apud
587 2143 834 2230 Aristophanem
855 2143 891 2206 in
912 2142 1002 2208 Ναί.
1019 2139 1095 2208 992.

198 2313 203 2323 ,
462 2249 538 2314 ἀλλ’
560 2248 603 2323 είς
629 2247 827 2327 Ἀκαδημίαν
849 2246 963 2315 κατιών
985 2248 1050 2314 κτὲ.

236 2361 269 2423 et
290 2353 473 2442 Epicratem
495 2354 654 2421 Athenaei
674 2374 749 2444 pag.
775 2352 829 2419 59.
852 2371 885 2420 n.

463 2459 494 2526 ἐν
516 2459 699 2539 γυμνασίοις
721 2458 920 2540 Ἀκαδημίας

463 2565 578 2643 ἥκοντα
600 2564 702 2644 λόγων
725 2563 859 2647 οίφοίτιον
883 2563 1018 2633 driven.

237 2678 270 2740 et
290 2668 460 2740 Alexidem
481 2671 598 2740 Athen.
620 2691 696 2759 pag.
721 2669 797 2737 936.
821 2689 855 2739 n.

463 2775 496 2843 τί
516 2780 622 2845 ταῦτα
645 2784 745 2859 ληρεῖς
768 2781 945 2861 φληναφῶν
969 2772 1032 2843 ἄνει
1055 2774 1142 2844 καίτοι

464 2881 608 2963 Λύκειον,
634 2884 846 2963 Ἀκαδημίαν,
868 2882 1009 2950 Ὠιδείου
1031 2883 1156 2960 πύλαις
1288 2883 1290 2894 '

237 2996 270 3060 et
292 2989 429 3059 eundem
453 2989 540 3077 apud
559 2990 762 3057 Athenaeum
783 3010 858 3079 pag.
884 2989 962 3057 610.
988 2999 1026 3056 E.

465 3092 553 3162 τοῦτ’
575 3093 639 3164 ἔτιν
658 3095 857 3176 Ἀκαδημία,
880 3100 971 3162 τοῦτο
995 3095 1192 3178 Ξενοκρίτης.

236 3203 282 3270 Ut
304 3199 443 3271 stultum
465 3203 513 3267 est
534 3201 570 3265 in
591 3199 643 3266 hie
660 3200 817 3268 librorum
835 3204 1027 3290 seriptumm
1045 3221 1155 3268 emere
1174 3202 1210 3268 in
1226 3205 1318 3270 tante
1333 3216 1414 3269 verte

233 3307 380 3376 lectionis
410 3306 587 3385 evidentia,
619 3307 664 3372 sie
694 3305 794 3372 semel
823 3309 1030 3376 statuendum
1062 3309 1164 3376 nostri
1201 3329 1269 3376 eene
1306 3307 1413 3392 ubique

236 3412 350 3479 iudicii
372 3409 501 3478 definire
523 3432 603 3498 quae
626 3413 670 3478 eit
691 3415 846 3498 scriptura
868 3416 990 3492 verior,
1014 3418 1047 3480 et
1068 3433 1132 3480 non
1155 3435 1222 3480 esse
1240 3434 1318 3500 opus
1338 3410 1415 3479 testi·

237 3518 298 3585 bus
329 3522 454 3605 praeter
485 3516 666 3605 analogiam
698 3523 730 3583 et
760 3525 902 3585 metrum
928 3525 966 3585 ut
987 3518 1117 3586 Alexidi
1139 3519 1292 3587 reddetur
1312 3531 1414 3587 enum:

326 3629 328 3633 ’
442 3622 527 3689 τοῦτ’
552 3621 614 3691 ἔςιν
635 3622 871 3702 ἈκαδημΕΙΑ.
895 3627 984 3690 τοῦτο
1009 3623 1206 3705 Ξενοκρίτης.

283 3725 395 3813 Itaque
425 3728 572 3796 Straboni
602 3749 726 3815 quoque
757 3730 954 3796 reddendum
983 3750 1057 3820 pag.
1087 3728 1164 3798 996.
1190 3733 1208 3807 ei
1233 3730 1416 3810 Ἀκαδημεια

240 3831 293 3899 καί
317 3834 343 3898 οἱ
366 3839 455 3908 κῆποί
479 3841 540 3900 τῶν
562 3835 753 3918 φιλοσόφων.
776 3842 810 3902 et
832 3856 906 3924 pag.
933 3834 1009 3902 614.
1034 3837 1288 3918 προσποιούμενοι
1311 3844 1368 3903 τῶν
1390 3831 1418 3910 ἕξ

240 3936 454 4017 Ἀκαδημείας
474 3937 652 4021 φιλοσόφων
669 3936 758 4010 εἶναι.
781 3947 814 4008 et
834 3963 906 4030 pag.
929 3939 1005 4008 838.
1027 3942 1203 4024 Καρνεάδης
1215 3950 1275 4010 τῶν
1287 3942 1418 4020 {Pm-

242 4043 371 4124 δημείαι
393 4041 496 4127 ipsene
517 4043 709 4130 Φιλοσόφων.
751 4049 757 4064 ’
799 4049 805 4066 ’
834 4051 947 4134 terque
964 4049 1000 4114 in
1022 4049 1172 4117 omnibus
1195 4048 1367 4117 similibus.

673 4213 1001 4286 ἘπιίαλαττίΔίθθ.

288 4363 351 4434 Ρτο
392 4365 452 4433 hee
493 4363 591 4450 probe
624 4371 657 4432 et
689 4370 830 4455 genuine
862 4369 966 4435 forme
999 4369 1125 4455 saepius
1158 4367 1326 4438 strabonis
1356 4363 1421 4436 libri
