3026 4970
803 267 869 336 290

241 463 284 534 οἷς
318 463 361 526 ’τοὶ
395 459 531 534 Ἰωνικά,
565 457 663 542 (quod
692 456 1017 538 μεταχαραιοτκρὶζειν
1050 457 1188 538 dicitur,
1218 455 1254 522 id
1282 459 1330 520 est
1357 450 1415 524 τοὺς

239 567 401 637 Ἀττικοὺς
434 572 491 632 τῶν
526 563 725 646 γραμμάτων
758 572 963 644 χαρακτῆρας
997 565 1039 635 εἰς
1070 562 1141 633 τοὺς
1164 560 1310 631 Ἰοονικοὺς
1334 583 1417 636 μετοι-

240 672 387 757 γροὶφειν)
420 672 549 738 videtur
577 672 611 734 in
641 690 677 734 ea
708 691 742 734 re
773 669 941 738 nonnullos
973 671 1170 735 commisisse
1194 688 1330 744 errores,
1354 685 1418 750 quos

190 845 193 852 ,
237 782 357 864 partim
379 777 606 860 Aristophanes
629 775 853 860 deprehendit,
879 775 958 840 alios
976 775 1199 850 Aristarchus,
1221 773 1301 839 alios
1321 769 1419 838 Oritici

236 889 308 970 post
327 883 557 948 Aristarchum.
591 879 783 965 Supereraut
803 885 836 945 et
857 880 920 946 alia
942 881 1098 965 quaedam
1117 880 1234 945 menda
1252 879 1327 944 hinc
1347 882 1418 952 orta,

237 1011 317 1074 quae
339 988 504 1054 Bckkerus
528 988 674 1052 abstersit
697 1007 755 1051 nec
778 986 894 1050 desunt
917 986 981 1052 aha
1000 985 1153 1052 nonnulla
1173 991 1300 1050 nostrae
1321 984 1420 1050 aetatis

238 1092 366 1160 Oriticis
388 1095 505 1178 quique
527 1095 599 1176 post
622 1094 750 1157 venturi
774 1097 849 1156 sunt
870 1092 1088 1178 abstergenda.
1120 1090 1157 1156 ln
1177 1089 1293 1176 Odyss.
1314 1114 1346 1154 οι.
1365 1086 1420 1154 254
1511 1141 1512 1148 ,

239 1200 398 1264 ferebatur
420 1203 514 1264 vetus
538 1199 695 1281 scriptura
715 1197 811 1261 haec:

446 1299 464 1377 ἦ
487 1302 522 1375 si
546 1301 663 1366 πολλὸν
687 1303 894 1380 ἀποιχομένου
918 1300 1066 1373 Ὀδυσῆος
1090 1310 1229 1368 ΔΕΤΕΙ.

241 1411 297 1476 uhi
328 1406 467 1476 Oriticus
498 1410 648 1493 antiquus
680 1409 864 1474 annotavit:
897 1407 1018 1485 μήποτε
1051 1405 1174 1485 ἄμεινον
1205 1405 1224 1487 ᾖ
1255 1405 1305 1471 διὰ
1330 1409 1422 1470 scili

241 1515 375 1594 γράφειν
408 1513 578 1599 (ΔΘΤΗΙ).
612 1513 664 1577 καὶ
690 1511 752 1582 ἔςιν
776 1508 832 1578 οἶον
857 1521 913 1588 τῆς
937 1513 1077 1592 ἀρχαίας
1100 1520 1330 1592 γραμματικῆς
1351 1510 1423 1578 ἕντι

241 1631 313 1686 ΚΑΙ
345 1629 495 1685 ΤΟΤΤΟ
529 1627 587 1684 τῶν
620 1619 899 1696 ὑπολελειμμένον.
948 1618 1044 1684 Visne
1076 1622 1155 1686 scire
1179 1622 1271 1685 ouius
1292 1619 1425 1684 hecout

242 1723 495 1793 animadversio?
541 1723 682 1812 (toluges
712 1726 747 1790 id
777 1747 817 1790 ex
843 1725 913 1790 loco
943 1725 1117 1810 Porphyrii
1148 1727 1182 1790 in
1209 1725 1424 1806 quaestiouibus

240 1833 407 1898 Homericis
437 1852 504 1917 cap.
533 1830 627 1913 VIII,
659 1833 715 1914 qui
739 1851 778 1896 ex
801 1829 982 1896 Alexandro
1005 1827 1177 1915 Ootyaensi
1199 1831 1279 1896 haec
1303 1830 1343 1896 ad
1366 1849 1424 1894 uer·

239 1940 319 2004 bum
350 1940 533 2024 descripsit:
567 1937 581 2004 o‘
612 1937 644 2002 δὲ
674 1934 821 2013 {discisus
854 1935 1059 2015 Ἀριςοφοίννς
1093 1937 1216 2002 κακεῖνο
1248 1936 1283 2000 τὸ
1309 1937 1339 1999 ἕν
1362 1938 1424 2002 τοῖς

244 2044 503 2125 παραποταμίοις
536 2041 641 2126 (Iliad.
673 2050 709 2105 Φ.
737 2042 924 2107 inscribitur
946 2045 963 2116 ἡ
988 2041 1231 2122 παραποτάμιος
1254 2040 1364 2125 usiza)
1384 2054 1427 2103 κε-

243 2148 390 2229 γομενον·
1023 2142 1024 2145 “

378 2255 512 2333 scaenas
536 2276 583 2326 τις
608 2253 694 2318 κατα
718 2257 806 2328 κῦμα
828 2252 984 2332 μέλαιναν
1008 2255 1099 2335 φρῖχ’
1124 2250 1276 2328 insidier

379 2360 467 2439 ἰχθὺς
487 2357 555 2424 “OC
581 2383 614 2422 κε
638 2360 764 2439 Φοὶγροι
788 2357 944 2430 Λοκοὶονος
970 2358 1091 2439 aprica
1115 2357 1219 2435 decede.

245 2469 295 2554 (Φ.
330 2464 418 2552 126).
454 2464 601 2529 δείκνυσιν
633 2468 671 2537 ὡς
697 2464 909 2543 ἡμαρτημένον
935 2465 1130 2530 ὑπολείποιτο
1155 2465 1188 2529 ἐκ
1212 2472 1269 2539 τῆς
1295 2465 1426 2529 παλαιοῖς

242 2581 480 2653 γραμματικῆς.
516 2574 548 2636 οὐ
584 2571 743 2650 γαριχρὴ
778 2573 812 2636 τὸ
845 2570 916 2636 ‘OC
951 2596 995 2637 κε
1027 2571 1212 2653 Φοίγροιν
1246 2568 1364 2635 ἀκούειν
1393 2567 1426 2635 cit

244 2677 344 2759 ἄρθρον
376 2677 580 2743 ὑποτακτικὸν
611 2680 735 2754 μᾶλλον
767 2677 799 2742 δὲ
830 2678 898 2741 ἄντ’
929 2677 1131 2757 ἕπιρρῆματος
1164 2677 1374 2758 capessentes
1398 2673 1427 2738 ri

244 2789 316 2850 ὨΟ
347 2785 364 2858 ἢ
396 2786 518 2861 μᾶλλον
550 2782 717 2860 οννδὲομον
751 2782 917 2854 αἰτιώδονς.
950 2784 1099 2856 δνμοῦται
1132 2781 1195 2863 γαρ
1217 2780 1309 2848 ἸΝΑ
1331 2780 1427 2862 osny.

244 2892 356 2960 Nonne
379 2892 582 2975 perspicuum
606 2893 654 2954 est
676 2888 820 2952 eiusdem
836 2888 976 2954 hominis
996 2893 1165 2972 utramque
1185 2888 1429 2954 observationem

245 3018 311 3062 esse
345 2995 458 3060 iisdem
494 2996 601 3060 verbis
633 2991 858 3059 enunciatam?
905 2993 996 3073 Quod
1024 2995 1059 3057 in
1088 2996 1187 3078 priori
1216 2993 1430 3078 Aristophanis

245 3103 446 3168 annotatione
480 3101 620 3188 legitur:
657 3097 687 3163 ἕν
723 3123 753 3163 τι
789 3110 860 3164 ΚΑΙ
895 3108 1047 3164 ΤΟΥΤΟ
1079 3105 1137 3164 τῶν
1168 3098 1429 3177 ὑπολελειμμένον

243 3208 382 3273 declarat
412 3203 568 3272 Oritioum
597 3207 722 3289 saepius
746 3205 825 3271 alibi
849 3207 998 3290 antiquae
1021 3208 1195 3290 scripturae
1217 3205 1333 3271 manda
1354 3206 1428 3269 eins

245 3311 406 3388 dammodi
433 3311 685 3396 deprehendisse.
732 3309 812 3379 Huc,
830 3313 970 3396 pertinet
992 3317 1086 3376 vetus
1110 3309 1260 3376 Scholion
1283 3312 1323 3376 ad
1345 3309 1428 3374 Euri·

243 3420 327 3503 pidis
357 3418 534 3484 Phoenicem
567 3417 643 3484 682.
680 3420 764 3504 quod
797 3421 864 3483 sine
896 3421 1108 3484 controversia
1143 3439 1182 3482 ex
1217 3415 1429 3501 Aristophanis

245 3522 492 3591 Commentariis
515 3527 676 3602 manarit,
702 3529 739 3588 ut
762 3525 912 3610 pleraque
937 3527 1046 3590 omnia
1067 3525 1167 3590 bonas
1190 3523 1294 3610 frugis
1316 3527 1347 3587 et
1368 3539 1430 3605 per·
1509 3519 1510 3544 *

246 3631 370 3696 erudita
405 3631 533 3697 Scholia
568 3630 740 3715 Euripides
769 3630 976 3714 Aristophani
1006 3629 1169 3696 debentur.
1219 3629 1326 3709 Quum
1354 3627 1430 3691 esset
1509 3627 1510 3632 ’

246 3737 281 3806 in
303 3735 412 3804 libris:

371 3907 373 3912 ,
507 3851 510 3860 ‘
633 3841 680 3906 coi
703 3864 745 3906 νιν
770 3840 884 3920 ἔκγονοι
908 3841 1030 3906 κτίσαν.

246 3948 472 4034 Aristophanes
494 3948 536 4028 οῷ
560 3972 603 4013 νιν
628 3947 741 4030 ἐκγόνῳ
766 3949 877 4012 κτίσαν
902 3950 1025 4014 censuit
1048 3967 1114 4012 esse
1138 3947 1354 4012 scribendum:
1379 3943 1430 4021 πρὸ

247 4049 393 4131 ἄρχοντος
418 4055 480 4133 γὰρ
504 4053 672 4118 adussisse
698 4055 827 4140 (inquit)
853 4055 947 4128 μήπω
968 4057 1026 4118 τῶν
1046 4059 1169 4132 μακρῶν
1192 4050 1353 4133 εὑρημένον
1371 4054 1430 4116 τοῖς

247 4158 402 4240 βράχεσιν
427 4158 497 4224 αντὶ
530 4165 652 4237 μακρῶν
678 4161 809 4239 ἐχρῶντο
833 4160 874 4240 τῷ
902 4159 1018 4224 ederi
1043 4162 1095 4224 τοῦ
1121 4167 1149 4224 Η
1173 4159 1226 4223 καὶ
1250 4159 1291 4239 τῷ
1316 4165 1341 4222 Ο
1365 4155 1430 4229 ἀντὶ

247 4269 300 4330 τοῦ
325 4274 371 4330 Ω.
398 4303 438 4312 -
453 4266 497 4342 μὴ
518 4267 679 4339 νοήσαντες
699 4264 730 4328 δὲ
744 4302 785 4312 -
799 4263 954 4344 ἐτάραξαν
975 4264 1010 4328 τὸ
1030 4264 1140 4341 νοκμα.
1172 4264 1324 4332 Eiusdem
1342 4279 1431 4349 gene·

247 4374 291 4440 ris
314 4373 491 4438 observatio
515 4370 638 4458 legitur
662 4370 701 4435 ad
725 4369 837 4456 Odyss.
864 4396 896 4436 α.
922 4369 973 4436 52.
