3096 4972
698 261 763 332 577

137 450 174 518 da
197 452 264 532 ἐμοὶ
289 449 375 535 ἔργον
400 449 546 519 οῖποίντων
570 453 755 531 μεμνῆσθαι.
802 451 995 518 Dicamusne
1018 453 1095 519 baec
1119 453 1324 522 declamitan-

136 565 202 625 tem
237 559 421 646 Sopbistam
452 557 579 625 finxisse
602 558 641 624 de
663 555 766 624 nihilo
789 559 896 623 omnia
919 563 951 625 et
973 558 1093 624 iudicia
1116 563 1147 624 et
1174 558 1325 625 nomina?

135 670 190 730 aut
213 665 363 732 babuisse
386 669 548 730 auctorem
572 685 667 750 quem
691 665 726 730 in
748 663 799 730 bis
821 662 1023 749 sequeretur?

179 772 271 852 Quod
294 777 524 838 commemorat
547 793 699 858 spurcum
722 771 950 859 Aristogitonis
973 771 1139 838 indecem
1164 777 1323 858 praetores

133 878 342 944 maledictum
360 899 433 965 pag·
456 876 530 944 785.
554 878 607 944 13.
628 877 694 944 οὐδὲ
715 883 774 942 τῶν
793 876 946 957 κοπρώνων
962 875 1001 942 ἂν
1014 877 1168 952 ἐπιςοίτας
1183 880 1319 957 ἕλίσίαι,

133 989 267 1071 putesne
298 1005 317 1049 a
347 983 498 1070 Sophiste
529 1007 595 1051 assa
623 981 862 1071 excogitatum?
886 988 943 1049 aut
966 1005 1046 1069 quae
1069 986 1108 1050 de
1131 985 1228 1052 hobia
1254 1005 1323 1052 nar-

133 1095 244 1157 rantur
274 1111 349 1178 pag.
384 1088 459 1158 787.
494 1087 556 1155 14?
587 1091 755 1156 Fictumne
779 1093 827 1154 est
850 1111 923 1178 pag.
951 1088 1026 1156 791.
1053 1090 1107 1156 25.
1131 1092 1321 1170 βουλεύσεως

134 1197 184 1262 τὸν
215 1197 430 1270 Ἀλωπεκῆθεν
462 1198 611 1276 Ἀρίςωνα
643 1192 760 1260 διώκειί
806 1195 975 1262 Fictumne
1004 1199 1159 1283 estquod
1183 1199 1221 1264 do
1243 1197 1325 1263 The·

134 1303 220 1369 oride
251 1300 390 1368 venefica
420 1303 532 1368 scribit
561 1323 636 1391 pag.
670 1299 745 1367 793.
778 1300 833 1366 25.
865 1304 919 1384 ἐφ’
951 1299 992 1376 οίι
1018 1305 1106 1381 ὑμεῖς
1131 1306 1185 1380 την
1208 1303 1323 1383 μιαροῖν

135 1409 272 1488 Θεωρίδα
305 1408 359 1481 την
390 1411 534 1486 Λημνίαν
563 1410 619 1487 την
649 1407 836 1488 Φαρμακίδα
868 1408 921 1473 καί
958 1411 1054 1484 αὐτην
1085 1411 1137 1474 καὶ
1170 1409 1205 1474 τδ
1237 1409 1322 1487 γένος

133 1511 221 1579 ἇίπαν
253 1514 460 1578 ἀπεκτείνατε
483 1518 587 1578 ταῦτα
611 1513 719 1590 λαβὼν
742 1513 783 1576 τοὶ
809 1513 966 1594 Φαρμακα
985 1553 1026 1564 -
1045 1515 1245 1593 μαγγανεύει
1269 1515 1321 1580 καὶ

132 1620 293 1702 φενακίζει
318 1621 370 1684 καὶ
398 1623 546 1708 (agnosce
568 1622 602 1684 in
625 1639 691 1704 sqq.
716 1619 856 1684 facetum
876 1624 908 1688 st
928 1619 1020 1686 dicax
1040 1620 1215 1708 Hyperidis
1233 1623 1323 1709 inge·

130 1729 236 1805 nium)
270 1727 340 1798 τοὺς
372 1727 559 1801 ἐπιλήπτους
590 1725 685 1807 Φησίν
717 1725 820 1789 ίοῖσίαι
853 1725 946 1796 αὐτὸς
979 1725 1016 1790 cbo
1042 1728 1211 1802 ἐπίληπτος
1235 1725 1322 1806 ποίση

132 1833 268 1917 πονηρία.
317 1831 389 1898 Non
412 1852 478 1898 esse
500 1831 578 1897 haec
601 1829 675 1896 ficta
697 1829 889 1896 Plutarchus
913 1833 948 1896 in
970 1832 1163 1897 Denrcatdcae
1185 1837 1217 1897 et
1243 1832 1321 1897 Phi·

131 1940 279 2005 locborus
311 1939 395 2024 apud
425 1937 613 2024 Harpocrat.
644 1960 675 2002 v.
709 1938 822 2017 Θεωρίς
853 1941 949 2003 testes
980 1942 1062 2002 sunt.
1110 1937 1188 2004 Inde
1217 1941 1321 2026 igitur

132 2045 316 2130 Sopbistam
339 2065 397 2108 sua
420 2046 570 2109 sumsisse
595 2040 721 2109 credes?
767 2043 839 2108 Non
862 2043 975 2119 facies,
999 2063 1062 2108 non
1086 2048 1134 2108 est
1157 2045 1241 2110 enim
1260 2043 1320 2110 hoc

131 2153 300 2217 hominum
332 2171 434 2238 genus
456 2154 525 2214 tam
549 2150 679 2215 doctum
703 2169 739 2213 ac
764 2147 910 2237 diligens.
957 2147 1139 2236 Hyperides
1162 2151 1230 2235 ipss
1251 2169 1320 2214 rem

132 2258 194 2322 sibi
217 2263 250 2322 et
273 2257 421 2323 omnibus
443 2261 553 2322 notam
576 2255 735 2321 iudicibus
756 2257 907 2321 narravit.

178 2361 331 2447 Sequitur
361 2367 399 2427 ut
427 2362 591 2428 ostendam
614 2382 651 2426 ea
673 2381 753 2445 quae
775 2363 805 2426 ἕν
829 2362 870 2442 τῷ
895 2365 967 2426 κατ’
991 2360 1228 2442 Ἀριςογεῖτονοι
1251 2383 1322 2430 naru

132 2474 244 2534 rantur
262 2468 442 2554 aequalium
461 2470 654 2534 testimoniis
674 2466 853 2534 confirmari
873 2473 905 2534 et
924 2471 1031 2535 omnia
1049 2472 1133 2534 inter
1152 2490 1218 2536 sesa
1233 2468 1320 2536 fideli

132 2575 296 2641 concordia
327 2577 513 2661 conspirare.
562 2573 686 2639 Omitto
713 2573 837 2659 reliqua
859 2578 1004 2640 tenuiora
1027 2580 1059 2640 at
1082 2577 1159 2640 satis
1182 2596 1249 2640 esse
1271 2596 1319 2640 ar·

132 2683 234 2747 bitror
255 2681 407 2747 Dinarchi
432 2683 605 2746 orationem
630 2682 702 2743 κατ’
725 2678 962 2759 Ἀριςογείτονοι
982 2681 1016 2744 in
1036 2701 1130 2745 causa
1148 2680 1321 2765 Harpalica

132 2808 213 2853 anno
242 2785 307 2850 324
330 2786 478 2860 habitam¹
498 2807 572 2850 cum
595 2785 780 2872 Hyperides
803 2804 994 2871 comparare.
1043 2786 1167 2870 Nempe
1190 2807 1229 2850 ex
1252 2805 1320 2871 pcr-

131 2899 229 2978 pstuo
260 2895 427 2977 utriusque
450 2895 541 2958 testis
565 2912 716 2958 consensu
739 2895 875 2975 utraque
897 2893 997 2956 oratio
1020 2895 1139 2956 certam
1163 2895 1196 2956 et
1215 2891 1321 2977 explo-

132 3006 236 3066 ratam
259 2996 355 3063 fidem
377 2998 518 3063 habebit.
542 3001 546 3012 '
1154 2993 1156 2998 ’

178 3105 286 3170 Pauca
318 3107 421 3191 igitur
455 3103 633 3168 Dinarchea
667 3103 743 3167 audi
777 3106 809 3168 et
843 3102 967 3168 videbis
997 3102 1074 3167 haec
1105 3105 1213 3168 omnia
1244 3127 1319 3172 curn

132 3211 327 3300 Hyperidais
360 3212 521 3275 concinere
552 3211 579 3292 §.
609 3208 640 3273 8.
673 3210 719 3280 τίς
753 3208 835 3283 ὑμῶν
870 3209 901 3272 οὐ
934 3205 1087 3279 πολλάκις
1119 3208 1319 3284 statuendae

132 3315 315 3396 Κνδιμοίχου
347 3317 403 3391 μὲν
434 3319 487 3380 τοῦ
520 3314 635 3394 πατρὸς
662 3319 715 3378 τοῦ
740 3312 978 3394 Ἀριςογείτονος
1004 3312 1136 3380 taratros
1159 3341 1322 3395 καταγνω-

134 3423 253 3493 σίέντος
284 3423 336 3486 καὶ
369 3421 523 3502 Φυγίντος
552 3422 586 3484 ἐκ
609 3419 728 3495 ταύτης
752 3429 807 3494 τνῖς
832 3418 947 3489 πόλεως
972 3418 985 3484 ὁ
1010 3421 1122 3500 χρηςὸς
1149 3419 1235 3495 οὖτος
1259 3424 1320 3498 υίδς

133 3530 268 3609 περιεῖδε
299 3527 351 3592 τὸν
382 3528 476 3592 αὐτοῦ
504 3527 625 3607 πατέρα
650 3527 703 3591 καί
729 3524 826 3605 ζῶντα
849 3531 907 3590 τῶν
930 3526 1110 3604 ἀναγκαίων
1133 3529 1323 3610 σπανίζοντα

133 3635 185 3700 καὶ
219 3633 451 3707 τελευτήσαντα
483 3636 516 3698 οὐ
546 3632 686 3713 τυχόντα
717 3639 775 3697 τῶν
807 3632 959 3710 νομίμων;
979 3669 1020 3680 -
1042 3633 1135 3699 αὐτὸν
1162 3634 1192 3699 δὲ
1215 3641 1322 3701 τοῦτον

132 3739 177 3805 ἐτ’
209 3740 238 3804 ἐν
270 3741 311 3820 τῷ
345 3739 536 3820 δεσμωτηρίῳ
559 3739 594 3804 τὸ
618 3746 731 3821 πρῶτον
756 3739 885 3819 οῖπηχίη
904 3743 1094 3804 -τοιαῦτα
1116 3742 1321 3817 τολμήσαντα

132 3855 229 3912 ποιεῖν
251 3847 346 3911 αὐτοῦ
372 3843 423 3913 c‘r's’
444 3846 572 3919 ἐκείνους
593 3846 670 3934 (leg.
689 3842 747 3913 ἶίτε
766 3845 836 3916 τοὺς
859 3845 934 3929 ἐκεῖ)
955 3845 1219 3926 οῖποψηΦίσασίαι
1239 3850 1320 3926 μήτε

133 3958 192 4033 πῦρ
216 3951 332 4018 ἐναύειν
355 3952 451 4032 τούτῳ
476 3952 556 4027 μήτε
581 3962 734 4018 συσσιτεῖν
759 3950 876 4029 μηδένα
901 3949 982 4027 μήτε
1007 3952 1111 4016 ίυσιοῖν
1134 3958 1193 4016 τῶν
1215 3977 1321 4033 γιγνο-

133 4059 229 4139 μένων
253 4066 407 4123 κοινωνεῖν.

180 4165 359 4231 Dinarchus
388 4165 406 4248 ξ
430 4161 483 4229 10.
509 4164 707 4253 Aristogiton
731 4165 873 4244 ἐμπορίου
898 4165 1087 4242 ἐπιμελητης
1111 4169 1221 4246 λαχὼν
1244 4171 1324 4236 οῖπε.

136 4271 304 4350 δοκιμοίσίη
338 4269 395 4334 ὑπὸ
427 4277 486 4335 τῶν
517 4268 589 4335 τότε
621 4271 801 4352 δικαζόντων
838 4270 946 4354 ἄρχειν
979 4269 1098 4345 ταύτην
1128 4274 1184 4346 την
1215 4277 1324 4358 οῖρχην.

135 4378 319 4467 Hyperides
342 4397 415 4463 pag.
443 4374 518 4442 790.
545 4376 601 4446 15..
624 4378 712 4442 οῖλλὰ
738 4381 772 4453 νη
799 4379 861 4444 Δία
881 4417 922 4428 -
939 4378 992 4442 δια
1014 4378 1104 4442 ταῖί’
1129 4381 1200 4456 ὑμῖν
1227 4383 1327 4460 εὔνους

1150 4487 1182 4534 ον
