3096 4972
822 243 888 317 tto

260 433 330 506 riti
375 439 479 506 Nemo
509 437 626 505 hercle.
673 437 791 504 Tacent
821 441 954 524 coeteri,
986 439 1171 505 Scheeferus
1198 441 1339 505 annotet:
1364 437 1430 519 „too

261 546 346 627 όοορο
367 545 580 630 ineptissimum
603 543 675 610 eot.’'
720 545 807 612 Hem
831 542 1006 612 Oriticumi

307 755 387 843 Peg.
421 752 496 822 718.
530 751 559 818 4.
593 755 607 819 ό
639 753 665 818 δ’
697 751 818 840 ἔγραψε
848 761 911 826 τοῖς
943 754 1091 838 προέδροις
1123 753 1302 836 έποέναγκες
1324 754 1373 822 έόν
1392 777 1430 826 τις

262 863 371 944 καόιςῇ
407 859 583 942 προσάγειν.
641 860 726 926 Bene
760 861 943 926 emendavit
974 861 1138 927 Debreeus
1172 861 1243 934 τοὺς
1279 861 1428 944 προέδρους.

262 967 337 1034 Sine
366 969 447 1034 vitio
470 966 691 1055 ,1631έυερυς.
719 963 796 1034 727.
824 966 876 1033 11.
900 966 969 1040 τοὺς
988 967 1020 1032 δὲ
1041 966 1194 1048 προέδρους
1217 968 1431 1050 ἐπιχειροτονεῖν

261 1071 452 1152 έπσέναγιιες.

307 1285 387 1372 Peg.
413 1282 490 1350 719.
516 1280 567 1349 17.
594 1281 646 1347 καὶ
670 1284 731 1360 μὴν
754 1284 815 1349 οὐδ’
837 1281 932 1349 εἰιεῑνό
952 1282 985 1362 γ’
1005 1281 1044 1348 όιν
1062 1283 1155 1358 εἴποις
1177 1286 1217 1357 ὥς
1238 1281 1314 1358 όσοις
1333 1285 1430 1363 δεσμοῦ

262 1393 471 1474 προστιμᾶται
503 1387 617 1454 τούτων
646 1389 771 1465 μοέλιεα
797 1389 827 1476 [ἢ
851 1390 893 1454 τόι
917 1388 1051 1475 μέρισιν]
1076 1391 1229 1456 ἀδικοῦσιν
1254 1392 1280 1456 οἱ
1303 1397 1428 1456 τελῶναι.

264 1537 305 1546 -
324 1496 404 1563 πολὺ
435 1496 497 1576 γὰρ
528 1496 623 1571 διέπου
653 1487 846 1561 ΜΑΛΛΟΝ
877 1497 904 1561 οἱ
935 1495 1120 1576 προδιδόντες
1151 1522 1180 1563 τι
1206 1503 1265 1562 τῶν
1290 1505 1429 1564 κοινῶν-

263 1604 425 1669 άδικοῦσιν.
471 1601 590 1668 Beseca
621 1601 637 1676 t
672 1602 715 1666 roi
746 1600 886 1680 μέγιστε,
920 1621 1000 1688 quae
1034 1605 1131 1669 verba
1165 1625 1204 1670 cx
1235 1604 1433 1692 dittographie

264 1714 339 1776 nete
367 1713 456 1785 sunt.
508 1707 635 1772 Dicitur
667 1714 723 1773 eut
757 1711 894 1784 μᾶλλον,
930 1705 1054 1786 μόλις-α
1089 1709 1224 1786 οὶδιιιεῖν,
1262 1714 1317 1776 eut
1344 1707 1433 1788 μεῖζον

266 1814 404 1900 (μείζω),
437 1812 480 1878 τόν
503 1812 623 1891 retorsa
647 1812 772 1878 όδιιιεῖν.
796 1834 869 1900 pag.
895 1810 969 1879 710.
996 1813 1027 1878 2.
1054 1853 1095 1863 -
1114 1815 1158 1880 τός
1182 1816 1290 1895 μένετ’
1313 1816 1433 1891 ἠδίκησεν

264 1925 329 1989 ιιτὲ.
354 1943 427 2008 pag.
455 1918 531 1988 738.
558 1918 610 1984 28.
637 1919 663 1983 εἰ
686 1919 744 1997 μέν
768 1918 888 1984 ἕλόττω
909 1919 1032 1993 τούτους
1054 1919 1170 1985 οέδιιιεῖν
1191 1921 1309 1986 ἐκείνων
1328 1921 1434 1999 νομίσαι

264 2031 391 2110 φήσεις,
411 2064 452 2074 -
470 2026 496 2090 εἰ
517 2024 548 2089 δέ
569 2024 663 2105 μείζω
685 2023 810 2105 νομίζων
829 2026 892 2090 κτέ.
914 2046 987 2113 pag.
1011 2025 1085 2094 753.
1107 2025 1161 2091 20.
1183 2025 1300 2109 πότεροι
1317 2028 1434 2092 δοκοῦσιν

264 2135 380 2201 οἰδιιιεῖν
401 2136 525 2209 μᾶλλον
543 2169 584 2179 -
603 2132 628 2196 οἱ
648 2134 855 2210 γεωργοῦντες
874 2169 917 2179 -
936 2131 953 2207 ἢ
974 2133 999 2196 οἱ
1020 2132 1062 2196 τόο
1083 2131 1170 2214 παρὰ
1190 2140 1249 2197 τῶν
1272 2131 1435 2212 creutzer

263 2240 464 2312 κλέπτοντας
511 2234 646 2300 Interest
680 2236 802 2321 aliquid
836 2239 920 2302 inter
949 2243 1120 2322 utramque
1151 2239 1277 2304 dicendi
1298 2240 1432 2304 formam:

265 2345 390 2425 πότερος
415 2345 538 2420 μᾶλλον
563 2341 676 2428 ἀδικεῖς
701 2347 734 2407 et
756 2343 879 2424 πότερος
904 2343 1006 2409 όδιιιεῖ
1025 2343 1146 2424 μεῖζον;
1169 2345 1226 2410 illo
1253 2348 1337 2411 enim
1353 2343 1434 2410 modo

182 2477 184 2482 ’
264 2453 426 2538 quaeritur
448 2456 514 2512 oter
536 2448 577 2512 ot
599 2449 765 2527 nocentior,
790 2449 849 2514 hoc
872 2457 943 2514 ωόοο
965 2451 1006 2514 tu
1028 2451 1146 2514 iniuria
1165 2453 1298 2533 ρνοωόοσ.
1336 2452 1435 2534 Ithue

264 2562 370 2624 nostro
404 2554 474 2620 loco
509 2551 633 2631 μόλιςα
668 2557 761 2620 unice
794 2577 908 2622 verum
945 2561 1012 2634 est,
1049 2557 1133 2641 quod
1167 2579 1301 2642 sequens
1329 2561 1436 2636 μᾶλλον

264 2661 439 2732 confirmet.

285 2861 387 2959 Peg.
421 2869 495 2935 719.
528 2869 582 2936 21.
606 2869 686 2934 πολὺ
711 2871 779 2952 yet·
798 2870 892 2947 δήπου
915 2877 1038 2951 μᾶλλον
1056 2911 1099 2923 -
1116 2870 1141 2938 oi
1163 2874 1208 2951 ot
1233 2875 1365 2956 καόοιρόις
1385 2871 1436 2945 τὰς

261 2988 372 3062 χεῖρας
405 2974 529 3057 ἔχοντες
561 2975 703 3049 εἰσιόντες
737 2977 789 3063 [δ’]
822 2979 864 3051 εἷς
895 2980 949 3052 τὴν
972 2979 1090 3061 torpeo
1114 2981 1278 3046 όδικοῦσιν.
1324 2978 1436 3064 Duplex

261 3089 296 3150 in
326 3085 377 3149 his
408 3085 513 3150 verbis
544 3082 698 3147 mendum
729 3085 822 3149 inest.
869 3084 1019 3149 Primum
1042 3085 1214 3151 molestum
1239 3087 1270 3151 δέ
1295 3084 1437 3172 expellen-

263 3192 340 3255 dum
372 3193 435 3267 est,
461 3188 544 3272 quod
568 3190 683 3254 vitiose
706 3189 865 3256 abundare
888 3212 926 3256 ex
948 3191 1007 3257 hcc
1030 3193 1181 3257 orationis
1203 3191 1306 3257 forma
1328 3192 1433 3276 perspi-

261 3315 357 3362 cuum
382 3299 447 3360 est:
469 3285 576 3366 οἵτινες
600 3296 644 3371 μδ
667 3296 805 3375 καέαρόις
828 3296 887 3369 σόος
911 3305 1022 3378 χεῖρας
1047 3295 1171 3376 ἔχοντες
1196 3297 1381 3379 εἰσέρχονται
1398 3297 1434 3367 εἰς

262 3402 316 3474 τὴν
349 3399 484 3479 torpete,
516 3402 550 3464 in
581 3421 644 3485 qua
673 3403 701 3464 si
732 3398 836 3474 οἵτινες
863 3401 1053 3484 εἰσέρχονται
1078 3408 1226 3468 manente
1249 3405 1358 3470 eedem
1378 3423 1436 3468 sen·

262 3508 363 3572 tentia
384 3508 418 3570 in
441 3508 646 3591 participium
670 3509 860 3572 converteris
883 3508 961 3574 hoec
984 3509 1088 3574 forme
1107 3509 1220 3574 exibit:
1242 3509 1267 3573 oi
1288 3511 1333 3586 μὴ
1353 3509 1437 3572 καθο-

263 3613 318 3694 ρόις
351 3611 410 3684 τόις
440 3620 550 3691 χεῖρας
582 3611 706 3692 ἔχοντες
731 3612 873 3687 εἰσιόντες
899 3615 940 3686 εἷς
966 3617 1020 3689 τὴν
1043 3612 1173 3693 όρορόν.
1221 3613 1331 3680 Solent
1352 3613 1437 3680 Gree-

264 3719 330 3786 culi
352 3721 386 3782 in
408 3717 593 3782 huiusmodi
616 3721 856 3804 participiorum
880 3741 1033 3785 concursu
1057 3721 1166 3786 turbes
1190 3719 1281 3798 dere,
1306 3727 1343 3785 ut
1359 3721 1438 3786 lucu·

262 3827 364 3892 lenter
388 3823 524 3889 ostendit
547 3822 709 3889 Dobrceus
733 3825 773 3889 ed
797 3825 1027 3890 Ariotocrotoore
1049 3846 1124 3912 pag.
1150 3823 1226 3889 689.
1253 3822 1283 3889 5.

308 3929 475 3995 Praeterea
498 3928 617 3994 offendo
640 3932 674 3994 in
696 3932 803 3996 verbis
826 3932 852 3994 ci
874 3933 918 4008 et
943 3931 1079 4010 καόοιρόος
1098 3931 1157 4002 τόις
1178 3937 1289 4011 χεῖρας
1310 3926 1436 4010 ἔχοντες,

263 4039 338 4122 quia
367 4056 431 4100 non
462 4037 507 4098 sic
538 4032 667 4099 Veteres
697 4037 732 4100 in
763 4056 799 4100 ea
827 4057 861 4101 re
891 4035 1102 4120 loquebantur
1131 4036 1186 4128 sed
1209 4037 1234 4099 oi
1258 4037 1303 4113 ot
1326 4033 1437 4114 καθαροὶ

246 4144 323 4213 ’τόις
346 4149 456 4221 χεῖρας
480 4138 645 4216 dicebant,
670 4145 708 4205 ut
731 4143 765 4207 in
788 4142 980 4227 praefatione
1004 4159 1183 4206 sacrorum:
1208 4135 1271 4214 όςις
1296 4142 1353 4214 τὰς
1376 4146 1438 4222 χεῖ-

264 4273 317 4328 ρας
348 4248 391 4323 μὴ
424 4245 554 4324 καόαρός
587 4247 604 4321 ἢ
637 4255 692 4322 τῆς
722 4253 826 4330 Φωνῆς
858 4245 1014 4324 οόξόνετος.
1061 4246 1156 4312 Plato
1190 4247 1228 4310 dc
1256 4247 1344 4334 Deqy.
1372 4267 1439 4332 pag.

265 4351 340 4421 864.
363 4369 392 4416 n.
427 4352 507 4425 otto
539 4350 576 4416 όιν
610 4350 670 4436 tipo
689 4391 729 4402 -
749 4355 794 4434 ui
829 4353 959 4442 καθαρός
995 4351 1012 4438 ᾖ
1047 4352 1105 4427 σόος
1139 4361 1271 4440 χεῖρας,
1307 4359 1339 4420 et
1370 4351 1442 4418 alibi
