<?xml version="1.0" encoding="UTF-8"?>
<!DOCTYPE html PUBLIC "-//W3C//DTD XHTML 1.0 Transitional//EN"
    "http://www.w3.org/TR/xhtml1/DTD/xhtml1-transitional.dtd">
<html xmlns="http://www.w3.org/1999/xhtml" xml:lang="en" lang="en">
 <head>
  <title>
</title>
<meta http-equiv="Content-Type" content="text/html;charset=utf-8" />
  <meta name='ocr-system' content='tesseract 3.04.00' />
  <meta name='ocr-capabilities' content='ocr_page ocr_carea ocr_par ocr_line ocrx_word'/>
</head>
<body>
  <div class='ocr_page' id='page_1' title='image "./miscellaneacrit02cobegoog_0580.png"; bbox 0 0 3096 4972; ppageno 0'>
   <div class='ocr_carea' id='block_1_1' title="bbox 780 247 846 319">
    <p class='ocr_par' dir='ltr' id='par_1_1' title="bbox 780 247 846 319">
     <span class='ocr_line' id='line_1_1' title="bbox 780 247 846 319; baseline 0.015 -1"><span class='ocrx_word' id='word_1_1' title='bbox 780 247 846 319; x_wconf 79' lang='lat'><strong><em>556</em></strong></span> 
     </span>
    </p>
   </div>
   <div class='ocr_carea' id='block_1_2' title="bbox 221 437 1413 841">
    <p class='ocr_par' dir='ltr' id='par_1_2' title="bbox 221 437 1413 841">
     <span class='ocr_line' id='line_1_2' title="bbox 267 437 1410 530; baseline 0.001 -23"><span class='ocrx_word' id='word_1_2' title='bbox 267 441 348 530; x_wconf 81' lang='lat' dir='ltr'><strong>Pag.</strong></span> <span class='ocrx_word' id='word_1_3' title='bbox 382 438 458 508; x_wconf 91' lang='grc'><strong>752.</strong></span> <span class='ocrx_word' id='word_1_4' title='bbox 491 441 544 508; x_wconf 87' lang='grc'><strong><em>23.</em></strong></span> <span class='ocrx_word' id='word_1_5' title='bbox 575 439 773 522; x_wconf 72' lang='grc' dir='ltr'><strong><em>Τιμοκράτης</em></strong></span> <span class='ocrx_word' id='word_1_6' title='bbox 804 448 864 507; x_wconf 80' lang='grc' dir='ltr'><strong><em>τῶν</em></strong></span> <span class='ocrx_word' id='word_1_7' title='bbox 894 443 952 522; x_wconf 77' lang='grc' dir='ltr'><strong><em>μὲν</em></strong></span> <span class='ocrx_word' id='word_1_8' title='bbox 980 448 1102 508; x_wconf 77' lang='grc' dir='ltr'><strong><em>πολλῶν</em></strong></span> <span class='ocrx_word' id='word_1_9' title='bbox 1125 444 1268 522; x_wconf 79' lang='grc' dir='ltr'><strong><em>ὑμῶν-</em></strong></span> <span class='ocrx_word' id='word_1_10' title='bbox 1288 441 1349 510; x_wconf 79' lang='grc' dir='ltr'><strong><em>οὐδ’</em></strong></span> <span class='ocrx_word' id='word_1_11' title='bbox 1372 437 1410 508; x_wconf 75' lang='grc' dir='ltr'><strong><em>ἂν</em></strong></span> 
     </span>
     <span class='ocr_line' id='line_1_3' title="bbox 223 547 1413 631; baseline 0.002 -18"><span class='ocrx_word' id='word_1_12' title='bbox 223 551 297 628; x_wconf 88' lang='grc' dir='ltr'><strong><em>παρ’</em></strong></span> <span class='ocrx_word' id='word_1_13' title='bbox 320 547 381 621; x_wconf 71' lang='grc' dir='ltr'><strong><em>ἔνθα</em></strong></span> <span class='ocrx_word' id='word_1_14' title='bbox 405 548 521 625; x_wconf 80' lang='grc' dir='ltr'><strong><em>λαβεῖν</em></strong></span> <span class='ocrx_word' id='word_1_15' title='bbox 543 547 687 625; x_wconf 74' lang='grc' dir='ltr'><strong><em>ἠθέλησεν</em></strong></span> <span class='ocrx_word' id='word_1_16' title='bbox 711 548 873 627; x_wconf 78' lang='grc' dir='ltr'><strong><em>ίγγυντίιε</em></strong></span> <span class='ocrx_word' id='word_1_17' title='bbox 895 551 939 626; x_wconf 64' lang='lat' dir='ltr'><strong><em>ab</em></strong></span> <span class='ocrx_word' id='word_1_18' title='bbox 964 549 1058 631; x_wconf 80' lang='grc' dir='ltr'><strong><em>μέχρι</em></strong></span> <span class='ocrx_word' id='word_1_19' title='bbox 1081 555 1136 624; x_wconf 77' lang='grc' dir='ltr'><strong><em>τῆς</em></strong></span> <span class='ocrx_word' id='word_1_20' title='bbox 1160 548 1271 625; x_wconf 77' lang='grc' dir='ltr'><strong><em>ἕνοίτκς</em></strong></span> <span class='ocrx_word' id='word_1_21' title='bbox 1295 575 1413 631; x_wconf 87' lang='grc' dir='ltr'><strong><em>πρυτα-</em></strong></span> 
     </span>
     <span class='ocr_line' id='line_1_4' title="bbox 221 653 1410 736; baseline 0.005 -18"><span class='ocrx_word' id='word_1_22' title='bbox 221 654 302 726; x_wconf 82' lang='grc' dir='ltr'><strong><em>νείας</em></strong></span> <span class='ocrx_word' id='word_1_23' title='bbox 335 653 409 718; x_wconf 76' lang='grc' dir='ltr'><strong><em>ἀλλ’</em></strong></span> <span class='ocrx_word' id='word_1_24' title='bbox 437 654 503 719; x_wconf 78' lang='grc' dir='ltr'><strong><em>οὐδὲ</em></strong></span> <span class='ocrx_word' id='word_1_25' title='bbox 526 657 602 734; x_wconf 65' lang='lat' dir='ltr'><strong>erae</strong></span> <span class='ocrx_word' id='word_1_26' title='bbox 626 653 751 736; x_wconf 73' lang='grc' dir='ltr'><strong><em>ἡμέρας.</em></strong></span> <span class='ocrx_word' id='word_1_27' title='bbox 799 654 947 722; x_wconf 79' lang='lat' dir='ltr'><strong>Postulat</strong></span> <span class='ocrx_word' id='word_1_28' title='bbox 969 655 1031 722; x_wconf 86' lang='grc' dir='ltr'><strong><em>1οοί</em></strong></span> <span class='ocrx_word' id='word_1_29' title='bbox 1053 658 1269 722; x_wconf 80' lang='lat' dir='ltr'><strong>sententiani</strong></span> <span class='ocrx_word' id='word_1_30' title='bbox 1291 658 1410 724; x_wconf 77' lang='lat' dir='ltr'><strong>scriba·</strong></span> 
     </span>
     <span class='ocr_line' id='line_1_5' title="bbox 221 758 904 841; baseline -0.001 -15"><span class='ocrx_word' id='word_1_31' title='bbox 221 766 275 827; x_wconf 91' lang='lat' dir='ltr'><strong><em>tur</em></strong></span> <span class='ocrx_word' id='word_1_32' title='bbox 297 761 342 837; x_wconf 68' lang='grc' dir='ltr'><strong><em>μὴ</em></strong></span> <span class='ocrx_word' id='word_1_33' title='bbox 364 758 454 824; x_wconf 67' lang='grc' dir='ltr'><strong><em>ὈΤΙ</em></strong></span> <span class='ocrx_word' id='word_1_34' title='bbox 478 759 573 841; x_wconf 68' lang='grc' dir='ltr'><strong><em>μέχρι</em></strong></span> <span class='ocrx_word' id='word_1_35' title='bbox 592 800 633 810; x_wconf 98' lang='grc'>-</span> <span class='ocrx_word' id='word_1_36' title='bbox 650 761 726 827; x_wconf 74' lang='grc' dir='ltr'><strong><em>αλλ’</em></strong></span> <span class='ocrx_word' id='word_1_37' title='bbox 749 759 816 840; x_wconf 77' lang='grc' dir='ltr'><strong><em>οὐδέ</em></strong></span> <span class='ocrx_word' id='word_1_38' title='bbox 838 761 904 826; x_wconf 80' lang='grc' dir='ltr'><strong><em>κτὲ.</em></strong></span> 
     </span>
    </p>
   </div>
   <div class='ocr_carea' id='block_1_3' title="bbox 220 968 1410 1163">
    <p class='ocr_par' dir='ltr' id='par_1_3' title="bbox 220 968 1410 1163">
     <span class='ocr_line' id='line_1_6' title="bbox 265 968 1410 1060; baseline 0.001 -23"><span class='ocrx_word' id='word_1_39' title='bbox 265 971 346 1060; x_wconf 73' lang='lat' dir='ltr'><strong>Peg.</strong></span> <span class='ocrx_word' id='word_1_40' title='bbox 380 969 457 1039; x_wconf 88' lang='grc'><strong>752.</strong></span> <span class='ocrx_word' id='word_1_41' title='bbox 484 969 539 1037; x_wconf 85' lang='grc'><strong><em>26.</em></strong></span> <span class='ocrx_word' id='word_1_42' title='bbox 564 971 724 1052; x_wconf 74' lang='grc' dir='ltr'><strong><em>παρεδίδου</em></strong></span> <span class='ocrx_word' id='word_1_43' title='bbox 747 971 773 1036; x_wconf 86' lang='grc' dir='ltr'><strong><em>δ’</em></strong></span> <span class='ocrx_word' id='word_1_44' title='bbox 796 968 881 1046; x_wconf 76' lang='grc' dir='ltr'><strong><em>οὗτος</em></strong></span> <span class='ocrx_word' id='word_1_45' title='bbox 905 979 967 1045; x_wconf 83' lang='grc' dir='ltr'><strong><em>τοῖς</em></strong></span> <span class='ocrx_word' id='word_1_46' title='bbox 990 970 1114 1039; x_wconf 79' lang='grc' dir='ltr'><strong><em>ἕνδεΚλ</em></strong></span> <span class='ocrx_word' id='word_1_47' title='bbox 1143 975 1195 1040; x_wconf 79' lang='grc' dir='ltr'><strong><em>τὸν</em></strong></span> <span class='ocrx_word' id='word_1_48' title='bbox 1226 976 1281 1040; x_wconf 82' lang='grc' dir='ltr'><strong><em>οὐκ</em></strong></span> <span class='ocrx_word' id='word_1_49' title='bbox 1312 976 1410 1055; x_wconf 67' lang='lat' dir='ltr'><strong>ittun-</strong></span> 
     </span>
     <span class='ocr_line' id='line_1_7' title="bbox 220 1075 1410 1163; baseline 0.003 -20"><span class='ocrx_word' id='word_1_50' title='bbox 220 1077 298 1143; x_wconf 92' lang='grc' dir='ltr'><strong><em>κίτα</em></strong></span> <span class='ocrx_word' id='word_1_51' title='bbox 322 1079 352 1142; x_wconf 79' lang='grc' dir='ltr'><strong><em>ἐν</em></strong></span> <span class='ocrx_word' id='word_1_52' title='bbox 375 1079 417 1158; x_wconf 77' lang='grc' dir='ltr'><strong><em>τῷ</em></strong></span> <span class='ocrx_word' id='word_1_53' title='bbox 441 1077 612 1158; x_wconf 76' lang='grc' dir='ltr'><strong><em>δικαςκρίιρ.</em></strong></span> <span class='ocrx_word' id='word_1_54' title='bbox 659 1075 879 1163; x_wconf 68' lang='lat' dir='ltr'><strong>supplendum</strong></span> <span class='ocrx_word' id='word_1_55' title='bbox 898 1117 940 1128; x_wconf 95' lang='lat'><em>-</em></span> <span class='ocrx_word' id='word_1_56' title='bbox 957 1086 1020 1151; x_wconf 81' lang='grc' dir='ltr'><strong><em>τοῖς</em></strong></span> <span class='ocrx_word' id='word_1_57' title='bbox 1043 1075 1151 1146; x_wconf 79' lang='grc' dir='ltr'><strong><em>ἕνδεκα</em></strong></span> <span class='ocrx_word' id='word_1_58' title='bbox 1175 1089 1247 1146; x_wconf 84' lang='grc' dir='ltr'><strong><em>ΚΑΙ</em></strong></span> <span class='ocrx_word' id='word_1_59' title='bbox 1269 1079 1410 1146; x_wconf 77' lang='grc' dir='ltr'><strong><em>τίν’κτὲ.</em></strong></span> 
     </span>
    </p>
   </div>
   <div class='ocr_carea' id='block_1_4' title="bbox 217 1285 1411 1798">
    <p class='ocr_par' dir='ltr' id='par_1_4' title="bbox 217 1285 1411 1798">
     <span class='ocr_line' id='line_1_8' title="bbox 264 1285 1409 1376; baseline 0.002 -23"><span class='ocrx_word' id='word_1_60' title='bbox 264 1287 344 1376; x_wconf 83' lang='lat' dir='ltr'><strong>Pag.</strong></span> <span class='ocrx_word' id='word_1_61' title='bbox 378 1287 455 1354; x_wconf 90' lang='grc'><strong>761.</strong></span> <span class='ocrx_word' id='word_1_62' title='bbox 491 1285 542 1352; x_wconf 91' lang='grc'><strong><em>15.</em></strong></span> <span class='ocrx_word' id='word_1_63' title='bbox 575 1287 719 1363; x_wconf 74' lang='grc' dir='ltr'><strong><em>οὐδεμίαν</em></strong></span> <span class='ocrx_word' id='word_1_64' title='bbox 750 1287 812 1368; x_wconf 75' lang='grc' dir='ltr'><strong><em>γοὶρ</em></strong></span> <span class='ocrx_word' id='word_1_65' title='bbox 837 1286 875 1352; x_wconf 79' lang='grc' dir='ltr'><strong><em>θον</em></strong></span> <span class='ocrx_word' id='word_1_66' title='bbox 899 1290 996 1354; x_wconf 88' lang='grc' dir='ltr'><strong><em>είπεῖν</em></strong></span> <span class='ocrx_word' id='word_1_67' title='bbox 1019 1287 1101 1370; x_wconf 75' lang='grc' dir='ltr'><strong><em>ἔχοις</em></strong></span> <span class='ocrx_word' id='word_1_68' title='bbox 1126 1287 1227 1366; x_wconf 74' lang='grc' dir='ltr'><strong><em>ἄλλην</em></strong></span> <span class='ocrx_word' id='word_1_69' title='bbox 1251 1289 1409 1370; x_wconf 74' lang='grc' dir='ltr'><strong><em>πρθφοοσιν</em></strong></span> 
     </span>
     <span class='ocr_line' id='line_1_9' title="bbox 221 1393 1411 1481; baseline 0.002 -22"><span class='ocrx_word' id='word_1_70' title='bbox 221 1394 297 1470; x_wconf 79' lang='grc' dir='ltr'><strong><em>-ἣ</em></strong></span> <span class='ocrx_word' id='word_1_71' title='bbox 322 1396 377 1470; x_wconf 68' lang='grc' dir='ltr'><strong><em>τὴν</em></strong></span> <span class='ocrx_word' id='word_1_72' title='bbox 399 1397 530 1460; x_wconf 75' lang='grc' dir='ltr'><strong><em>σεαυτοῦ</em></strong></span> <span class='ocrx_word' id='word_1_73' title='bbox 555 1395 629 1466; x_wconf 81' lang='grc' dir='ltr'><em>θεοῖς</em></span> <span class='ocrx_word' id='word_1_74' title='bbox 654 1393 767 1475; x_wconf 67' lang='grc' dir='ltr'><strong><em>ἐχθροῖν</em></strong></span> <span class='ocrx_word' id='word_1_75' title='bbox 791 1393 1047 1476; x_wconf 73' lang='grc' dir='ltr'><strong><em>αἰσχροκέρδειαν.</em></strong></span> <span class='ocrx_word' id='word_1_76' title='bbox 1084 1393 1187 1481; x_wconf 80' lang='lat' dir='ltr'><strong>Supra</strong></span> <span class='ocrx_word' id='word_1_77' title='bbox 1209 1395 1411 1461; x_wconf 80' lang='lat' dir='ltr'><strong>ostendimus</strong></span> 
     </span>
     <span class='ocr_line' id='line_1_10' title="bbox 218 1500 1410 1580; baseline -0.001 -13"><span class='ocrx_word' id='word_1_78' title='bbox 218 1521 331 1567; x_wconf 75' lang='lat' dir='ltr'><strong>verum</strong></span> <span class='ocrx_word' id='word_1_79' title='bbox 365 1521 431 1566; x_wconf 89' lang='lat' dir='ltr'><strong>esse</strong></span> <span class='ocrx_word' id='word_1_80' title='bbox 461 1502 516 1575; x_wconf 70' lang='lat' dir='ltr'><strong><em>riv</em></strong></span> <span class='ocrx_word' id='word_1_81' title='bbox 544 1503 674 1563; x_wconf 79' lang='grc' dir='ltr'><strong><em>σεαυτοῦ</em></strong></span> <span class='ocrx_word' id='word_1_82' title='bbox 698 1500 911 1580; x_wconf 89' lang='grc' dir='ltr'><strong><em>θεοισεχθρίαν.</em></strong></span> <span class='ocrx_word' id='word_1_83' title='bbox 958 1500 1169 1566; x_wconf 73' lang='lat' dir='ltr'><strong>Manifestum</strong></span> <span class='ocrx_word' id='word_1_84' title='bbox 1191 1505 1339 1568; x_wconf 88' lang='lat' dir='ltr'><strong>tenemus</strong></span> <span class='ocrx_word' id='word_1_85' title='bbox 1362 1505 1410 1566; x_wconf 87' lang='lat' dir='ltr'><strong><em>in·</em></strong></span> 
     </span>
     <span class='ocr_line' id='line_1_11' title="bbox 217 1605 1409 1692; baseline 0.002 -21"><span class='ocrx_word' id='word_1_86' title='bbox 217 1606 451 1692; x_wconf 85' lang='lat' dir='ltr'><strong>terpolatorem.</strong></span> <span class='ocrx_word' id='word_1_87' title='bbox 499 1605 583 1685; x_wconf 70' lang='lat' dir='ltr'><strong><em>Quid</em></strong></span> <span class='ocrx_word' id='word_1_88' title='bbox 607 1610 690 1670; x_wconf 85' lang='lat' dir='ltr'><strong>esset</strong></span> <span class='ocrx_word' id='word_1_89' title='bbox 713 1613 1032 1671; x_wconf 74' lang='lat' dir='ltr'><strong>eeOICexoPIAN</strong></span> <span class='ocrx_word' id='word_1_90' title='bbox 1052 1626 1115 1672; x_wconf 91' lang='lat' dir='ltr'><strong><em>non</em></strong></span> <span class='ocrx_word' id='word_1_91' title='bbox 1136 1605 1307 1673; x_wconf 76' lang='lat' dir='ltr'><strong>intellexit.</strong></span> <span class='ocrx_word' id='word_1_92' title='bbox 1341 1607 1409 1673; x_wconf 89' lang='lat' dir='ltr'><strong>lta·</strong></span> 
     </span>
     <span class='ocr_line' id='line_1_12' title="bbox 219 1710 1132 1798; baseline -0.001 -20"><span class='ocrx_word' id='word_1_93' title='bbox 219 1734 280 1798; x_wconf 92' lang='lat' dir='ltr'><strong><em>que</em></strong></span> <span class='ocrx_word' id='word_1_94' title='bbox 304 1716 378 1786; x_wconf 81' lang='grc' dir='ltr'><strong><em>θεοῖς</em></strong></span> <span class='ocrx_word' id='word_1_95' title='bbox 403 1712 538 1795; x_wconf 81' lang='grc' dir='ltr'><strong><em>ἐχθρΑΝ</em></strong></span> <span class='ocrx_word' id='word_1_96' title='bbox 562 1711 650 1776; x_wconf 91' lang='lat' dir='ltr'><strong>dedit</strong></span> <span class='ocrx_word' id='word_1_97' title='bbox 673 1715 706 1775; x_wconf 92' lang='lat' dir='ltr'><strong><em>et</em></strong></span> <span class='ocrx_word' id='word_1_98' title='bbox 729 1710 975 1792; x_wconf 79' lang='grc' dir='ltr'><strong><em>αἰσχροκέρδειαν</em></strong></span> <span class='ocrx_word' id='word_1_99' title='bbox 1000 1711 1132 1778; x_wconf 82' lang='lat' dir='ltr'><strong>addidit.</strong></span> 
     </span>
    </p>
   </div>
   <div class='ocr_carea' id='block_1_5' title="bbox 208 1919 1409 3903">
    <p class='ocr_par' dir='ltr' id='par_1_5' title="bbox 209 1919 1409 3473">
     <span class='ocr_line' id='line_1_13' title="bbox 261 1919 1409 2011; baseline 0.002 -24"><span class='ocrx_word' id='word_1_100' title='bbox 261 1923 340 2011; x_wconf 75' lang='lat' dir='ltr'><strong>Peg.</strong></span> <span class='ocrx_word' id='word_1_101' title='bbox 379 1920 453 1990; x_wconf 92' lang='grc'><strong>761.</strong></span> <span class='ocrx_word' id='word_1_102' title='bbox 485 1919 539 1987; x_wconf 90' lang='grc'><strong><em>20.</em></strong></span> <span class='ocrx_word' id='word_1_103' title='bbox 571 1919 642 1985; x_wconf 79' lang='grc' dir='ltr'><strong><em>οὔτε</em></strong></span> <span class='ocrx_word' id='word_1_104' title='bbox 674 1919 737 1999; x_wconf 77' lang='grc' dir='ltr'><strong><em>γοὶρ</em></strong></span> <span class='ocrx_word' id='word_1_105' title='bbox 769 1919 803 1985; x_wconf 79' lang='grc' dir='ltr'><strong><em>τὸ</em></strong></span> <span class='ocrx_word' id='word_1_106' title='bbox 834 1920 878 1986; x_wconf 77' lang='grc' dir='ltr'><strong><em>τα</em></strong></span> <span class='ocrx_word' id='word_1_107' title='bbox 908 1920 1022 1987; x_wconf 79' lang='grc' dir='ltr'><strong><em>τούτων</em></strong></span> <span class='ocrx_word' id='word_1_108' title='bbox 1040 1959 1081 1970; x_wconf 90' lang='grc'><strong>-</strong></span> <span class='ocrx_word' id='word_1_109' title='bbox 1099 1921 1299 1988; x_wconf 76' lang='grc' dir='ltr'><strong><em>κατατιθέναι</em></strong></span> <span class='ocrx_word' id='word_1_110' title='bbox 1326 1926 1409 1989; x_wconf 81' lang='grc' dir='ltr'><strong><em>τοῦθ’</em></strong></span> 
     </span>
     <span class='ocr_line' id='line_1_14' title="bbox 218 2021 1409 2116; baseline 0.002 -20"><span class='ocrx_word' id='word_1_111' title='bbox 218 2031 322 2108; x_wconf 74' lang='grc' dir='ltr'><strong><em>ἡγοῖτο</em></strong></span> <span class='ocrx_word' id='word_1_112' title='bbox 356 2027 446 2116; x_wconf 91' lang='grc' dir='ltr'>[ΤΟ]</span> <span class='ocrx_word' id='word_1_113' title='bbox 481 2027 564 2094; x_wconf 77' lang='grc' dir='ltr'><strong><em>δεινοὶ</em></strong></span> <span class='ocrx_word' id='word_1_114' title='bbox 588 2026 726 2107; x_wconf 86' lang='grc' dir='ltr'><strong><em>ποίσχειν</em></strong></span> <span class='ocrx_word' id='word_1_115' title='bbox 749 2021 837 2092; x_wconf 73' lang='grc' dir='ltr'><strong><em>εἶναι.</em></strong></span> <span class='ocrx_word' id='word_1_116' title='bbox 859 2036 955 2092; x_wconf 88' lang='grc' dir='ltr'><strong><em>ποιεῖν</em></strong></span> <span class='ocrx_word' id='word_1_117' title='bbox 978 2026 1040 2107; x_wconf 88' lang='grc' dir='ltr'><strong><em>γοίρ</em></strong></span> <span class='ocrx_word' id='word_1_118' title='bbox 1065 2028 1110 2096; x_wconf 77' lang='grc' dir='ltr'><strong><em>ἔτι</em></strong></span> <span class='ocrx_word' id='word_1_119' title='bbox 1132 2028 1224 2094; x_wconf 84' lang='grc' dir='ltr'><strong><em>τοῦτί</em></strong></span> <span class='ocrx_word' id='word_1_120' title='bbox 1247 2054 1288 2107; x_wconf 85' lang='grc' dir='ltr'><strong><em>γε</em></strong></span> <span class='ocrx_word' id='word_1_121' title='bbox 1310 2029 1409 2098; x_wconf 87' lang='grc' dir='ltr'><strong><em>δεινοί.</em></strong></span> 
     </span>
     <span class='ocr_line' id='line_1_15' title="bbox 217 2130 1409 2223; baseline 0.001 -21"><span class='ocrx_word' id='word_1_122' title='bbox 217 2134 293 2202; x_wconf 81' lang='lat' dir='ltr'><strong>Sine</strong></span> <span class='ocrx_word' id='word_1_123' title='bbox 323 2156 413 2202; x_wconf 91' lang='lat' dir='ltr'><strong>mora</strong></span> <span class='ocrx_word' id='word_1_124' title='bbox 443 2133 691 2221; x_wconf 83' lang='lat' dir='ltr'><strong>expungendum</strong></span> <span class='ocrx_word' id='word_1_125' title='bbox 724 2136 772 2198; x_wconf 85' lang='lat' dir='ltr'><strong><em>est</em></strong></span> <span class='ocrx_word' id='word_1_126' title='bbox 804 2130 852 2198; x_wconf 85' lang='grc' dir='ltr'><strong><em>τί.</em></strong></span> <span class='ocrx_word' id='word_1_127' title='bbox 899 2133 1112 2219; x_wconf 85' lang='lat' dir='ltr'><strong>Oomparandi</strong></span> <span class='ocrx_word' id='word_1_128' title='bbox 1131 2137 1221 2200; x_wconf 68' lang='lat' dir='ltr'><strong>&#39;sunt</strong></span> <span class='ocrx_word' id='word_1_129' title='bbox 1252 2136 1288 2201; x_wconf 93' lang='lat' dir='ltr'><strong><em>hi</em></strong></span> <span class='ocrx_word' id='word_1_130' title='bbox 1322 2139 1409 2223; x_wconf 88' lang='lat' dir='ltr'><strong>apud</strong></span> 
     </span>
     <span class='ocr_line' id='line_1_16' title="bbox 214 2235 1408 2326; baseline -0.001 -17"><span class='ocrx_word' id='word_1_131' title='bbox 214 2242 462 2309; x_wconf 82' lang='lat' dir='ltr'><strong>Demosthenem</strong></span> <span class='ocrx_word' id='word_1_132' title='bbox 493 2239 574 2305; x_wconf 79' lang='lat' dir='ltr'><strong>loci:</strong></span> <span class='ocrx_word' id='word_1_133' title='bbox 604 2258 679 2326; x_wconf 77' lang='lat' dir='ltr'><strong>pag.</strong></span> <span class='ocrx_word' id='word_1_134' title='bbox 707 2235 783 2302; x_wconf 89' lang='grc'><strong>564.</strong></span> <span class='ocrx_word' id='word_1_135' title='bbox 808 2236 839 2302; x_wconf 92' lang='grc'><strong><em>8.</em></strong></span> <span class='ocrx_word' id='word_1_136' title='bbox 864 2240 890 2304; x_wconf 88' lang='grc' dir='ltr'><strong><em>εί</em></strong></span> <span class='ocrx_word' id='word_1_137' title='bbox 914 2239 949 2305; x_wconf 82' lang='grc' dir='ltr'><strong><em>τὸ</em></strong></span> <span class='ocrx_word' id='word_1_138' title='bbox 972 2240 1014 2304; x_wconf 74' lang='grc' dir='ltr'><strong><em>τοὶ</em></strong></span> <span class='ocrx_word' id='word_1_139' title='bbox 1038 2245 1171 2306; x_wconf 80' lang='grc' dir='ltr'><strong><em>τοιαῦτα</em></strong></span> <span class='ocrx_word' id='word_1_140' title='bbox 1193 2240 1299 2319; x_wconf 77' lang='grc' dir='ltr'><strong><em>λέγειν</em></strong></span> <span class='ocrx_word' id='word_1_141' title='bbox 1322 2245 1408 2308; x_wconf 78' lang='grc' dir='ltr'><strong><em>τοῦτ’</em></strong></span> 
     </span>
     <span class='ocr_line' id='line_1_17' title="bbox 215 2343 1405 2433; baseline 0.002 -21"><span class='ocrx_word' id='word_1_142' title='bbox 215 2348 260 2416; x_wconf 69' lang='lat' dir='ltr'><strong>iet</strong></span> <span class='ocrx_word' id='word_1_143' title='bbox 292 2354 488 2429; x_wconf 72' lang='grc' dir='ltr'><strong><em>λειτουργεῖν.</em></strong></span> <span class='ocrx_word' id='word_1_144' title='bbox 518 2367 593 2433; x_wconf 81' lang='lat' dir='ltr'><strong>pag.</strong></span> <span class='ocrx_word' id='word_1_145' title='bbox 629 2343 704 2410; x_wconf 90' lang='grc'><strong>142.</strong></span> <span class='ocrx_word' id='word_1_146' title='bbox 729 2344 782 2411; x_wconf 87' lang='grc'><strong><em>11.</em></strong></span> <span class='ocrx_word' id='word_1_147' title='bbox 805 2344 840 2408; x_wconf 81' lang='grc' dir='ltr'><strong><em>τί</em></strong></span> <span class='ocrx_word' id='word_1_148' title='bbox 865 2345 928 2425; x_wconf 74' lang='grc' dir='ltr'><strong><em>γὰρ</em></strong></span> <span class='ocrx_word' id='word_1_149' title='bbox 953 2347 1112 2426; x_wconf 80' lang='grc' dir='ltr'><strong><em>οίποςερεῖν</em></strong></span> <span class='ocrx_word' id='word_1_150' title='bbox 1129 2385 1171 2395; x_wconf 94' lang='grc'>-</span> <span class='ocrx_word' id='word_1_151' title='bbox 1190 2347 1335 2421; x_wconf 81' lang='grc' dir='ltr'><strong><em>κακίνους</em></strong></span> <span class='ocrx_word' id='word_1_152' title='bbox 1359 2345 1405 2419; x_wconf 74' lang='grc' dir='ltr'><strong><em>ἔτι</em></strong></span> 
     </span>
     <span class='ocr_line' id='line_1_18' title="bbox 213 2449 1404 2541; baseline 0.001 -22"><span class='ocrx_word' id='word_1_153' title='bbox 213 2461 320 2520; x_wconf 89' lang='grc' dir='ltr'><strong><em>ποιεῖν.</em></strong></span> <span class='ocrx_word' id='word_1_154' title='bbox 344 2474 418 2541; x_wconf 83' lang='lat' dir='ltr'><strong>pag.</strong></span> <span class='ocrx_word' id='word_1_155' title='bbox 439 2450 515 2518; x_wconf 86' lang='grc'><strong>546.</strong></span> <span class='ocrx_word' id='word_1_156' title='bbox 539 2450 592 2518; x_wconf 93' lang='grc'><strong><em>17.</em></strong></span> <span class='ocrx_word' id='word_1_157' title='bbox 615 2449 649 2515; x_wconf 79' lang='grc' dir='ltr'><strong><em>τί</em></strong></span> <span class='ocrx_word' id='word_1_158' title='bbox 670 2451 732 2531; x_wconf 77' lang='grc' dir='ltr'><strong><em>γοδρ</em></strong></span> <span class='ocrx_word' id='word_1_159' title='bbox 753 2450 924 2532; x_wconf 71' lang='grc' dir='ltr'><strong><em>χρημάτων</em></strong></span> <span class='ocrx_word' id='word_1_160' title='bbox 945 2458 1128 2518; x_wconf 77' lang='grc' dir='ltr'><strong><em>πολλῶν-</em></strong></span> <span class='ocrx_word' id='word_1_161' title='bbox 1145 2456 1279 2520; x_wconf 79' lang='grc' dir='ltr'><strong><em>τοιοῦτον</em></strong></span> <span class='ocrx_word' id='word_1_162' title='bbox 1298 2452 1404 2537; x_wconf 76' lang='grc' dir='ltr'><strong><em>ἄνθρα-</em></strong></span> 
     </span>
     <span class='ocr_line' id='line_1_19' title="bbox 213 2555 1403 2650; baseline 0.006 -26"><span class='ocrx_word' id='word_1_163' title='bbox 213 2583 268 2624; x_wconf 90' lang='grc' dir='ltr'><strong><em>πον</em></strong></span> <span class='ocrx_word' id='word_1_164' title='bbox 293 2560 347 2624; x_wconf 78' lang='grc' dir='ltr'><strong><em>εὀῖν</em></strong></span> <span class='ocrx_word' id='word_1_165' title='bbox 371 2555 446 2624; x_wconf 89' lang='grc' dir='ltr'><strong><em>είναι</em></strong></span> <span class='ocrx_word' id='word_1_166' title='bbox 467 2557 562 2638; x_wconf 83' lang='grc' dir='ltr'><strong><em>κύριον</em></strong></span> <span class='ocrx_word' id='word_1_167' title='bbox 583 2557 726 2638; x_wconf 71' lang='grc' dir='ltr'><strong><em>ἀφορμήν</em></strong></span> <span class='ocrx_word' id='word_1_168' title='bbox 746 2558 808 2624; x_wconf 79' lang='grc' dir='ltr'><strong><em>ε’τιν</em></strong></span> <span class='ocrx_word' id='word_1_169' title='bbox 827 2558 880 2639; x_wconf 78' lang='grc' dir='ltr'><strong><em>ἐφ’</em></strong></span> <span class='ocrx_word' id='word_1_170' title='bbox 901 2559 985 2635; x_wconf 79' lang='grc' dir='ltr'><strong><em>ἡαοῖς</em></strong></span> <span class='ocrx_word' id='word_1_171' title='bbox 1006 2559 1118 2630; x_wconf 77' lang='grc' dir='ltr'><strong><em>αὐτοὺς</em></strong></span> <span class='ocrx_word' id='word_1_172' title='bbox 1139 2559 1311 2627; x_wconf 79' lang='grc' dir='ltr'><strong><em>δεδωκέναι.</em></strong></span> <span class='ocrx_word' id='word_1_173' title='bbox 1330 2583 1403 2650; x_wconf 78' lang='lat' dir='ltr'><strong>pag.</strong></span> 
     </span>
     <span class='ocr_line' id='line_1_20' title="bbox 213 2661 1402 2748; baseline 0 -15"><span class='ocrx_word' id='word_1_174' title='bbox 213 2662 289 2733; x_wconf 89' lang='grc'><strong>737.</strong></span> <span class='ocrx_word' id='word_1_175' title='bbox 324 2663 355 2730; x_wconf 88' lang='grc'><strong><em>5.</em></strong></span> <span class='ocrx_word' id='word_1_176' title='bbox 381 2666 415 2731; x_wconf 80' lang='grc' dir='ltr'><strong><em>τί</em></strong></span> <span class='ocrx_word' id='word_1_177' title='bbox 440 2664 472 2728; x_wconf 78' lang='grc' dir='ltr'><strong><em>δὲ</em></strong></span> <span class='ocrx_word' id='word_1_178' title='bbox 495 2664 561 2744; x_wconf 82' lang='grc' dir='ltr'><strong><em>περί</em></strong></span> <span class='ocrx_word' id='word_1_179' title='bbox 586 2669 643 2728; x_wconf 78' lang='grc' dir='ltr'><strong><em>τῶν</em></strong></span> <span class='ocrx_word' id='word_1_180' title='bbox 669 2661 840 2742; x_wconf 84' lang='grc' dir='ltr'><strong><em>γεγονθτοον</em></strong></span> <span class='ocrx_word' id='word_1_181' title='bbox 863 2663 1060 2746; x_wconf 74' lang='grc' dir='ltr'><strong><em>πραγμάτων</em></strong></span> <span class='ocrx_word' id='word_1_182' title='bbox 1084 2663 1193 2742; x_wconf 81' lang='grc' dir='ltr'><strong><em>νθαουο,</em></strong></span> <span class='ocrx_word' id='word_1_183' title='bbox 1212 2667 1348 2748; x_wconf 81' lang='grc' dir='ltr'><strong><em>γροίφειν</em></strong></span> <span class='ocrx_word' id='word_1_184' title='bbox 1370 2670 1402 2733; x_wconf 84' lang='grc' dir='ltr'><strong><em>οιί</em></strong></span> 
     </span>
     <span class='ocr_line' id='line_1_21' title="bbox 212 2769 1400 2859; baseline 0 -21"><span class='ocrx_word' id='word_1_185' title='bbox 212 2774 382 2850; x_wconf 85' lang='grc' dir='ltr'><strong><em>νομοθετεῖν</em></strong></span> <span class='ocrx_word' id='word_1_186' title='bbox 414 2770 477 2840; x_wconf 81' lang='grc' dir='ltr'><strong><em>ε’ςίν</em></strong></span> <span class='ocrx_word' id='word_1_187' title='bbox 508 2769 596 2835; x_wconf 75' lang='grc' dir='ltr'><strong><em>οίλλοί</em></strong></span> <span class='ocrx_word' id='word_1_188' title='bbox 629 2769 698 2840; x_wconf 77' lang='grc' dir='ltr'><strong><em>τοὺς</em></strong></span> <span class='ocrx_word' id='word_1_189' title='bbox 733 2769 912 2844; x_wconf 78' lang='grc' dir='ltr'><strong><em>οίδικοῖοντας</em></strong></span> <span class='ocrx_word' id='word_1_190' title='bbox 944 2769 1057 2852; x_wconf 80' lang='grc' dir='ltr'><strong><em>σώζειν.</em></strong></span> <span class='ocrx_word' id='word_1_191' title='bbox 1085 2791 1160 2859; x_wconf 80' lang='lat' dir='ltr'><strong>pag.</strong></span> <span class='ocrx_word' id='word_1_192' title='bbox 1186 2769 1263 2837; x_wconf 92' lang='grc'><strong>767.</strong></span> <span class='ocrx_word' id='word_1_193' title='bbox 1291 2771 1342 2838; x_wconf 86' lang='grc'><strong><em>13.</em></strong></span> <span class='ocrx_word' id='word_1_194' title='bbox 1367 2773 1400 2838; x_wconf 81' lang='grc' dir='ltr'><strong><em>τί</em></strong></span> 
     </span>
     <span class='ocr_line' id='line_1_22' title="bbox 212 2874 1399 2962; baseline 0.001 -19"><span class='ocrx_word' id='word_1_195' title='bbox 212 2879 315 2962; x_wconf 79' lang='grc' dir='ltr'><strong><em>πρρίιος</em></strong></span> <span class='ocrx_word' id='word_1_196' title='bbox 341 2875 425 2957; x_wconf 81' lang='grc' dir='ltr'><strong><em>ἔχειν</em></strong></span> <span class='ocrx_word' id='word_1_197' title='bbox 448 2884 511 2949; x_wconf 78' lang='grc' dir='ltr'><strong><em>τοῖς</em></strong></span> <span class='ocrx_word' id='word_1_198' title='bbox 535 2875 678 2946; x_wconf 74' lang='grc' dir='ltr'><strong><em>τοιούτοις</em></strong></span> <span class='ocrx_word' id='word_1_199' title='bbox 696 2912 738 2923; x_wconf 91' lang='grc'>-</span> <span class='ocrx_word' id='word_1_200' title='bbox 757 2874 862 2958; x_wconf 78' lang='grc' dir='ltr'><strong><em>ἐθίζειν</em></strong></span> <span class='ocrx_word' id='word_1_201' title='bbox 886 2876 939 2941; x_wconf 78' lang='grc' dir='ltr'><strong><em>καί</em></strong></span> <span class='ocrx_word' id='word_1_202' title='bbox 963 2876 1171 2958; x_wconf 90' lang='grc' dir='ltr'><strong><em>προδιδοίσκειν</em></strong></span> <span class='ocrx_word' id='word_1_203' title='bbox 1194 2875 1239 2946; x_wconf 75' lang='grc' dir='ltr'><strong><em>ἔτ’</em></strong></span> <span class='ocrx_word' id='word_1_204' title='bbox 1257 2877 1399 2944; x_wconf 65' lang='lat' dir='ltr'><strong>struem</strong></span> 
     </span>
     <span class='ocr_line' id='line_1_23' title="bbox 211 2979 1399 3070; baseline 0.008 -22"><span class='ocrx_word' id='word_1_205' title='bbox 211 2985 294 3063; x_wconf 70' lang='grc' dir='ltr'><strong><em>ὑμᾶς</em></strong></span> <span class='ocrx_word' id='word_1_206' title='bbox 325 2984 362 3057; x_wconf 76' lang='grc' dir='ltr'><strong><em>ὡς</em></strong></span> <span class='ocrx_word' id='word_1_207' title='bbox 395 2983 548 3054; x_wconf 75' lang='grc' dir='ltr'><strong><em>πλείτους.</em></strong></span> <span class='ocrx_word' id='word_1_208' title='bbox 596 2980 681 3046; x_wconf 82' lang='lat' dir='ltr'><strong>Hinc</strong></span> <span class='ocrx_word' id='word_1_209' title='bbox 712 2979 769 3045; x_wconf 85' lang='lat' dir='ltr'><strong>lux</strong></span> <span class='ocrx_word' id='word_1_210' title='bbox 801 2981 934 3070; x_wconf 81' lang='lat' dir='ltr'><strong>affulget</strong></span> <span class='ocrx_word' id='word_1_211' title='bbox 963 3003 1034 3070; x_wconf 78' lang='lat' dir='ltr'><strong>pag.</strong></span> <span class='ocrx_word' id='word_1_212' title='bbox 1067 2980 1167 3048; x_wconf 86' lang='grc'><strong>1231.</strong></span> <span class='ocrx_word' id='word_1_213' title='bbox 1194 2982 1249 3048; x_wconf 88' lang='grc'><strong><em>26.</em></strong></span> <span class='ocrx_word' id='word_1_214' title='bbox 1272 2986 1307 3051; x_wconf 79' lang='grc' dir='ltr'><strong><em>τὸ</em></strong></span> <span class='ocrx_word' id='word_1_215' title='bbox 1331 2985 1399 3065; x_wconf 72' lang='grc' dir='ltr'><strong><em>πρὸς</em></strong></span> 
     </span>
     <span class='ocr_line' id='line_1_24' title="bbox 210 3084 1395 3172; baseline -0.001 -17"><span class='ocrx_word' id='word_1_216' title='bbox 210 3092 252 3156; x_wconf 77' lang='grc' dir='ltr'><strong><em>τοὶ</em></strong></span> <span class='ocrx_word' id='word_1_217' title='bbox 296 3093 428 3155; x_wconf 80' lang='grc' dir='ltr'><strong><em>τοιαῦτα</em></strong></span> <span class='ocrx_word' id='word_1_218' title='bbox 463 3089 565 3172; x_wconf 80' lang='grc' dir='ltr'><strong><em>πρρίυς</em></strong></span> <span class='ocrx_word' id='word_1_219' title='bbox 603 3084 689 3168; x_wconf 81' lang='grc' dir='ltr'><strong><em>ἔχειν</em></strong></span> <span class='ocrx_word' id='word_1_220' title='bbox 726 3086 935 3166; x_wconf 86' lang='grc' dir='ltr'><strong><em>προδιδοίσκειν</em></strong></span> <span class='ocrx_word' id='word_1_221' title='bbox 971 3088 1086 3169; x_wconf 76' lang='grc' dir='ltr'><strong><em>ἑτέρους</em></strong></span> <span class='ocrx_word' id='word_1_222' title='bbox 1120 3087 1280 3155; x_wconf 66' lang='lat' dir='ltr'><strong>saluere</strong></span> <span class='ocrx_word' id='word_1_223' title='bbox 1312 3087 1395 3156; x_wconf 88' lang='grc' dir='ltr'><strong><em>είυαι.</em></strong></span> 
     </span>
     <span class='ocr_line' id='line_1_25' title="bbox 209 3193 1393 3282; baseline -0.001 -20"><span class='ocrx_word' id='word_1_224' title='bbox 209 3196 307 3262; x_wconf 78' lang='lat' dir='ltr'><strong>Estne</strong></span> <span class='ocrx_word' id='word_1_225' title='bbox 323 3199 528 3282; x_wconf 82' lang='lat' dir='ltr'><strong>perspicuum</strong></span> <span class='ocrx_word' id='word_1_226' title='bbox 548 3193 713 3259; x_wconf 78' lang='lat' dir='ltr'><strong>Oratorem</strong></span> <span class='ocrx_word' id='word_1_227' title='bbox 735 3195 871 3260; x_wconf 86' lang='lat' dir='ltr'><strong>dixisse:</strong></span> <span class='ocrx_word' id='word_1_228' title='bbox 892 3193 1100 3273; x_wconf 76' lang='grc' dir='ltr'><strong><em>προδιδάσκειν</em></strong></span> <span class='ocrx_word' id='word_1_229' title='bbox 1121 3194 1237 3274; x_wconf 73' lang='grc' dir='ltr'><strong><em>ἑτέρους</em></strong></span> <span class='ocrx_word' id='word_1_230' title='bbox 1254 3197 1393 3262; x_wconf 66' lang='lat' dir='ltr'><strong>earnem</strong></span> 
     </span>
     <span class='ocr_line' id='line_1_26' title="bbox 209 3296 1392 3387; baseline 0.001 -20"><span class='ocrx_word' id='word_1_231' title='bbox 209 3296 309 3367; x_wconf 79' lang='grc' dir='ltr'><strong><em>εἷναιί</em></strong></span> <span class='ocrx_word' id='word_1_232' title='bbox 355 3299 408 3366; x_wconf 80' lang='lat' dir='ltr'><strong><em>Sia</em></strong></span> <span class='ocrx_word' id='word_1_233' title='bbox 439 3302 554 3366; x_wconf 82' lang='lat' dir='ltr'><strong>caeteri</strong></span> <span class='ocrx_word' id='word_1_234' title='bbox 585 3319 694 3367; x_wconf 89' lang='lat' dir='ltr'><strong>omnes</strong></span> <span class='ocrx_word' id='word_1_235' title='bbox 716 3302 750 3365; x_wconf 92' lang='lat' dir='ltr'><strong><em>in</em></strong></span> <span class='ocrx_word' id='word_1_236' title='bbox 773 3300 833 3366; x_wconf 84' lang='lat' dir='ltr'><strong>hae</strong></span> <span class='ocrx_word' id='word_1_237' title='bbox 856 3321 890 3365; x_wconf 90' lang='lat' dir='ltr'><strong>re</strong></span> <span class='ocrx_word' id='word_1_238' title='bbox 917 3300 1136 3384; x_wconf 81' lang='lat' dir='ltr'><strong>loquebantur.</strong></span> <span class='ocrx_word' id='word_1_239' title='bbox 1173 3302 1392 3387; x_wconf 76' lang='lat' dir='ltr'><strong>Aristophanes</strong></span> 
     </span>
     <span class='ocr_line' id='line_1_27' title="bbox 209 3392 494 3473; baseline 0.004 -1"><span class='ocrx_word' id='word_1_240' title='bbox 209 3408 290 3473; x_wconf 84' lang='grc' dir='ltr'><strong><em>Νιοθ.</em></strong></span> <span class='ocrx_word' id='word_1_241' title='bbox 317 3405 415 3473; x_wconf 85' lang='grc'><strong>1411.</strong></span> <span class='ocrx_word' id='word_1_242' title='bbox 491 3392 494 3397; x_wconf 48' lang='grc'><strong>’</strong></span> 
     </span>
    </p>

    <p class='ocr_par' dir='ltr' id='par_1_6' title="bbox 208 3512 1219 3903">
     <span class='ocr_line' id='line_1_28' title="bbox 344 3512 1085 3592; baseline 0.001 -14"><span class='ocrx_word' id='word_1_243' title='bbox 344 3516 377 3579; x_wconf 79' lang='grc' dir='ltr'><strong><em>οὐ</em></strong></span> <span class='ocrx_word' id='word_1_244' title='bbox 403 3512 554 3589; x_wconf 71' lang='lat' dir='ltr'><strong>adalrat</strong></span> <span class='ocrx_word' id='word_1_245' title='bbox 580 3513 693 3581; x_wconf 90' lang='grc' dir='ltr'><strong><em>δίκαιθν</em></strong></span> <span class='ocrx_word' id='word_1_246' title='bbox 717 3515 761 3585; x_wconf 77' lang='grc' dir='ltr'><strong><em>ἔτ’</em></strong></span> <span class='ocrx_word' id='word_1_247' title='bbox 786 3517 955 3580; x_wconf 80' lang='grc' dir='ltr'><strong><em>οὶντευνοεῖν</em></strong></span> <span class='ocrx_word' id='word_1_248' title='bbox 977 3513 1085 3592; x_wconf 72' lang='grc' dir='ltr'><strong><em>ὁμοίως</em></strong></span> 
     </span>
     <span class='ocr_line' id='line_1_29' title="bbox 344 3618 1219 3708; baseline 0.005 -25"><span class='ocrx_word' id='word_1_249' title='bbox 344 3618 498 3698; x_wconf 82' lang='grc' dir='ltr'><strong><em>τύπτοντ’,</em></strong></span> <span class='ocrx_word' id='word_1_250' title='bbox 524 3621 685 3702; x_wconf 73' lang='grc' dir='ltr'><strong><em>ίπειδθπερ</em></strong></span> <span class='ocrx_word' id='word_1_251' title='bbox 709 3621 771 3688; x_wconf 86' lang='grc' dir='ltr'><strong><em>τίδ’</em></strong></span> <span class='ocrx_word' id='word_1_252' title='bbox 797 3621 860 3690; x_wconf 62' lang='lat' dir='ltr'><strong><em>isla</em></strong></span> <span class='ocrx_word' id='word_1_253' title='bbox 883 3623 994 3688; x_wconf 80' lang='grc' dir='ltr'><strong><em>εὐνοεῖν</em></strong></span> <span class='ocrx_word' id='word_1_254' title='bbox 1017 3620 1052 3686; x_wconf 80' lang='grc' dir='ltr'><strong><em>τὸ</em></strong></span> <span class='ocrx_word' id='word_1_255' title='bbox 1076 3619 1219 3708; x_wconf 82' lang='grc' dir='ltr'><strong><em>τιίπτειν;</em></strong></span> 
     </span>
     <span class='ocr_line' id='line_1_30' title="bbox 208 3723 909 3815; baseline -0.003 -21"><span class='ocrx_word' id='word_1_256' title='bbox 208 3731 240 3794; x_wconf 86' lang='lat' dir='ltr'><strong><em>et</em></strong></span> <span class='ocrx_word' id='word_1_257' title='bbox 264 3723 482 3793; x_wconf 76' lang='lat' dir='ltr'><strong>Callimachus</strong></span> <span class='ocrx_word' id='word_1_258' title='bbox 504 3727 539 3790; x_wconf 90' lang='lat' dir='ltr'><strong><em>in</em></strong></span> <span class='ocrx_word' id='word_1_259' title='bbox 561 3730 636 3792; x_wconf 87' lang='lat' dir='ltr'><strong>noto</strong></span> <span class='ocrx_word' id='word_1_260' title='bbox 659 3728 909 3815; x_wconf 80' lang='lat' dir='ltr'><strong>epigrammate:</strong></span> 
     </span>
     <span class='ocr_line' id='line_1_31' title="bbox 548 3833 1057 3903; baseline 0.002 -7"><span class='ocrx_word' id='word_1_261' title='bbox 548 3833 573 3896; x_wconf 89' lang='grc' dir='ltr'><strong><em>εί</em></strong></span> <span class='ocrx_word' id='word_1_262' title='bbox 598 3834 683 3898; x_wconf 80' lang='grc' dir='ltr'><strong><em>τοῦτ’</em></strong></span> <span class='ocrx_word' id='word_1_263' title='bbox 708 3833 754 3903; x_wconf 77' lang='grc' dir='ltr'><strong><em>ἔτ’</em></strong></span> <span class='ocrx_word' id='word_1_264' title='bbox 778 3833 894 3899; x_wconf 82' lang='grc' dir='ltr'><strong><em>οῖδικεῖν</em></strong></span> <span class='ocrx_word' id='word_1_265' title='bbox 918 3833 1021 3898; x_wconf 71' lang='lat' dir='ltr'><strong>saraa</strong></span> <span class='ocrx_word' id='word_1_266' title='bbox 1051 3861 1057 3870; x_wconf 91' lang='lat'><em>·</em></span> 
     </span>
    </p>
   </div>
   <div class='ocr_carea' id='block_1_6' title="bbox 206 3937 1385 4446">
    <p class='ocr_par' dir='ltr' id='par_1_7' title="bbox 207 3937 1385 4127">
     <span class='ocr_line' id='line_1_32' title="bbox 253 3937 1385 4028; baseline -0.004 -23"><span class='ocrx_word' id='word_1_267' title='bbox 253 3939 304 4006; x_wconf 81' lang='lat' dir='ltr'><strong><em>Sic</em></strong></span> <span class='ocrx_word' id='word_1_268' title='bbox 334 3940 436 4028; x_wconf 83' lang='lat' dir='ltr'><strong>igitur</strong></span> <span class='ocrx_word' id='word_1_269' title='bbox 465 3937 693 4005; x_wconf 83' lang='lat' dir='ltr'><strong>Demosthenes</strong></span> <span class='ocrx_word' id='word_1_270' title='bbox 726 3959 849 4024; x_wconf 90' lang='lat' dir='ltr'><strong>quoque</strong></span> <span class='ocrx_word' id='word_1_271' title='bbox 880 3939 1023 4004; x_wconf 83' lang='lat' dir='ltr'><strong>dixerat:</strong></span> <span class='ocrx_word' id='word_1_272' title='bbox 1058 3940 1139 4004; x_wconf 79' lang='grc' dir='ltr'><strong><em>τοῦθ’</em></strong></span> <span class='ocrx_word' id='word_1_273' title='bbox 1174 3940 1279 4017; x_wconf 77' lang='grc' dir='ltr'><strong><em>ἧγιίοοι</em></strong></span> <span class='ocrx_word' id='word_1_274' title='bbox 1311 3937 1385 4006; x_wconf 78' lang='grc' dir='ltr'><strong><em>δεινοὶ</em></strong></span> 
     </span>
     <span class='ocr_line' id='line_1_33' title="bbox 207 4041 459 4127; baseline 0 -17"><span class='ocrx_word' id='word_1_275' title='bbox 207 4045 346 4127; x_wconf 86' lang='grc' dir='ltr'><strong><em>ποίτχειν</em></strong></span> <span class='ocrx_word' id='word_1_276' title='bbox 370 4041 459 4110; x_wconf 87' lang='grc' dir='ltr'><strong><em>είοαι.</em></strong></span> 
     </span>
    </p>

    <p class='ocr_par' dir='ltr' id='par_1_8' title="bbox 206 4150 1381 4446">
     <span class='ocr_line' id='line_1_34' title="bbox 252 4150 1380 4237; baseline -0.004 -20"><span class='ocrx_word' id='word_1_277' title='bbox 252 4151 372 4217; x_wconf 82' lang='lat' dir='ltr'><strong>Iladem</strong></span> <span class='ocrx_word' id='word_1_278' title='bbox 412 4170 506 4235; x_wconf 82' lang='lat' dir='ltr'><strong>opera</strong></span> <span class='ocrx_word' id='word_1_279' title='bbox 545 4150 655 4216; x_wconf 90' lang='lat' dir='ltr'><strong>eodem</strong></span> <span class='ocrx_word' id='word_1_280' title='bbox 698 4152 814 4217; x_wconf 86' lang='lat' dir='ltr'><strong>mendo</strong></span> <span class='ocrx_word' id='word_1_281' title='bbox 856 4150 1006 4217; x_wconf 87' lang='lat' dir='ltr'><strong>liberabis</strong></span> <span class='ocrx_word' id='word_1_282' title='bbox 1049 4151 1280 4237; x_wconf 84' lang='lat' dir='ltr'><strong>Antiphontem</strong></span> <span class='ocrx_word' id='word_1_283' title='bbox 1317 4171 1380 4237; x_wconf 76' lang='lat' dir='ltr'><strong>pag.</strong></span> 
     </span>
     <span class='ocr_line' id='line_1_35' title="bbox 209 4253 1381 4338; baseline 0.003 -15"><span class='ocrx_word' id='word_1_284' title='bbox 209 4256 284 4323; x_wconf 88' lang='grc'><strong>112.</strong></span> <span class='ocrx_word' id='word_1_285' title='bbox 313 4254 366 4320; x_wconf 90' lang='grc'><strong><em>18.</em></strong></span> <span class='ocrx_word' id='word_1_286' title='bbox 392 4254 539 4336; x_wconf 81' lang='grc' dir='ltr'><strong><em>θαυμοίζοο</em></strong></span> <span class='ocrx_word' id='word_1_287' title='bbox 564 4255 594 4320; x_wconf 76' lang='grc' dir='ltr'><strong><em>δὲ</em></strong></span> <span class='ocrx_word' id='word_1_288' title='bbox 613 4295 654 4305; x_wconf 96' lang='grc'><strong>-</strong></span> <span class='ocrx_word' id='word_1_289' title='bbox 673 4258 698 4322; x_wconf 87' lang='grc' dir='ltr'><strong><em>εί</em></strong></span> <span class='ocrx_word' id='word_1_290' title='bbox 722 4255 836 4338; x_wconf 84' lang='grc' dir='ltr'><strong><em>νομίζει</em></strong></span> <span class='ocrx_word' id='word_1_291' title='bbox 860 4260 949 4322; x_wconf 83' lang='grc' dir='ltr'><strong><em>τοῦτο</em></strong></span> <span class='ocrx_word' id='word_1_292' title='bbox 973 4256 1146 4335; x_wconf 81' lang='grc' dir='ltr'><strong><em>οίσίβειΑΝ</em></strong></span> <span class='ocrx_word' id='word_1_293' title='bbox 1170 4253 1246 4323; x_wconf 90' lang='grc' dir='ltr'><strong><em>είναι</em></strong></span> <span class='ocrx_word' id='word_1_294' title='bbox 1274 4258 1306 4323; x_wconf 83' lang='grc' dir='ltr'><strong><em>τὸ</em></strong></span> <span class='ocrx_word' id='word_1_295' title='bbox 1334 4255 1381 4326; x_wconf 75' lang='grc' dir='ltr'><strong><em>τίν’</em></strong></span> 
     </span>
     <span class='ocr_line' id='line_1_36' title="bbox 206 4357 1380 4446; baseline -0.003 -20"><span class='ocrx_word' id='word_1_296' title='bbox 206 4361 325 4446; x_wconf 71' lang='grc' dir='ltr'><strong><em>μητέρα</em></strong></span> <span class='ocrx_word' id='word_1_297' title='bbox 349 4360 392 4439; x_wconf 72' lang='grc' dir='ltr'><strong><em>μὴ</em></strong></span> <span class='ocrx_word' id='word_1_298' title='bbox 417 4359 586 4439; x_wconf 79' lang='grc' dir='ltr'><strong><em>προδοῦναι.</em></strong></span> <span class='ocrx_word' id='word_1_299' title='bbox 639 4361 711 4429; x_wconf 90' lang='lat' dir='ltr'><strong><em>Non</em></strong></span> <span class='ocrx_word' id='word_1_300' title='bbox 735 4366 783 4429; x_wconf 85' lang='lat' dir='ltr'><strong><em>est</em></strong></span> <span class='ocrx_word' id='word_1_301' title='bbox 806 4360 967 4430; x_wconf 79' lang='lat' dir='ltr'><strong>Graecum</strong></span> <span class='ocrx_word' id='word_1_302' title='bbox 997 4367 1116 4430; x_wconf 80' lang='grc' dir='ltr'><strong><em>τοῦτο</em></strong></span> <span class='ocrx_word' id='word_1_303' title='bbox 1147 4363 1296 4442; x_wconf 77' lang='grc' dir='ltr'><strong><em>οῖδίβειαν</em></strong></span> <span class='ocrx_word' id='word_1_304' title='bbox 1315 4357 1380 4428; x_wconf 84' lang='grc' dir='ltr'><strong><em>είνοι</em></strong></span> 
     </span>
    </p>
   </div>
   <div class='ocr_carea' id='block_1_7' title="bbox 0 0 1552 4972">
    <p class='ocr_par' dir='ltr' id='par_1_9' title="bbox 0 0 1552 4972">
     <span class='ocr_line' id='line_1_37' title="bbox 0 0 1552 4972; baseline 0 5"><span class='ocrx_word' id='word_1_305' title='bbox 0 0 1552 4972; x_wconf 95' lang='lat' dir='ltr'><strong><em> </em></strong></span> 
     </span>
    </p>
   </div>
  </div>
 </body>
</html>
