3086 4968
823 254 889 326 498

261 449 343 528 μεύοι
367 448 422 523 τὴν
445 445 570 528 &aipein
596 447 666 528 Quo
687 448 797 514 minus
819 445 946 514 dubites
971 445 1133 512 oonsidera
1154 441 1278 509 τούτοιν.
1322 445 1355 512 ln
1370 441 1421 506 looo

261 556 400 643 genuino
431 559 536 619 τοῦτον
567 560 642 619 sunt
672 554 845 640 benefacto,
871 558 998 639 propter
1022 571 1102 638 quaa
1124 551 1199 616 data
1220 556 1269 616 est
1291 574 1311 618 a
1335 545 1423 638 populo

263 662 280 738 ἡ
304 659 445 725 οἳτέλειοι.
491 659 529 725 ln
552 658 622 725 looo
645 662 752 746 spurio
775 664 881 724 τοῦτον
904 659 1039 724 refertur
1062 657 1102 723 ad
1120 662 1263 722 τοσοῦτοι
1281 653 1355 722 ὅσων
1371 655 1424 725 aaa·

262 765 357 833 κίοιτε
380 771 504 852 praeter
527 763 668 831 Oratoris
691 767 890 830 sententiam.

308 975 388 1060 Pag.
420 972 495 1041 478.
529 969 583 1039 27.
616 972 746 1052 λέγεται
770 973 868 1039 τοίνυν
892 973 1001 1044 ἐκεῖνος
1027 969 1281 1058 (Themistocles)
1306 967 1427 1052 τειχίζειν

262 1082 354 1145 sindo
382 1087 446 1150 τοῖς
476 1079 622 1152 τολίτοιις
646 1077 704 1144 κᾶν
726 1079 899 1160 ύφικνῆτνιί
921 1100 968 1150 τις
993 1077 1026 1140 ἐκ
1049 1076 1281 1154 Αοικεδοιίμονος
1306 1077 1429 1156 κοοτέχειι

265 1185 460 1268 [κελεύοοις],
494 1183 633 1266 οίχεοίοιι
664 1183 841 1266 πρεσβεύων
872 1184 966 1255 οιύτὸς
997 1185 1035 1253 oie
1071 1181 1141 1255 τοὺς
1179 1181 1429 1260 Λακεδαιμονίοις.

264 1288 303 1355 In
325 1291 376 1356 his
399 1289 545 1372 τειχίζειν
566 1291 656 1355 είτύν
676 1294 723 1355 est
741 1288 889 1371 τειχίζειν
908 1289 1077 1367 κελεύσεις,
1098 1289 1182 1354 unde
1202 1286 1239 1353 fit
1258 1293 1297 1354 ut
1315 1289 1430 1355 altarum

264 1396 415 1469 κελεύσεις
439 1399 506 1462 sine
529 1417 619 1462 mora
641 1397 683 1460 sit
705 1395 929 1460 inducendum.

310 1502 432 1567 Iterum
461 1523 524 1567 non
555 1501 781 1568 intellexeruut
812 1499 960 1583 τειχίζειν
990 1500 1081 1565 είτύνν
1115 1500 1167 1564 κοιί
1202 1500 1351 1582 κοιτέχειν
1385 1521 1432 1568 esse

265 1609 448 1686 coniuncta,
492 1613 525 1674 et
565 1606 745 1673 luculenter
788 1611 918 1692 apparet
952 1627 1049 1692 quam
1082 1604 1198 1672 leviter
1233 1607 1364 1672 κελεύων
1393 1609 1433 1672 sut

264 1713 415 1786 κελεύσεις
439 1719 496 1781 aut
518 1714 624 1781 simile
648 1715 726 1799 quid
749 1714 900 1779 adiioiant
923 1712 1014 1778 soioii
1038 1712 1076 1777 de
1099 1731 1168 1777 suo.

310 1920 388 2008 Peg.
412 1921 488 1988 480.
512 1922 565 1988 12.
587 1924 789 2008 perineptum
809 1926 841 1987 et
861 1921 1035 1986 absurdum
1055 1919 1216 1986 emblema
1231 1920 1434 1986 adhuolatuit.

265 2025 415 2091 Primum
445 2028 554 2094 looum
586 2028 791 2093 emendatum
821 2046 1015 2112 proponam,
1051 2025 1164 2090 deindo
1199 2025 1435 2091 idditamentun

266 2133 440 2197 ostendam.
488 2134 663 2219 Postquam
685 2153 735 2197 res
758 2153 777 2196 a
800 2130 938 2199 Chabria
959 2129 1118 2216 praeclare
1137 2135 1245 2216 gestas
1264 2151 1435 2198 commemo

265 2239 350 2302 ravit
380 2240 487 2326 pergit
517 2242 564 2303 ita
590 2239 708 2304 dioere:
735 2237 787 2302 κοί
811 2237 925 2302 τούτων
949 2237 1073 2302 πάντων
1097 2237 1179 2314 ὑμῶν
1202 2237 1279 2309 τινες
1302 2236 1435 2318 μάρτυρές

266 2341 325 2405 εἰσί
355 2365 417 2419 μοι.
465 2342 591 2430 Viginti
622 2348 654 2408 et
685 2343 825 2428 amplius
855 2345 929 2408 anni
952 2343 1178 2428 praeterierant
1200 2343 1285 2419 μετὰ
1309 2345 1361 2420 τὴν
1381 2341 1435 2423 τερί

265 2444 370 2522 Νύξοι
402 2448 585 2530 ννινμνιχίοιι
613 2469 713 2533 quum
735 2449 812 2514 haeo
835 2451 870 2513 in
893 2449 1012 2513 iudioio
1036 2448 1225 2513 dicerentur.
1273 2448 1354 2514 Sein'
1374 2447 1438 2534 quid

265 2552 300 2615 in
330 2551 421 2618 libris
452 2551 516 2618 siti
545 2575 660 2640 nempe
693 2555 774 2633 ὑμῶν
803 2555 881 2627 τινὲς
906 2555 946 2637 [οἱ
970 2553 1195 2639 πρεσβύτατοι]
1220 2554 1368 2637 μάρτυρές
1388 2551 1438 2618 εἰσί

265 2680 328 2734 μοι.
376 2655 613 2744 Comparandus
646 2665 693 2725 est
723 2659 812 2725 loeus
841 2681 914 2748 pag.
951 2657 1026 2726 540.
1060 2659 1113 2725 13.
1138 2660 1189 2726 κού
1215 2662 1308 2726 τοῦτ’
1329 2661 1370 2729 et
1391 2660 1438 2738 μὲν

267 2763 409 2850 rasati,
433 2761 514 2844 ὅμως
537 2765 569 2831 δέ
593 2789 679 2840 τινος
704 2767 786 2844 ὑμῶν
808 2764 1006 2844 μνημονεύειν
1030 2761 1126 2844 οίμοιι.

310 2973 390 3061 Pag.
416 2973 493 3041 481.
518 2975 572 3041 28.
597 2976 649 3042 κού
673 2979 735 3056 μὴν
757 2975 809 3040 καί
835 2975 907 3040 κοτ’
932 2977 1026 3040 ἐκεῖνο
1051 2973 1152 3050 ἀνάξι’
1176 2973 1216 3040 ἂν
1239 2974 1284 3052 ein
1303 2975 1435 3044 τετοιίίοε

266 3078 280 3141 d
310 3087 386 3150 τοῖς
415 3079 453 3166 [εί
476 3089 530 3155 τῆς
556 3081 665 3163 δωρεᾶς
692 3081 902 3166 οίφοιιρείείκ]
929 3081 995 3146 κκί’
1020 3073 1094 3144 ύ-
1115 3079 1230 3152 οὐδενὸς
1255 3082 1364 3146 σύνισθ’
1385 3079 1436 3148 viic

266 3184 395 3264 ὀοΦοινὸς
428 3185 466 3249 δι’
492 3187 602 3252 ἐκεῖνον
623 3185 822 3272 (Chabriam)
846 3187 979 3264 ἐγένετο.
1025 3186 1158 3272 Eupolis
1180 3185 1343 3253 inficetum
1364 3183 1437 3252 addi·

266 3292 458 3356 tamentum.
505 3290 569 3358 Suo
601 3313 634 3357 so
656 3293 774 3358 indicio
797 3291 913 3358 soiolus
936 3292 1092 3378 prodidit,
1118 3294 1173 3376 qui
1194 3295 1373 3379 genitivum
1391 3296 1436 3364 ris

267 3393 378 3475 δωρεᾶς
410 3397 592 3483 aequalium
622 3417 710 3463 more
742 3397 858 3462 dixerit
890 3419 990 3483 quum
1020 3403 1142 3464 veteres
1166 3403 1343 3464 constanter
1364 3416 1437 3464 aoou·

270 3503 373 3567 sativo
395 3504 430 3567 in
453 3522 489 3567 ea
513 3523 548 3568 re
571 3507 715 3568 utantur.

314 3710 395 3799 Peg.
427 3708 503 3776 482.
537 3708 568 3776 3.
601 3707 676 3775 ούτοι
708 3709 771 3791 γύιρ
803 3713 840 3786 ὡς
871 3712 990 3786 οξλκίῶς
1013 3710 1120 3793 ἔμοιγε
1142 3713 1291 3796 φοιίνετοιι
1315 3709 1435 3792 βεβοίοι

269 3826 362 3882 linc
394 3818 504 3890 ἐκεῖνος
531 3814 697 3899 Φιλύτολις
728 3817 794 3890 Ικτὲ.
841 3818 1061 3905 Expungenda
1092 3823 1140 3885 est
1173 3818 1310 3886 molesta
1340 3813 1436 3886 vocula

270 3946 333 3995 σονς
364 3923 398 3988 id
428 3927 476 3988 est
502 3922 608 4003 τρόπον
631 3922 714 3998 τινύ,
739 3928 890 4008 quaeest
914 3927 1113 3990 extenuantis
1136 3929 1169 3989 et
1191 3927 1262 3991 vim
1286 3923 1434 3992 elevantis.

269 4049 331 4113 quo
351 4029 434 4095 nihil
457 4033 505 4095 est
527 4049 547 4094 a
568 4027 791 4094 Demosthenis
813 4032 920 4093 mente
944 4034 976 4094 et
994 4023 1155 4095 ‘sententia
1177 4030 1323 4097 alienius.

314 4233 394 4320 Pag.
427 4233 503 4300 485.
534 4234 561 4300 2.
597 4237 812 4319 ψηφισμάτων
843 4237 868 4301 δ’
899 4236 959 4302 οὐδ’
988 4237 1083 4302 ὁτιοῦν
1107 4238 1298 4321 διοιφέρονσιν
1319 4239 1342 4304 οἱ
1363 4233 1430 4310 νίμοι

263 4337 355 4404 ἀλλὰ
381 4337 563 4420 νεώτεροι
588 4342 613 4406 οἱ
638 4341 720 4422 νόμοι
748 4341 816 4408 κοιί’
841 4339 889 4416 οὓς
913 4342 957 4408 τοὶ
979 4342 1180 4428 indicam
1205 4345 1253 4412 δεῖ
1273 4337 1428 4426 ypipodus
