3034 4970
653 256 719 322 253

365 447 463 516 εἰσόκε
486 471 542 528 τερ
565 444 675 528 Τροίην
699 443 910 527 διαπέρσομεν.

104 558 166 624 κοί·

275 660 344 730 ἔνόοο
369 687 420 728 κεν
441 660 595 741 ὑψίπυλον
616 657 725 741 Τροίην
750 655 817 724 ἕλον
841 655 902 732 υἷες
926 662 1077 744 Ἀχαιῶν.

103 770 166 836 κοί·

275 877 366 960 Τροίη
389 878 420 942 ἕν
445 875 551 957 ειίρείηΙ

105 983 149 1049 κοί
171 987 332 1065 οίλλοοχοῦ.
355 984 404 1048 ἐπὶ
424 981 527 1062 μέντοι
551 979 665 1046 τούτων
682 985 740 1044 τῶν
761 978 812 1047 δύο
836 980 1047 1059 inormem
1072 982 1224 1063 ἐπήνεγκε
1247 982 1282 1048 τδ

104 1088 213 1156 τόλον
237 1091 381 1169 Τροίην
406 1089 497 1167 „tace
521 1084 611 1153 πόλιν
632 1086 759 1168 Τροΐην”
782 1087 833 1153 nal
859 1089 893 1153 τό
917 1091 1001 1166 »ἦτον
1022 1085 1067 1154 ὅτ’
1086 1090 1174 1172 ἀμφὶ
1195 1088 1283 1155 τόλον

104 1197 234 1276 Τροΐην”.

143 1303 332 1369 Rectissime
355 1304 462 1368 omnia
484 1302 562 1367 haee
581 1300 742 1385 disputata
763 1307 837 1367 sunt
855 1306 888 1367 ct
906 1302 989 1368 nihil
1006 1305 1048 1369 iis
1067 1304 1163 1370 obiici
1181 1309 1285 1390 potest

103 1415 217 1494 practer
251 1429 362 1474 unum.
409 1406 501 1486 Τροίη
526 1413 657 1472 nonest
679 1404 801 1472 Graeca
824 1408 936 1473 torma.
979 1409 1065 1475 Satis
1088 1412 1286 1477 ostendimus

101 1517 132 1578 in
152 1515 310 1581 Mnemos.
337 1511 434 1579 1873.
457 1534 532 1600 pag.
558 1510 611 1576 53.
637 1518 669 1577 et
694 1511 746 1576 56.
767 1514 963 1580 adiectivnm
983 1519 1112 1596 Τρώΐος,
1132 1518 1232 1598 Τροίη
1254 1523 1286 1584 et

102 1623 205 1701 Tpdi'ov
231 1621 377 1687 contrahi
400 1622 433 1684 in
457 1617 574 1702 Τρῳίς,
599 1619 685 1701 Τρῳη
707 1624 739 1684 et
757 1619 873 1701 Τρῳόν,
896 1626 928 1685 et
947 1643 986 1687 ex
1005 1627 1112 1688 vetere
1132 1626 1287 1710 scriptura

102 1735 151 1802 τῆς
181 1727 322 1808 ἀρχαίοις
353 1731 601 1808 γρομμοοτοκης,
635 1745 715 1810 quae
742 1724 847 1792 fuerat
879 1736 1057 1806 ΤΡΟΙΕΝ,
1093 1749 1196 1794 errore
1228 1735 1287 1794 τῶν

102 1832 475 1914 μετοχοροκτηροοοίντον
504 1833 554 1898 bis
587 1852 654 1897 esse
683 1835 792 1896 natam
823 1834 973 1904 vitiosam
1003 1832 1174 1900 lectionem
1198 1832 1288 1900 τόνον

9 1943 10 1948 ’
102 1940 203 2019 Τροίην
232 1961 290 2026 pro
323 1939 411 2004 πόλιν
443 1938 559 2018 Τρῳην.
606 1936 696 2016 Quod
728 1939 755 2001 si
783 1939 854 2023 quis
876 1959 989 2004 varum
1014 1961 1079 2005 csse
1103 1943 1287 2027 agnoverit,

101 2067 176 2113 novo
207 2045 354 2130 exemplo
386 2045 549 2129 apparebit
577 2044 646 2107 iure
677 2042 794 2108 dixisse
816 2042 961 2130 lepidum
985 2047 1134 2111 iuvenem
1157 2047 1192 2110 in
1214 2043 1287 2111 Pla·

102 2155 178 2218 tonis
201 2153 278 2237 ch.
303 2172 377 2239 pag.
403 2149 479 2215 596.
503 2168 534 2214 Δ.
559 2147 665 2214 πολλοί
688 2171 733 2213 τοο
757 2147 896 2231 όξοίτερον
919 2151 1099 2228 βλεπόντων
1119 2152 1288 2231 οὶμβλοίτε-

101 2281 142 2336 ρον
164 2260 287 2338 ὁρῶντες
311 2254 445 2337 πρότερον
467 2249 558 2320 εἶδον.

141 2364 189 2432 hx
210 2366 272 2430 hoc
294 2366 396 2451 igitur
420 2361 565 2447 exemplo
589 2363 795 2446 potissimum
819 2367 949 2449 apparet
967 2364 1045 2449 quid
1066 2368 1107 2430 sit
1128 2363 1288 2441 Ζηνόδοτος

102 2470 225 2551 ρροίφεο.
273 2469 344 2534 Una
375 2471 461 2534 enim
496 2473 527 2534 ct
551 2470 747 2534 consentiens
771 2471 917 2535 omnium
940 2469 1096 2536 librorum
1121 2478 1152 2538 ct
1176 2471 1290 2553 διορθώ-

101 2600 169 2640 οεον
199 2577 295 2642 lectio
326 2580 393 2640 crat
424 2573 512 2639 τόκον
545 2577 669 2653 Τροίην,
703 2574 741 2640 de
776 2595 838 2659 qua
873 2576 963 2643 nulla
997 2598 1153 2664 umquam
1186 2579 1290 2645 fflcrat

101 2685 286 2768 cuiusquam
307 2682 464 2747 dubitatio
484 2680 582 2746 donec
603 2682 633 2770 ci
653 2681 855 2746 Aristarchus
875 2687 1123 2750 controversiam
1135 2689 1289 2751 moveret.

101 2787 150 2854 Sic
178 2791 284 2876 igitur
313 2792 345 2852 et
374 2789 410 2875 in
441 2787 572 2852 caeteris
604 2785 765 2860 Ζηνόδοτος
799 2786 916 2869 γροίφεν
941 2789 1024 2855 nihil
1047 2789 1136 2855 aliud
1160 2791 1290 2856 denotat

101 2897 159 2960 nisi
190 2896 273 2960 hanc
304 2913 370 2958 esse
393 2891 562 2980 vulgatam
584 2891 740 2957 librorum
752 2889 783 2979 [a
805 2891 963 2959 Zenodoto
987 2895 1204 2961 adhibitorum
1228 2894 1291 2960 leo·

102 3004 237 3078 tionem,
259 3019 356 3085 quam
375 2998 578 3064 Aristarchus
598 3002 655 3063 aut
675 3018 714 3062 cx
732 2997 920 3064 melioribus
939 2999 1030 3066 libris
1042 3005 1099 3066 aut
1110 3021 1150 3066 ex
1160 3001 1290 3088 ingenio

102 3109 280 3173 correxerit.

142 3212 179 3277 In
201 3211 353 3278 Zenodoti
373 3210 552 3284 οὲόετηοεονν
569 3209 714 3275 multum
733 3210 822 3276 abest
841 3215 879 3274 ut
896 3211 1022 3278 credam
1040 3213 1114 3298 plus
1132 3209 1289 3278 Oriticum

101 3338 155 3384 suo
187 3318 308 3384 iudicio
335 3324 367 3382 et
390 3318 496 3382 sensui
518 3318 646 3382 cuidam
670 3316 797 3402 pulchri
821 3321 853 3380 et
876 3317 979 3384 decori
1001 3320 1169 3403 tribuisse,
1194 3338 1290 3404 quam

101 3422 256 3490 librorum
281 3430 440 3500 veterum,
468 3442 545 3507 quos
569 3422 773 3507 sequebatur,
799 3424 981 3488 auctoritati
1004 3430 1036 3489 et
1058 3425 1252 3490 testimonio.

144 3530 224 3611 Quis
245 3529 369 3607 credat,
394 3534 432 3594 ut
453 3529 513 3594 hoe
537 3549 600 3594 uno
622 3532 710 3605 utar,
739 3526 936 3592 chodotum
960 3531 994 3594 in
1016 3530 1105 3595 Iliad.
1130 3549 1161 3594 s.

144 3635 223 3703 207.
261 3632 349 3711 ἦλθον
374 3635 434 3713 ἐγὼ
459 3635 625 3702 παύσοντος
648 3633 682 3698 τό
706 3632 757 3698 τὸν
780 3632 887 3710 μόνος,
911 3632 939 3697 εί
962 3658 996 3699 κε
1019 3635 1144 3719 τίόηοοο,

144 3739 224 3806 208.
259 3739 421 3822 οὐρανόθεν.
446 3741 501 3821 πρό
526 3739 558 3805 δέ
581 3741 616 3818 μ’
641 3735 693 3814 ἧκε
718 3739 770 3802 lsai
790 3734 980 3811 λευκώλενος
1000 3739 1078 3820 Ἥρη

144 3845 224 3912 209.
258 3845 359 3928 ἄμφω
383 3848 463 3926 ὁμῶς
486 3847 568 3926 όομῷ
594 3843 747 3927 φολόοοοοί
770 3869 806 3909 τε
829 3843 977 3921 κηδομένη
1001 3869 1047 3911 τε.

100 3956 288 4040 expunxisse
312 3954 390 4020 duos
413 3975 522 4019 versus
545 3950 612 4017 208
636 3956 669 4017 et
692 3951 775 4027 209,
795 3953 885 4038 quasi
905 3953 1022 4018 inesset
1041 3957 1097 4017 aut
1115 3952 1150 4017 in
1168 3961 1291 4021 sentcn-

100 4063 145 4127 tia
177 4061 299 4147 aliquid
330 4065 385 4124 aut
414 4063 449 4124 in
476 4061 596 4143 verbis,
628 4078 689 4143 quo
712 4060 868 4142 potuisset
891 4055 1025 4124 offendit
1059 4057 1131 4123 Non
1154 4061 1287 4146 reperit,

100 4167 214 4244 credo,
245 4169 279 4232 in
310 4164 401 4232 libris
433 4164 651 4250 compluribus
679 4185 777 4250 eoque
798 4163 1004 4250 interpolatos
1026 4185 1092 4230 esse
1114 4170 1292 4252 suspicatus

101 4277 158 4338 est.
208 4271 338 4338 Invicto
354 4276 543 4359 argumento
567 4271 731 4357 genuinos¹
745 4290 811 4335 esse
836 4270 1064 4336 demonstrarit
1089 4271 1292 4338 Aristarchus

101 4379 140 4443 ad
163 4399 214 4445 vs.
238 4377 312 4442 216.
354 4427 357 4432 .
