3026 4970
655 229 722 302 263

319 423 351 487 οὐ
376 422 439 504 γὰρ
461 423 569 505 σφῷν
592 446 632 498 γε
656 421 743 501 γένος
769 423 916 490 talanat
939 429 1062 503 reatae.

108 531 277 594 annotatur:
307 529 400 609 χωρὶς
425 532 479 594 τοῦ
503 539 516 593 1
543 531 560 604 ἡ
585 535 711 610 σφῶν,
738 531 776 600 cle
802 529 987 614 ’Λρίςοιρχος
1014 571 1056 582 -
1082 534 1221 606 inianter
1247 536 1278 600 δὲ

109 631 278 714 Ἀρίτοιρχοο
303 635 509 710 ἀθετουμένων
533 641 590 698 τῶν
615 635 713 714 elgar
737 634 788 699 κοι1
814 635 887 702 ἄνευ
911 644 964 702 τοῦ
988 649 1000 702 Ι
1022 638 1107 703 aiace
1128 645 1182 713 τὴν
1202 665 1278 722 ypa-

107 742 159 820 Φθν
188 738 234 804 ina
264 743 316 804 κοι1
340 747 428 804 τοῦτο
453 740 525 818 πρὸς
549 740 603 812 τὴν
628 741 769 812 altianum
794 743 957 824 nantilla.
1004 746 1177 810 Aristonici
1199 747 1277 811 haec

106 851 178 910 sunt.
241 846 402 933 Didymus
436 847 543 912 addit:
579 847 792 926 τοονθετοῦντο
826 849 879 912 ani
916 851 1002 930 τοιοθι
1037 851 1187 933 Ζηνοδθτῳ
1223 855 1276 918 nni

104 951 300 1032 Ἀριςοφοθνει.
334 950 370 1017 nl
400 976 436 1016 τε
464 952 526 1032 γὰρ
563 961 699 1018 ΕΦΩΙΝ
733 955 795 1033 οὐχ
829 959 1000 1034 Ὁμηρικῶς
1035 957 1277 1036 μονοονλιιθβος

103 1056 235 1137 ἐξηνέχθη
260 1056 279 1123 i
298 1082 332 1122 τε
357 1055 478 1130 ἔπαινος
503 1064 561 1122 τῶν
585 1057 655 1123 utel
678 1059 732 1123 οὐκ
756 1060 941 1136 alemaniae.
990 1062 1027 1128 In
1050 1062 1100 1128 his
1124 1064 1208 1149 quod
1228 1063 1278 1128 fir·

102 1164 275 1228 missimum
300 1169 527 1252 argumentum
557 1183 623 1228 esse
646 1165 775 1230 videtur
796 1166 977 1232 invalidum
1002 1173 1066 1234 est:
1091 1172 1119 1233 si
1141 1173 1226 1250 σφῶϊ
1247 1175 1280 1236 et

104 1272 151 1333 nii
177 1268 317 1336 Homero
348 1275 381 1335 et
411 1268 481 1352 οφῴ
512 1275 544 1336 et
567 1265 604 1350 νῷ
628 1275 800 1355 potuerunt
822 1292 949 1350 sonare,
973 1277 1045 1358 quis
1066 1295 1160 1339 sanus
1183 1283 1280 1364 neget

102 1374 201 1439 eodem
231 1378 300 1440 iure
328 1378 432 1456 σφῶϊν
455 1377 490 1438 in
513 1377 600 1455 σφῷν
625 1377 768 1441 contrahi
791 1375 951 1462 potuisset
974 1381 1008 1442 in
1029 1384 1119 1446 tanta
1141 1403 1279 1467 praeser-

101 1481 155 1543 tim
175 1481 406 1546 eiusdemmodi
428 1481 512 1565 apud
535 1479 716 1546 Homerum
740 1481 932 1562 οονοιιρθοεον
955 1485 1140 1570 frequentia.
1166 1487 1278 1555 Sintne

102 1589 200 1650 autem
221 1593 286 1653 tres
306 1607 434 1656 versus,
457 1606 535 1671 quos
554 1589 700 1652 unanimi
719 1608 871 1653 consensu
889 1595 953 1654 tres
973 1589 1086 1657 Oritici
1105 1593 1275 1672 ὥβέιιιοοιν,

103 1694 323 1758 accommodati
355 1693 395 1758 ad
417 1692 479 1757 loci
502 1699 649 1758 naturam
675 1698 707 1758 et
730 1701 957 1780 argumentum
981 1718 1021 1761 an
1042 1719 1105 1763 non
1127 1702 1191 1764 sint
1214 1701 1277 1765 alia

102 1801 231 1879 quaestio
264 1804 312 1864 est
340 1801 386 1864 ita
417 1801 585 1864 coniuncta
615 1820 690 1864 cum
719 1802 873 1885 cuiusque
902 1805 1058 1868 sententia
1092 1804 1130 1869 de
1159 1806 1274 1871 horum

102 1905 268 1968 carminum
299 1907 422 1992 origine
453 1910 485 1970 et
515 1905 751 1971 conservatione
782 1911 815 1972 et
844 1911 1089 1993 compositione,
1114 1916 1153 1975 ut
1175 1914 1275 1976 satius

101 2010 138 2072 sit
158 2009 234 2074 hanc
257 2013 505 2078 controversiam
529 2031 568 2076 ex
591 2031 648 2076 suo
672 2015 786 2098 cuique
809 2013 927 2079 iudicio
950 2016 1162 2082 dirimendam
1181 2016 1275 2082 relin-

100 2133 201 2197 quere,
231 2119 340 2203 itaque
370 2119 408 2190 ὣς
440 2115 549 2191 itenere
582 2118 689 2183 ἐοιντὸν
719 2120 813 2184 πείθει
845 2117 937 2194 οὕτως
973 2121 1090 2201 ἐχέτω·
1126 2123 1177 2188 τὸν
1212 2125 1275 2205 γὰρ

99 2219 293 2300 ἀντιλέγοντα
324 2222 377 2288 ani
403 2227 621 2306 φιλονικοῦντα
644 2223 755 2288 πείθειν
780 2224 809 2290 ἔν
832 2249 870 2304 γε
895 2233 958 2300 τοῖς
978 2229 1121 2302 τοιούτοις
1143 2233 1274 2312 μηχανή

99 2323 279 2410 terentiani
304 2379 311 2395 .

653 2643 707 2716 lt.

570 2867 785 2924 nuruum.

138 3066 266 3136 Homeri
297 3069 405 3134 Hditio
437 3087 455 3132 a
485 3066 630 3133 Bekkero
662 3074 771 3134 curata
800 3069 927 3135 Bonnae
960 3065 1048 3132 1858
1079 3089 1273 3157 quamquam

92 3171 276 3262 languidum
300 3195 336 3240 ac
355 3173 452 3239 senile
472 3195 568 3260 opus,
591 3175 650 3240 hoe
669 3181 777 3240 tamen
796 3173 891 3240 habet
909 3181 1033 3260 praeter
1055 3180 1177 3242 caetera
1202 3180 1273 3246 boni

93 3286 129 3345 ut
158 3287 318 3368 antiquam
348 3281 479 3369 linguae
507 3281 697 3347 Homericae
727 3282 855 3346 literam
887 3287 1111 3364 hammum
1133 3290 1274 3350 vetustate

91 3399 120 3451 et
151 3390 326 3472 negligentia
348 3389 484 3473 perierat
514 3387 687 3452 admirabili
716 3387 851 3451 Bmtleii
879 3387 1042 3466 acaecitate
1069 3387 1105 3448 ab
1129 3388 1275 3455 obliuione

89 3496 282 3560 vindicatam'
306 3517 345 3560 ex
368 3494 464 3582 longo
489 3493 584 3558 exilio
606 3493 735 3558 tandem
758 3495 792 3557 in
813 3492 987 3557 Homerica
1010 3495 1151 3557 carmina
1173 3495 1274 3561 idest

88 3602 124 3664 in
155 3605 313 3687 antiquam
344 3602 481 3686 patriam
511 3600 672 3664 reduxerit
703 3620 777 3664 cum
808 3598 988 3663 incredibili
1013 3603 1043 3663 et
1066 3603 1218 3666 sermonis
1241 3608 1274 3667 et

86 3709 183 3772 metri
208 3707 373 3774 Homerici
396 3703 622 3770 emolumento.
670 3701 770 3770 Oautc
794 3704 967 3768 admodum
991 3709 1022 3769 et
1046 3706 1273 3792 circumspecte

85 3811 248 3878 Beklrerus
278 3815 313 3876 in
344 3833 381 3876 ea
410 3832 443 3876 re
473 3816 617 3876 versatus
648 3815 710 3879 est.
744 3810 799 3875 sed
828 3812 928 3875 satius
952 3815 999 3875 est
1022 3812 1128 3894 ipsum
1154 3814 1271 3880 audire.

86 3918 229 3995 „Iledani
259 3919 421 3999 digamma,
454 3919 574 4001 inquit,
607 3919 661 3980 aed
689 3923 830 4000 qnantum
855 3923 989 3998 poteram
1010 3923 1038 3980 et
1061 3917 1168 3981 licebat
1191 3927 1274 3984 eante

82 4025 315 4110 pedetentimque
344 4024 468 4100 reduci,
499 4024 552 4086 ced
582 4023 616 4086 in
646 4025 742 4087 aedem
773 4022 880 4085 neelami
901 4045 995 4095 enam,
1015 4025 1165 4105 proditam
1188 4025 1272 4088 illam

84 4129 256 4214 manifestis
278 4130 424 4214 cecitatis,
448 4151 506 4192 nnn
530 4136 659 4212 optatam
681 4128 821 4212 enpidene
844 4127 1020 4211 creantem’.
1070 4130 1218 4194 Arduum
1243 4138 1275 4195 et

83 4256 203 4320 anceps
223 4240 390 4325 negotium
413 4240 462 4301 est
485 4241 518 4300 et
539 4235 733 4320 periculosae
756 4234 889 4321 plenum
912 4254 991 4320 opus
1014 4233 1110 4300 aleae.
1158 4233 1221 4314 oui
1240 4239 1275 4299 in

83 4341 229 4409 Homero
259 4343 377 4410 edendo
407 4339 531 4408 nullam
559 4346 613 4407 τοῦ
638 4341 790 4422 ltyanna
814 4343 970 4408 rationem
992 4341 1112 4406 habent
1133 4339 1275 4412 levitatis
