3034 4970
822 253 889 322 244

445 440 524 511 ὅσσα
546 445 571 509 οί
596 442 777 523 ἐγγυάλιξα
801 443 963 523 κυνώπιδος
987 448 1088 516 εἵνεκα
1112 450 1229 532 κούρας.

259 552 363 636 ροντ’,
394 554 433 615 ut
448 549 569 638 ¹rides,
600 551 643 616 rat
670 547 741 616 ἕδνα
766 551 912 630 dederat,
938 576 1014 644 crgo
1038 561 1071 622 et
1094 582 1113 620 ο
1129 564 1219 640 patre
1240 558 1361 642 reposcit
1379 578 1428 623 non

262 658 404 722 facimus
423 657 451 721 si
470 675 507 721 ea
525 675 608 723 nova
625 659 741 722 coniux
758 679 816 743 pro
834 660 908 726 dote
928 661 969 726 ad
987 665 1144 728 maritum
1163 662 1335 729 attulisset.
1362 661 1428 743 Quid

230 755 234 760 ’
261 763 418 829 attinebat
440 782 690 828 commemorare
711 762 808 831 Iliad.
833 775 874 831 A.
900 765 978 832 243.
1001 769 1147 856 ingentia
1169 772 1276 855 sponsi
1298 769 1387 842 dona:

904 879 906 883 ’
1018 874 1125 940 πολλοὶ
1147 874 1173 939 δ’
1196 874 1289 940 ἔδακε

396 976 485 1054 πρῶθ’
509 974 619 1040 ἑκατὸν
641 973 717 1052 βοῦς
740 974 849 1060 δῶκεν,
874 975 985 1044 ἔπειτα
1009 979 1040 1046 δὲ
1060 979 1142 1062 χίλι’
1167 979 1286 1059 ὑπέςιρ,

395 1077 493 1160 αἶγας
518 1081 592 1159 ὁμοῦ
616 1079 669 1146 καί
693 1078 756 1157 ὄϊς,
779 1079 822 1146 τοί
846 1084 872 1148 οί
896 1080 1024 1150 ἄσπετοι
1046 1087 1253 1164 ποιμαίνοντο.

259 1193 288 1257 si
311 1210 349 1255 ea
371 1190 479 1256 omnia
500 1189 611 1252 statim
635 1208 709 1252 cum
733 1208 831 1254 uxore
854 1189 894 1254 ad
915 1212 990 1256 eum
1011 1191 1153 1257 reditura
1171 1189 1327 1258 fuissent?
1347 1187 1428 1256 Nulla

260 1302 309 1362 est
339 1294 497 1360 dubitatio
529 1295 607 1378 quin
637 1293 713 1358 haec
745 1314 869 1379 quoque
899 1296 1037 1362 formosa
1066 1297 1175 1381 puella
1206 1318 1270 1362 non
1294 1297 1365 1380 ribi,
1385 1293 1428 1359 sed

253 1401 341 1487 patri
363 1422 431 1476 ινο,
455 1400 552 1464 fuerit
575 1400 780 1480 αλφεσίβοια.
815 1400 885 1466 Iam
905 1402 1043 1487 reliquos
1062 1402 1197 1469 Homeri
1217 1402 1302 1469 locos
1321 1402 1428 1486 inspici·

259 1523 369 1574 amus:
401 1505 626 1594 Agamemnon
658 1505 779 1571 Achilli
808 1513 845 1572 ut
876 1509 911 1572 in
941 1511 1055 1596 magni
1083 1508 1228 1575 beneficii
1254 1509 1323 1575 loco
1344 1507 1428 1572 filiam

149 1621 154 1648 ¹
257 1612 392 1681 ανίεδνον
422 1612 605 1698 pollicetur3
633 1609 836 1698 Othryoneus
860 1634 879 1678 a
900 1612 1031 1680 Priamo
1054 1617 1226 1699 paciscitur
1252 1614 1428 1691 Κασσίοδρνν

255 1719 408 1802 ανίεδνον,
441 1719 470 1782 si
499 1717 605 1783 hostes
636 1718 675 1782 ab
707 1716 768 1783 llio
796 1718 975 1804 repulisset.
1024 1720 1109 1802 Quid
1133 1727 1215 1786 esset
1238 1743 1275 1787 ea
1294 1743 1327 1787 re
1348 1720 1428 1786 sordi·

256 1826 328 1892 dius
346 1826 563 1909 abiectiusque
586 1825 682 1888 sisic
705 1845 781 1888 πονο
804 1832 898 1908 napta
921 1828 987 1891 suis
1010 1822 1101 1900 ἕδνοις
1128 1825 1336 1913 spoliaretur?
1377 1824 1427 1890 Sed
1500 1841 1501 1844 ’

255 1934 477 2020 Agamemnon
502 1928 586 1994 nihil
609 1929 669 1993 eibi
692 1930 760 1995 dari
782 1929 941 2014 postulat,
966 1936 998 1997 et
1022 1919 1230 2018 Othryoncus
1245 1938 1294 1999 sat
1316 1933 1426 1996 Priamo

255 2060 313 2125 pro
342 2036 410 2102 filia
440 2036 552 2102 datum
581 2035 703 2100 iudicat
733 2039 760 2101 si
790 2058 865 2104 eum
887 2036 999 2102 hostili
1021 2043 1112 2104 matu
1134 2038 1308 2105 liberasset.
1353 2035 1426 2118 Quod

257 2145 297 2210 ad
319 2143 510 2210 Nausicaam
533 2141 612 2206 dicit
634 2140 782 2229 Ulysses:
1007 2132 1008 2135 ¹

462 2243 492 2318 tr
518 2245 552 2312 κέ
576 2250 604 2312 τ’
628 2247 749 2314 ἐέδνοισι
774 2250 887 2329 βρίσας
912 2245 1019 2316 οἶκόνδ’
1044 2249 1224 2329 οὶγοίγκται.

254 2376 318 2422 non
340 2352 517 2440 significat:
544 2357 621 2440 „qui
644 2360 676 2421 te
700 2355 790 2421 donis
814 2363 965 2420 oneratam
989 2357 1122 2424 domum
1141 2357 1294 2441 duxerit',
1315 2357 1365 2423 sed
1381 2355 1425 2440 qui

254 2463 345 2528 donis
375 2459 513 2545 reliquos
543 2481 654 2546 procos
690 2465 886 2546 superaverit
921 2483 1031 2528 omnes
1066 2483 1164 2548 eoque
1198 2464 1296 2542 fuerit
1328 2464 1423 2549 potior.

251 2568 345 2645 Esto,
371 2566 487 2631 dixerit
510 2565 643 2652 aliquis,
667 2572 716 2632 est
739 2566 797 2632 illa
819 2569 1039 2653 interpretatio
1062 2574 1194 2634 naturae
1218 2588 1384 2658 congruens
1399 2568 1424 2630 ct

252 2674 348 2739 refcrt
378 2674 579 2757 antiquitatis
609 2694 733 2739 morem
763 2679 795 2739 ct
826 2673 982 2753 colorem,
1015 2675 1211 2759 quadratque
1242 2678 1275 2740 in
1306 2679 1424 2740 caeteros
1499 2727 1500 2770 ἐ

254 2800 363 2846 omues
386 2799 464 2864 quos
487 2782 663 2865 apposuisti
684 2779 784 2856 locos,
810 2779 865 2845 sed
888 2780 966 2866 quid
989 2780 1143 2846 faciemus
1164 2780 1300 2848 Homeri
1320 2781 1423 2848 verbis:

501 2880 537 2956 ὥς
562 2883 593 2948 κ’
616 2885 711 2957 αὑτδς
744 2883 985 2951 ἐεδνώσαιτο
1017 2885 1168 2967 θύγατρα.

251 3013 354 3059 nonne
384 2991 419 3055 id
450 2994 514 3055 est:
547 2986 582 3054 ἵν’
614 2990 708 3061 αὐτὸς
734 2991 748 3054 ί
776 2992 878 3070 πατὴρ
903 3000 1019 3057 ΔΟΤΟ
1043 2988 1114 3057 ἕδνα
1136 2993 1192 3066 τὴν
1215 2992 1368 3074 θυγατέρα
1387 2989 1423 3052 ε’κ-

253 3095 338 3172 δοίνί
381 3095 439 3162 list
462 3095 538 3160 baec
563 3093 707 3182 vulgaris
730 3094 828 3160 huius
850 3095 914 3162 loci
937 3099 1174 3181 interpretatio,
1199 3118 1280 3182 quae
1303 3104 1333 3164 et
1353 3100 1424 3162 rete

157 3279 165 3296 ¹
252 3204 342 3269 ribus
365 3202 513 3268 omnibus
536 3199 672 3287 placuit:
699 3201 875 3266 ἐεδνώσαιτο
900 3205 986 3268 enim
1008 3205 1259 3287 interpretantur
1282 3225 1346 3270 esse
1365 3198 1423 3264 ἕδνα

254 3309 409 3381 ἐπιδώσει,
441 3305 672 3387 αποπροικίσει,
705 3307 861 3386 χρήματα
895 3308 990 3373 δώσει,
1038 3307 1126 3373 Audi
1147 3313 1180 3373 et
1202 3308 1421 3375 Aristarchum:

253 3414 357 3495 κυρίως
381 3411 438 3490 μὲν
469 3409 562 3477 έδνα
593 3411 637 3480 ἐς)
663 3411 706 3476 rol
732 3411 874 3491 διδόμενα
900 3414 956 3477 ὑπὸ
981 3417 1033 3478 τοῦ
1055 3417 1232 3491 γαμοῦντος
1258 3425 1296 3497 τῇ
1318 3433 1422 3492 γαμον·

252 3521 344 3602 μένρ,
376 3525 467 3582 NTN
500 3516 530 3581 δέ
563 3523 803 3597 καταχρκςικῶς
835 3525 937 3585 κεῖται
969 3519 986 3592 ἡ
1010 3517 1093 3595 λέξις
1118 3519 1187 3583 olari
1212 3525 1266 3585 τοῦ
1288 3520 1422 3600 χρήματα

253 3627 456 3691 ’embolia
503 3621 599 3688 Vides
631 3620 790 3689 Griticum
821 3626 856 3689 in
887 3626 1051 3712 angustias
1073 3625 1237 3692 redactum
1261 3627 1379 3693 haerere
1397 3623 1423 3685 ct

253 3731 400 3796 sibinen
423 3733 575 3795 constare.
610 3727 647 3792 In
672 3730 802 3795 caeteris
826 3730 974 3795 omnibus
997 3729 1031 3794 rt
1056 3729 1187 3806 διηνεκές
1212 3737 1245 3798 et
1265 3737 1351 3799 acute
1367 3747 1423 3815 per
1498 3719 1499 3796 ί

253 3838 348 3924 spicit
370 3840 403 3900 et
425 3839 550 3900 strenua
573 3835 726 3900 vindicat.
766 3834 920 3913 Φίβεσίαι
943 3858 1055 3920 semper
1077 3843 1125 3902 est
1147 3836 1279 3919 φεύγειν
1300 3843 1330 3904 et
1349 3832 1423 3916 βίλ·

253 3959 317 4008 λειν
348 3941 460 4004 emtam
480 3940 587 4026 ferire
616 3944 649 4005 ct
678 3939 828 4021 μοίχαιρα
861 3943 956 4006 culter
990 3947 1022 4006 et
1056 3949 1147 4019 σῶμα
1180 3947 1315 4010 cadaver.
1358 3941 1424 4021 Quia

249 4034 378 4117 ferreti
395 4051 485 4123 σῶμα
516 4044 620 4125 κυρίως
651 4048 708 4122 μὲν
738 4045 772 4111 τδ
804 4051 911 4128 ψυχῆς
942 4047 1129 4127 έςεριρμένον,
1165 4058 1257 4116 ΝΤΝ
1283 4050 1312 4116 δὲ
1335 4067 1424 4114 κατα-

252 4157 419 4241 χριρςικῶς
436 4152 471 4218 rt
501 4149 667 4235 ἔμψυχονί
708 4152 772 4218 Sed
795 4155 977 4219 etiamnunc
1001 4153 1200 4220 admirabilis
1223 4155 1349 4245 linguae
1369 4149 1425 4216 Ha

252 4261 389 4328 maricae
419 4259 595 4323 constantia
625 4257 667 4323 τα
701 4258 785 4323 αὐτοὶ
812 4259 879 4340 περὶ
904 4265 961 4324 τῶν
986 4260 1086 4326 αὐτῶν
1110 4261 1242 4337 τιίείσιρς
1268 4257 1423 4350 apparebit

253 4367 267 4432 d
292 4363 394 4444 πατὴρ
418 4363 570 4428 εἐδνοῦται
594 4364 649 4437 aaa
672 4363 829 4443 θυγατέρα
852 4370 899 4430 est
922 4366 937 4430 ὃ
961 4367 1064 4446 πατὴρ
1088 4367 1155 4449 περί
1180 4375 1240 4434 τῶν
1262 4365 1359 4443 έδνυν,
1377 4357 1423 4439 ἔφ’
