3080 4972
836 224 880 294 54

265 416 430 486 Sententia
471 420 533 486 fert
574 419 607 484 ού
651 425 714 490 τοῖς
757 420 984 497 παρανομοῦσιν
1018 417 1251 496 ἐπετιμήσατε,
1286 415 1372 502 (orig)
1402 410 1438 480 ύτι

267 527 350 602 δίκην
386 525 473 614 (παρ’
506 527 606 590 αὐτῶν
633 521 802 605 ἕλύβετε),
835 521 924 589 οὶλλού
955 524 1020 588 κτέ.
1069 523 1227 589 Fecialem
1254 524 1372 590 violare
1391 525 1440 587 im-

266 635 358 719 pium
390 638 438 698 est
469 632 603 697 facinus.
646 630 758 715 ltaque
789 634 974 716 personatus
1003 629 1175 714 Philippus
1206 631 1310 696 dicere
1333 631 1439 716 potuit:

266 763 318 804 σοι
339 740 418 805 tanti
439 739 560 804 sceleris
582 744 716 802 οηούοτοο
738 757 798 802 acc
820 736 1066 820 reprehendatis,
1089 751 1333 820 nuncupemus
1357 737 1389 800 dc
1409 733 1441 796 οἰί

265 845 425 925 εαηιιύούιλι,
451 847 505 910 scd
526 845 614 910 ούιάνο
638 847 696 908 cet.
722 843 777 908 sed
799 847 837 908 ut
859 844 894 907 in
917 843 1055 908 tenebris
1074 843 1158 908 nihil
1178 847 1257 909 certi
1278 844 1440 929 dispicitur.

309 1059 388 1145 Pag.
425 1054 501 1122 159.
536 1055 586 1120 10.
621 1053 782 1129 Διοπείθης
814 1054 964 1133 ἐμβαλὼν
995 1055 1038 1126 εἷς
1069 1056 1124 1129 την
1155 1054 1259 1137 χύροιν
1291 1055 1443 1136 Κρωβύλην

265 1165 322 1243 μὲν
355 1163 407 1228 καὶ
440 1165 495 1238 την
525 1161 685 1240 Τιρύτασιν
717 1158 1009 1240 ἐξηνδραποδίσατο,
1036 1160 1093 1233 την
1118 1159 1149 1224 δὲ
1172 1172 1310 1241 προσεχῆ
1335 1162 1443 1246 Θρύιιηι

267 1268 441 1349 ἐπόρθησεν.
496 1267 635 1332 Mirifice
672 1286 775 1332 errore
809 1263 961 1330 Reishius
994 1286 1051 1350 pro
1086 1266 1253 1346 Κρωβύλην
1289 1267 1444 1353 reponebat

267 1375 421 1454 Καβύλην
452 1396 491 1441 cx
512 1374 727 1440 Demosthene
749 1393 823 1459 pag.
850 1371 925 1437 100.
950 1370 1004 1436 22.
1030 1374 1244 1459 incogitantes
1266 1372 1442 1460 oppidulum

265 1471 301 1546 in
332 1480 439 1546 media
466 1480 602 1546 Thracia
622 1479 718 1566 longo
742 1478 892 1543 dissitum
915 1478 950 1542 in
974 1477 1080 1542 sedem
1105 1478 1335 1545 alienissimam
1358 1486 1444 1544 trans

266 1587 378 1652 ferens.
413 1586 583 1672 Diopithcs
601 1607 640 1652 ex
660 1581 853 1650 Chersoneso
873 1583 1062 1670 aggreditur
1078 1584 1231 1670 oppidula
1250 1584 1445 1671 quaedamin

265 1695 412 1779 proxima
435 1692 579 1758 Thracia.
607 1695 623 1768 η
644 1690 804 1771 Τιρύςασις
826 1690 884 1754 ubi
903 1692 966 1754 sita
985 1690 1082 1755 fuerit
1102 1690 1185 1756 clare
1205 1692 1298 1758 dccet
1317 1691 1445 1778 Scylccis

266 1798 432 1879 περίπλοος
458 1820 525 1885 cap.
551 1796 603 1864 67.
629 1797 714 1876 μετὰ
738 1795 768 1860 δὲ
793 1796 847 1869 την
871 1793 1051 1875 Χερρόνησον
1079 1796 1247 1882 (orientem
1266 1802 1388 1882 versus)
1407 1794 1444 1862 εἰὶ

269 1907 390 1990 Θρᾴκια
420 1905 514 1985 τεύχη
548 1905 641 1970 τύδε·
675 1910 789 1984 πρῶτον
813 1904 917 1976 neceb
941 1903 1043 1980 οὶκτη,
1068 1903 1263 1984 Τιιρύςασιρ,
1289 1904 1443 1984 Ἡράκλειοι

266 2012 333 2079 uri.
372 2008 510 2076 Castella
532 2011 609 2076 baec
632 2014 706 2076 sunt
731 2008 867 2096 (τείχη),
891 2029 954 2073 non
977 2009 1081 2074 urbes.
1116 2008 1228 2094 Itaque
1251 2011 1445 2075 manifestum

269 2122 316 2182 est
338 2120 392 2192 την
418 2118 586 2197 Κρωβύλην
607 2136 730 2201 quoque
754 2115 851 2179 fuisse
875 2113 1042 2179 castellum
1064 2117 1094 2178 ἐν
1118 2124 1156 2196 τῇ
1176 2116 1355 2194 Προποντίδι
1373 2119 1445 2180 inter

268 2224 389 2296 Λευκὴν
424 2224 521 2295 οὶκτύν
556 2228 588 2287 et
627 2225 681 2296 την
720 2223 892 2300 Τιρύςασιν.
947 2219 1069 2286 Iterum
1100 2243 1234 2306 quaero,
1268 2222 1351 2288 unde
1378 2221 1445 2286 haec

266 2330 485 2394 minutissima
514 2329 611 2393 homo
640 2330 721 2394 scire
742 2329 848 2412 potuit
870 2329 933 2392 nisi
958 2328 993 2392 ἐκ
1015 2334 1074 2392 τῶν
1099 2329 1286 2406 Θεοπόμπου
1311 2339 1445 2394 Φιλιππι·

267 2441 345 2513 κῶν,
366 2455 462 2520 quem
483 2436 518 2498 in
540 2433 599 2499 tali
621 2455 655 2498 re
676 2435 774 2498 etiam
792 2435 826 2497 in
844 2435 1043 2499 tenuissimis
1062 2434 1348 2522 diligentissimum
1359 2435 1445 2499 fuisse

267 2543 345 2606 satis
368 2562 408 2606 ex
431 2541 621 2628 fragmentis
645 2537 888 2626 cognoscimus?

314 2751 394 2841 Pag.
428 2751 503 2818 159.
538 2749 592 2819 10.
627 2752 679 2817 καὶ
711 2756 817 2818 ταῦτα
848 2752 890 2832 τῷ
923 2751 1008 2834 δύριῳ
1035 2755 1283 2820 εύδοκοῦντοι
1307 2755 1446 2829 ε’πούηοεν.

269 2857 307 2925 In
335 2859 427 2925 libris
457 2865 504 2924 est
533 2855 568 2925 εύ
598 2859 755 2927 δοκοῦντα.
803 2858 972 2924 Plebeium
999 2881 1035 2925 ac
1059 2863 1223 2929 novicium
1246 2862 1374 2927 εύδοκεῖν
1395 2860 1447 2924 Ρο-

267 2966 357 3053 lybio
388 2970 421 3032 et
450 2965 613 3030 similibus
643 2964 851 3050 scriptoribus
875 2964 1130 3050 relinquendum.
1179 2966 1263 3046 Quid
1288 2972 1336 3032 cst
1358 2968 1449 3054 igitur

267 3069 463 3160 legendum?
494 3072 545 3136 καὶ
577 3077 684 3138 ταῦτα
715 3072 757 3152 τῷ
788 3068 873 3150 δήμῳ
907 3073 1138 3136 ΟΤΝδοκοῦντα
1170 3072 1321 3145 ἐποίησεν.
1368 3068 1449 3138 Nihil

266 3177 496 3265 propemodum
518 3179 651 3244 interest
676 3179 761 3242 inter
782 3160 832 3244 (ᾗ
853 3181 885 3242 et
907 3186 971 3242 ΕΤ.
997 3177 1155 3243 Σννδοκεῖν
1175 3181 1211 3243 in
1230 3178 1449 3245 talirenotum

267 3306 303 3350 ao
331 3283 486 3370 frequens.
534 3283 671 3348 Perinde
702 3288 750 3348 est
782 3283 982 3348 συνδοκοῦντα
1014 3289 1046 3350 ct
1078 3267 1305 3365 σοιαρέσιιοντοι
1336 3303 1447 3372 ponere.

266 3391 394 3456 Dicitur
427 3389 595 3475 Diopithcs
625 3389 703 3454 haec
734 3392 842 3456 omnia
873 3390 990 3476 populo
1022 3393 1214 3457 assentiente
1246 3397 1278 3456 et
1308 3391 1449 3479 probante

269 3517 474 3562 commrsrsse.

314 3706 394 3796 Pag.
436 3703 511 3774 159.
553 3707 607 3774 20.
645 3707 817 3790 Μεγαρέων
849 3713 923 3788 νοῦν
957 3705 1187 3789 Ἀνύερούκριτον
1219 3708 1386 3776 οὶνελύντων
1415 3705 1448 3774 εἷς

268 3819 357 3880 τοῦτο
400 3816 543 3890 ε’λύλνύεν
587 3815 601 3878 d
644 3815 739 3894 δῆμος
776 3813 833 3884 trs
869 3816 1020 3896 μνςηρύων
1056 3817 1113 3892 μὲν
1148 3815 1292 3896 εἵργΕΙΝ
1328 3816 1447 3885 αύτούς,

269 3918 499 3998 ὑπομνύμαΤΑ
539 3922 570 3986 δὲ
610 3930 665 3997 τῆς
709 3923 831 3994 ούδικύας
863 3924 1079 3988 ”ecTHCAN
1114 3922 1281 4003 ούνδριύντα
1314 3924 1369 4004 πρὸ
1402 3922 1450 3984 rav

269 4035 381 4094 πυλῶν.
423 4027 560 4093 ,Rectius
584 4023 715 4108 εἷργΟΝ
738 4035 776 4094 ut
799 4027 931 4107 ἔτηοαν,
956 4034 988 4094 et
1010 4032 1056 4094 sic
1079 4011 1159 4094 solet
1182 4035 1306 4108 noster,
1326 4035 1363 4094 ut
1384 4022 1447 4092 160.

268 4135 298 4201 8.
332 4131 388 4204 ύςε
422 4134 474 4198 κού
507 4136 580 4214 πρὸς
611 4134 663 4201 τὸν
696 4134 812 4214 Πέρσην
835 4135 981 4216 πρέσβεις
1005 4134 1223 4203 ούπεςούλκατε.
1250 4142 1282 4202 et
1308 4134 1379 4200 106.
1404 4127 1446 4194 14.

267 4240 325 4310 ύςε
357 4242 429 4321 πρὸς
464 4241 573 4306 ἐκεῖνον
606 4240 801 4320 διαλέγεσύθ
834 4241 967 4330 (optime
998 4242 1161 4308 Dobracus
1194 4243 1282 4309 dedit
1311 4261 1365 4328 pro
1393 4237 1447 4300 δια·

268 4348 457 4438 λέγεσύΛΙ).
