3086 4968
678 261 743 334 475

120 451 209 520 Nunc
233 473 355 539 quoque
378 454 592 533 πρυτανεύσας
614 455 700 521 idem
724 458 789 524 fere
812 468 860 522 est
883 457 968 542 quod
989 456 1161 538 iteratim,
1184 463 1217 525 in
1241 482 1303 547 quo

120 562 203 624 notio
225 563 278 625 τοῦ
304 560 414 633 πείσας
439 563 504 626 iam
529 563 621 626 inest.

161 768 239 856 Pag.
271 767 347 835 202.
383 768 435 833 16.
469 769 523 834 έίιν
554 769 598 834 rol
620 768 742 847 μεταξύ
765 795 812 846 τις
836 773 963 855 ἐγχειρῇ
988 771 1092 852 λέγειν
1118 783 1189 839 ΚΑΙ
1215 778 1302 854 ὑμεῖς

120 875 161 950 μη
189 874 368 952 περιμένητε
399 876 527 959 μαθεῖν,
555 896 611 960 pro
634 877 689 940 καί
711 879 745 940 in
769 877 931 942 Prooemiia
954 899 1028 965 pag.
1057 877 1154 944 1424.
1179 878 1209 946 7.
1233 885 1303 962 (ubi

120 978 169 1042 hic
190 979 278 1045 loeus
302 981 504 1064 describitur)
530 979 552 1046 S
576 981 704 1047 exhibet
728 1007 832 1058 κατα,
858 986 973 1049 caeteri
997 984 1049 1049 καὶ
1074 987 1172 1052 ταῦθ’.
1220 988 1326 1054 Bet·

119 1084 182 1150 ker.
217 1091 251 1150 et
280 1086 423 1152 Dindorf.
455 1083 540 1168 κρῖτα
572 1089 658 1164 ὑμεῖς
688 1089 860 1162 dederunt,
884 1094 989 1155 orator
1013 1093 1080 1175 ipse
1104 1087 1172 1173 κᾷθ’
1203 1092 1301 1171 ὑμεῖς.

121 1199 353 1257 ΚΛΙΘΤΜΕΙΟ
376 1192 529 1259 facillime
552 1196 597 1258 sic
621 1197 780 1280 corrumpi
804 1198 919 1280 potuit.

160 1400 239 1488 Pag.
265 1401 340 1468 208.
369 1401 398 1470 7.
428 1401 472 1470 ’έςι
496 1403 575 1488 γοίρ,
598 1402 643 1471 έςι
667 1404 822 1482 Θηβαίους
848 1391 1009 1476 ταπεινοὺς
1034 1413 1129 1471 ποιεῖν
1152 1404 1224 1472 οίνεν
1248 1412 1301 1473 τοῦ

119 1507 376 1585 Λακεδαιμονίους
401 1508 542 1589 ίσχνροὺς
567 1508 728 1578 καὺιςοίναι
753 1510 804 1575 καί
829 1509 908 1575 πολύ
933 1533 973 1587 γε
995 1515 1113 1593 ρ’ρῖΟΝ·
1136 1515 1174 1586 ὑς
1196 1512 1222 1577 δ’
1241 1514 1301 1591 ε’γὺ
1359 1519 1365 1530 ’

119 1611 301 1694 πειριίσομαι
334 1614 405 1695 πρὸς
438 1615 520 1693 ὑμαῖς
553 1617 658 1681 εἰπεῖν.
706 1616 909 1704 Legendum:
942 1655 983 1664 -
1008 1620 1094 1702 p‘qiov·
1122 1617 1234 1692 ὌΠως
1259 1620 1302 1685 δέ.

118 1715 168 1782 Sic
191 1722 279 1785 enim
302 1740 357 1806 pro
380 1717 482 1786 ὑντινα
506 1722 536 1786 δὲ
560 1721 668 1803 τρόπον
687 1723 835 1787 omnibus
855 1724 1012 1788 usitatum
1032 1729 1080 1789 est
1100 1725 1219 1809 dicere,
1239 1746 1302 1792 non

117 1827 152 1897 ὑς
177 1825 219 1890 δέ.
245 1823 294 1892 Of.
319 1848 392 1915 pag.
418 1826 471 1893 31.
495 1825 525 1893 8.
550 1853 569 1891 τ
609 1829 640 1894 δὲ
662 1826 800 1894 “onoc
824 1834 914 1894 τοῦτο
937 1828 1026 1907 λέγε.

158 2037 238 2125 Pag.
271 2035 349 2104 216.
383 2038 437 2104 11.
463 2038 665 2126 (Alexander)
690 2037 806 2113 ἄλλους
831 2064 866 2104 τε
890 2040 1024 2122 ἑτέρωΘΙ
1047 2041 1099 2105 καί
1122 2040 1173 2106 τὸν
1197 2043 1302 2109 παιδο-

117 2143 220 2222 τρίβην
246 2145 288 2216 εῖς
314 2147 452 2210 Σικυῶνα
476 2147 674 2225 κατήγαγεν.
721 2147 942 2213 Necessarium
967 2152 1014 2213 est
1038 2147 1186 2228 ἑτέρωθε.

156 2352 236 2442 Pag.
271 2354 348 2421 217.
381 2355 411 2420 4.
444 2356 539 2428 οὐδεὶς
571 2358 641 2434 ὑμῖν
673 2356 914 2434 ἐγκαλέσει,
948 2378 1016 2423 sero
1046 2363 1121 2423 nata
1143 2359 1246 2425 forma
1268 2362 1302 2423 in

114 2458 256 2526 Atticam
281 2462 415 2538 ἐγκαλεῖ
437 2464 646 2530 convertenda
668 2469 727 2529 est.

155 2673 235 2761 Pag.
272 2671 348 2738 219.
381 2673 436 2738 22.
469 2675 499 2738 ἐν
529 2683 600 2746 ταῖς
632 2683 744 2747 κοιναῖς
772 2673 951 2750 ὁμολογίαις
976 2674 1181 2755 δοειρημένΟΤ
1206 2677 1301 2753 μηδὲν

113 2784 243 2844 τοιοῦτον
276 2779 479 2858 εἰσδέχεσθαι.
513 2781 720 2845 manifestum
752 2781 872 2846 vitium
900 2781 935 2843 in
958 2781 1106 2846 omnibus
1129 2780 1219 2846 libris
1243 2785 1302 2845 cir-

113 2885 288 2952 cumfertur
309 2906 365 2970 pro
387 2886 608 2966 διειρημένΟΝ.

460 3134 556 3191 ΠΕΡΙ
581 3133 670 3191 ΤΟΤ
698 3133 750 3192 CT
755 3133 942 3190 ΕΦΑΝΟΤ.

154 3307 236 3395 Pag.
269 3305 345 3374 227.
382 3306 433 3372 15.
466 3306 569 3371 Σίλων
602 3305 703 3380 εὔνοος
732 3307 770 3371 ὢν
795 3308 867 3384 ὑμῖν
891 3305 943 3371 καί
969 3305 1131 3383 δημοτικὸς
1155 3309 1188 3370 οὑ
1212 3306 1300 3384 μίνον

112 3415 152 3493 τῷ
183 3412 310 3494 epotam
339 3413 453 3494 κυρίους
487 3413 569 3498 (τοὺς
601 3413 720 3497 νόμους)
752 3412 825 3495 ᾤετο
856 3415 917 3478 δεῖν
949 3409 1043 3490 εἶναι,
1071 3413 1157 3477 οίλλίι
1185 3413 1301 3494 καὶτῷ

111 3523 178 3592 τοὺς
212 3518 393 3600 ὑικοίζοντας
429 3518 538 3606 [ὑμαῖς]
567 3519 768 3596 ὀμωμοκέναι.
794 3522 847 3584 οὑκ
872 3519 991 3587 clateris
1017 3519 1088 3595 ὑμῖν
1112 3519 1177 3583 ari.
1224 3518 1303 3584 Rec-

111 3629 235 3692 tissime
270 3625 293 3692 S
324 3625 497 3691 molestum
532 3626 614 3703 ὑμοῖς
651 3628 783 3691 omittit.
845 3623 1011 3691 Generalis
1046 3630 1094 3689 eet
1129 3627 1301 3689 sententia:

111 3755 206 3798 οναπσο
235 3733 357 3798 iudices
386 3735 507 3797 iuratos
539 3752 605 3797 esse
629 3729 723 3796 Solon
747 3731 862 3798 voluit.
909 3731 952 3795 nt
976 3735 1023 3794 est
1046 3731 1172 3816 ingrata
1192 3749 1304 3816 prono-

111 3843 206 3905 minis
230 3840 378 3922 repetitio
402 3837 488 3914 ὑμῖν,
516 3837 617 3916 ὑμᾶς,
647 3838 729 3914 ὑμῖν.

154 4049 235 4137 Pag
263 4047 339 4113 229.
365 4047 396 4112 6.
420 4048 463 4113 τα
486 4048 543 4124 μὲν
566 4043 616 4114 οὑν
640 4046 878 4125 κατηγορημένα
905 4046 1010 4110 πολλοὶ
1037 4046 1103 4131 [καί
1128 4046 1224 4133 δεινοὶ]
1249 4047 1301 4112 καί

110 4156 176 4235 περί
202 4152 241 4220 ὧν
265 4155 345 4219 ἐνίων
368 4154 518 4232 μεγοίλας
544 4155 675 4226 καὶτοῖς
697 4151 988 4235 ε’σχοίταςοίνίμοι
1012 4151 1125 4217 διδόασι
1146 4154 1302 4231 τιμωρίας.

110 4259 228 4347 Spania
251 4265 325 4326 sunt
348 4263 445 4328 verba
464 4261 506 4325 τὺ
528 4260 610 4325 δεινοί
629 4267 661 4326 et
684 4262 804 4345 optime
822 4262 856 4323 in
875 4255 952 4324 Ood.
972 4256 995 4322 S
1017 4261 1145 4323 omissa.
1180 4260 1304 4323 Atracia

110 4389 176 4434 ease
209 4369 345 4433 crimina
375 4370 409 4433 in
431 4388 464 4433 se
488 4369 627 4432 coniecta
652 4366 823 4451 aliquanto*
837 4364 955 4430 melius
978 4370 1010 4430 et
1036 4367 1139 4430 acrius
1162 4365 1245 4429 dixit
1269 4367 1303 4429 in
