3080 4972
733 223 770 274 n

156 443 216 492 asse
247 426 394 492 lectionis
429 427 565 493 varietas
600 445 637 492 ea
670 448 704 493 re
737 447 813 495 vera
843 430 935 516 plane
967 433 1056 499 nulla
1086 440 1145 501 est.
1202 435 1344 521 Ineptius

160 549 250 613 etiam
280 553 430 635 peccatur
460 551 496 614 in
526 549 635 614 futuro
665 550 717 629 ἐρῶ
748 551 853 617 dicam.
914 552 1013 640 Saepe
1048 556 1173 622 videbis
1205 558 1345 637 οῖτοῖρυ,

160 670 324 751 ιιιοτοοῖρυν,
356 671 522 753 οῖντοοίρυν,
557 670 703 750 τροοιῖρυ,
739 671 854 753 ὑποιῖρυ
885 695 942 759 pro
973 678 1094 757 οῖτερνῖ,
1129 685 1345 758 accessisset.

158 791 362 877 Inspiciamus
392 795 426 857 in
456 812 520 858 uno
543 793 659 858 honrm
681 797 970 878 praestantissimos
995 795 1143 876 Codices,
1169 801 1203 865 in
1228 803 1344 886 quibus

160 921 364 980 CTNePelN
394 917 506 980 autin
529 914 678 994 συνοῖρενν
701 917 895 1003 pervertitur
918 921 1031 986 autin
1055 929 1211 1000 συνεργεῖν
1233 929 1290 988 aut
1312 926 1346 988 in

158 1044 325 1116 συνηγορεῖν
350 1036 494 1121 denique.

197 1156 278 1245 Pag.
304 1156 379 1222 414.
405 1156 458 1222 22.
485 1163 619 1238 συνερῶν.
646 1159 685 1224 A.
711 1159 863 1241 συνοιῖρυν.

302 1279 377 1344 434.
404 1279 456 1345 10.
481 1286 643 1361 συνεροῦσι.
669 1280 701 1346 S.
726 1271 905 1362 recalceent.

303 1400 379 1468 443.
405 1400 438 1468 2.
461 1397 542 1476 ὅπως
567 1408 691 1484 συνερεῖ.
716 1403 755 1469 U.
780 1413 931 1485 συνεργεῖ.

302 1523 379 1593 457.
405 1523 433 1588 5.
460 1531 600 1604 συνερεῖν.
628 1523 661 1590 S.
686 1526 847 1606 συνοοῖρειν.

302 1645 378 1712 503.
405 1647 456 1714 19.
482 1651 688 1726 συνεροῦντας.
714 1646 745 1711 S.
772 1633 997 1728 συνοῖιροῦντοος.

302 1767 378 1833 605.
403 1768 457 1833 24.
482 1777 623 1848 συνερεῖν.
647 1767 679 1835 S.
704 1779 860 1850 συνεργεῖν
883 1770 938 1836 sad
960 1796 983 1849 γ
1007 1778 1126 1856 puncto
1148 1779 1306 1837 notatum.

283 1890 381 1957 1234.
407 1891 435 1956 3.
462 1891 613 1964 τοιούτους
637 1891 733 1957 τοίνυν
756 1893 826 1964 τοὺς
851 1897 1089 1973 συνηγοροῦντος
1115 1895 1166 1981 (A.
1193 1899 1345 1975 συνεροῦν-

157 2037 229 2091 roc,
256 2014 341 2099 quod
362 2034 476 2079 verum
500 2015 560 2099 est)
584 2014 688 2088 οιὺτοῖς
712 2014 1004 2097 παρεσκευασμένοι.

197 2135 319 2201 Eadem
350 2137 523 2221 scripturae
554 2137 765 2222 discrepantia
792 2140 911 2224 passim
946 2139 1029 2224 apud
1061 2139 1140 2205 alios
1169 2142 1345 2226 reperitur,

154 2255 256 2322 veluti
288 2258 373 2343 apud
404 2257 535 2344 Lysiam
567 2279 642 2347 pag.
676 2257 753 2325 128.
787 2258 819 2343 ll.
853 2261 940 2325 ἀλλὰ
966 2261 1018 2325 κο)
1042 2268 1100 2326 τῶν
1123 2260 1345 2341 ξυνεργούντων

155 2380 255 2450 adroic
286 2376 371 2458 οῖξιον
400 2379 568 2468 ῖοορμοῖζειν
600 2379 722 2460 πότερον
752 2384 791 2454 ὥς
823 2383 912 2447 asael
937 2383 1068 2461 κοὶγοοῖοὶ
1098 2383 1344 2458 οιῖτήσοντοιι

155 2503 229 2577 -ή
262 2504 302 2572 ὥς
332 2500 416 2566 δεινοὶ
448 2500 551 2580 λέγειν
583 2504 937 2582 ἀπολογήσονται,
970 2503 1027 2568 ubi
1057 2503 1208 2569 Reislnius
1230 2526 1345 2571 verum

153 2623 235 2689 vidit
256 2621 454 2703 ξυνερούντων
476 2643 639 2710 reponens.

197 2744 353 2834 Magnam
383 2748 453 2811 vim
484 2745 653 2811 inutilium
685 2749 913 2832 scripturarum
938 2768 1100 2836 expungas
1123 2749 1180 2814 ubi
1204 2749 1346 2814 animad-

154 2871 283 2934 verteris
307 2869 494 2946 ἀδικήσομεν
519 2890 538 2934 a
561 2870 671 2935 scribis
693 2873 727 2934 in
749 2868 972 2946 οῖδικήθήσομοοι
997 2876 1029 2936 at
1052 2870 1171 2936 similia
1194 2870 1346 2936 similiter

154 2993 269 3074 passim
300 2991 466 3076 depravari
497 2989 603 3057 solere.
651 2993 859 3059 Athenienses
882 2999 1048 3056 constanter
1072 2993 1218 3058 dicebant
1240 2992 1344 3068 ἀδική-

155 3135 266 3190 σομοοι,
292 3112 538 3194 οὶοσοςερήσομοοι,
564 3111 774 3193 ζημιώσομαι,
799 3113 990 3192 τιμήσομοοι,
1014 3114 1226 3194 Φήονήσομοιι,
1251 3115 1345 3197 φιλή-

155 3257 264 3310 σομσον,
296 3233 497 3316 φοβήσομαι,
531 3235 744 3314 corrosores.
792 3234 881 3302 Haec
911 3238 1018 3301 omnia
1052 3237 1161 3300 mirati
1194 3234 1344 3301 Graeculi

153 3355 191 3419 ad
212 3377 303 3421 suam
326 3355 482 3430 συνήθειαν
507 3354 703 3443 refingebant
728 3356 994 3437 οὶτοςερνῖήσομοι
1019 3357 1157 3422 dicentes
1179 3362 1211 3422 at
1234 3357 1344 3437 ζημιω-

152 3477 279 3556 ῖήσομοιι
303 3483 335 3544 et
355 3477 590 3559 ὠφελήθήσομοιι
612 3483 645 3542 et
663 3477 871 3555 τιμήῖήσομοοι
890 3483 949 3544 oet.
996 3476 1081 3542 Hinc
1104 3477 1250 3562 frequens
1271 3479 1343 3543 ubi-

153 3619 210 3683 que
245 3605 294 3666 est
330 3601 365 3664 in
405 3599 523 3665 talibus
557 3599 731 3666 lectionum
764 3601 916 3676 varietas,
954 3619 1033 3683 quae
1068 3618 1130 3663 non
1166 3604 1214 3664 est
1250 3602 1343 3666 unius

154 3724 244 3806 assis,
263 3728 301 3786 ut
320 3722 468 3805 equidem
489 3724 608 3807 opinor.
657 3722 749 3788 Nihil
768 3726 816 3787 est
836 3721 950 3785 utilius
973 3723 1007 3785 in
1030 3741 1145 3808 genere
1164 3721 1223 3786 hoc
1245 3742 1343 3807 quam

153 3841 185 3904 in
206 3843 425 3928 Aristophanis
449 3841 563 3908 Oodica
587 3843 771 3910 Rauennate
796 3845 970 3927 scripturae
995 3842 1214 3908 diversitatem
1238 3843 1342 3908 obser·

153 3981 240 4042 rare,
272 3966 348 4050 quia
378 3965 420 4030 ob
449 3967 545 4030 metri
569 3963 780 4042 sardanapalo
804 3965 916 4028 statim
939 3983 1058 4028 errores
1083 3963 1118 4027 hi
1141 3983 1250 4028 omnes
1273 3984 1341 4029 ma·

153 4085 256 4150 nifesti
285 4090 446 4152 tenentur.
501 4085 647 4151 Multum
678 4088 774 4154 etiam
805 4084 945 4169 proderit
975 4086 1154 4150 iunioribus
1189 4083 1341 4150 lectiones

156 4219 192 4268 ex
212 4205 365 4271 Urbinate
388 4205 534 4272 Isocratis
558 4227 631 4270 cum
655 4205 799 4293 vulgatis
822 4226 1014 4290 comparare.

197 4325 417 4414 Depravabmt
445 4332 605 4412 praeterea
635 4347 672 4394 ea
702 4329 810 4394 omnia
842 4327 935 4392 stulti
966 4324 1132 4403 Graeculi,
1165 4345 1245 4411 quae
1279 4328 1341 4415 ipsi
