3034 4970
796 239 861 317 170

234 440 381 526 (Μοιοῶν)
414 443 444 505 τ’
474 439 692 522 ἀγχεμάχων.
741 439 804 506 Sed
834 443 933 505 restat
960 443 994 505 in
1030 442 1163 506 caeteris
1196 433 1405 506 inextricabibs

233 545 412 612 difficultas.
458 546 645 632 Reponunt:
671 547 701 610 ἐν
725 548 768 626 τῷ
792 546 1032 628 τρισκαιδεκάτῳ
1056 547 1307 632 rpeiam-idque
1325 547 1406 633 signi-

232 651 324 717 ficare
355 659 469 736 putant
500 654 554 731 „in
585 655 660 717 libro
691 651 797 716 XHI.”
844 651 906 717 Sed
936 657 1008 737 quis
1039 652 1233 720 Graecorum
1269 671 1407 737 umquam

233 759 277 822 sic
308 756 443 822 Homeri
475 758 583 823 locum
614 755 779 824 laudavit?
826 757 904 836 Quis
933 780 996 823 non
1023 763 1133 826 statim
1157 759 1292 824 Homeri
1313 776 1407 823 versus

233 865 422 951 agnoscebat
457 870 489 929 et
521 865 605 929 unde
636 866 737 929 sumti
768 869 871 928 essent
901 863 1143 930 recordabatur?
1171 864 1408 950 praesertimin
1504 839 1505 868 i

233 969 302 1034 loco
325 975 392 1034 tam
416 968 590 1035 celebrato:

552 1074 648 1139 τοίλιν
672 1075 781 1154 τρέπεν
804 1073 874 1139 ὄσσε
894 1077 1011 1156 φαεινώ
1036 1078 1100 1140 ari.

279 1179 514 1265 Apponendum
538 1183 641 1246 estin
664 1184 828 1268 margine,
851 1186 890 1245 ut
914 1185 1036 1247 veteres
1061 1181 1178 1260 solent,
1204 1181 1297 1262 ζήτει.

280 1387 361 1475 Peg.
393 1388 470 1454 296.
516 1393 628 1456 Auctor
660 1400 702 1456 eat
732 1393 927 1470 Posidonius,
964 1395 1087 1480 inquit,
1122 1393 1282 1456 Homerum
1314 1390 1410 1469 οίβίονε

236 1496 468 1575 προσαγορεύειν
489 1497 613 1574 aerae
638 1493 683 1561 ἔτι
706 1497 799 1578 χωρίς
824 1504 975 1577 γυναικῶν
1000 1499 1167 1576 ἡγούμενον
1196 1501 1327 1576 ἡμιτελῆ
1353 1492 1410 1560 τινα
1505 1487 1507 1510 ‘

236 1602 305 1676 βίον
329 1601 379 1665 τὸν
403 1613 505 1684 χῆρον.
553 1603 670 1670 Manca
695 1610 727 1668 et
745 1605 932 1689 imperfecta
951 1607 1051 1669 oratio
1070 1609 1118 1669 est
1137 1599 1182 1668 ire
1203 1603 1296 1684 χωρίς
1317 1625 1410 1681 γυναι·

237 1714 314 1786 κῶν,
347 1713 379 1774 et
409 1715 447 1774 ut
477 1709 680 1798 intelligatur
703 1711 781 1775 adde
814 1709 940 1792 ζῶσιν.
987 1709 1125 1776 Mirifice
1148 1716 1257 1775 autem
1278 1710 1354 1774 haec
1374 1709 1412 1771 est

235 1816 454 1900 interpretatio
486 1821 517 1881 et
548 1817 690 1881 eiusdem
721 1817 785 1881 fere
811 1819 907 1900 pretii
930 1821 1025 1901 atque
1048 1816 1246 1903 etymologia
1268 1836 1341 1882 vere
1361 1813 1411 1878 Ro

235 1942 330 1986 mana
355 1939 526 2004 „commus
549 1923 741 2007 quotidiam
764 1920 948 1986 cormras.''

281 2027 359 2090 Post
390 2048 491 2112 pauca
515 2028 737 2092 scribendum:
762 2026 831 2099 τοὺς
857 2027 965 2104 aurove
992 2037 1048 2091 OT
1073 2026 1143 2098 τοὺς
1166 2030 1279 2106 χίρονς
1304 2033 1412 2105 aaaron

238 2132 255 2208 ίρ
288 2131 356 2203 τοὺς
389 2133 525 2202 οίνεςίονε
558 2171 599 2181 -
632 2131 749 2208 δέξαιτ’
783 2132 821 2198 ἄν
851 2158 910 2205 τις.
956 2133 1178 2198 Necessarium
1210 2136 1241 2197 οὐ
1270 2137 1305 2199 in
1329 2130 1412 2200 Oodd.

238 2240 393 2302 omissum
415 2240 559 2303 insemmt
582 2245 654 2325 post
676 2240 788 2319 χοίρους
813 2246 921 2304 contra
940 2237 1134 2306 Graecorum
1154 2241 1413 2305 consuetudinem.

283 2445 361 2532 Pag.
389 2443 463 2508 301.
489 2445 502 2507 ὂ
524 2444 713 2526 Ἀναχαρσις
735 2448 785 2511 καί
802 2447 940 2528 ’Άβαρις
961 2486 1002 2496 -
1024 2446 1133 2512 iturum
1152 2471 1220 2512 τινα
1239 2455 1414 2529 χαρακτῦρα

238 2551 431 2632 ἘΠὲφαινον
472 2553 612 2623 εὐκολίας
653 2553 705 2616 καί
741 2553 901 2628 λιτότατος
937 2554 990 2618 καὶ
1027 2552 1226 2627 δικαιοσύνας.
1286 2554 1414 2620 Verbum

238 2657 412 2736 ἐπιφαίνειν
443 2678 506 2722 non
534 2663 581 2722 est
604 2659 700 2723 buius
723 2659 802 2724 loci:
828 2661 936 2726 sedem
958 2660 1055 2725 habet
1077 2662 1111 2724 in
1126 2660 1305 2744 probatione
1327 2666 1357 2725 et
1373 2659 1414 2721 de-
1509 2677 1510 2682 ¹

235 2763 455 2827 monstratione.
501 2764 582 2828 Prae
615 2787 646 2828 ae
670 2766 765 2850 ferre
798 2766 909 2844 vultu,
945 2768 1073 2842 habitu,
1109 2766 1252 2844 incessu,
1288 2767 1415 2832 oratione

237 2871 354 2934 dicitur
376 2869 584 2949 ἘΜΦαίνειν
631 2870 711 2959 Pag.
738 2871 813 2936 628.
837 2877 889 2935 τοῦ
915 2871 946 2935 δὲ
970 2869 1108 2950 νεωτέρου
1130 2871 1286 2956 (Diodori)
1310 2867 1415 2948 ι’ςορικιὶ

238 2973 482 3055 ονγγροίραματοὶ
508 2976 552 3043 ἔτι
577 3015 618 3024 -
641 2980 696 3052 τὴν
720 2979 858 3057 ἀρχαίαν
882 2983 1008 3056 γραφὴν
1032 2979 1269 3056 Ἐίίίφαίνοντα
1298 2978 1414 3046 ἱκανῶς,

236 3088 320 3148 recte
345 3083 480 3146 correxit
501 3084 606 3147 nescio
630 3086 700 3167 quis
722 3086 757 3147 in
780 3083 897 3148 Aldina
921 3085 1123 3166 ἐμφαίνοντα.
1172 3083 1369 3148 Aristarchus
1388 3082 1416 3142 in
1510 3133 1511 3146 ,

237 3188 343 3254 Schol.
375 3187 414 3252 ad
437 3185 550 3273 Odyss.
575 3213 609 3266 γ.
633 3189 685 3254 71.
712 3187 778 3254 οὐδὲ
800 3189 864 3269 γαρ
889 3194 939 3253 νῦν
964 3191 989 3254 οἱ
1013 3189 1079 3266 περί
1104 3189 1301 3270 Τηλέμαχον
1323 3204 1417 3270 naept—
1510 3181 1511 3186 ’

238 3293 289 3362 κόν
312 3318 341 3361 τι
366 3294 578 3376 ἐμφαίνουσιν.

285 3503 364 3592 Pag.
392 3500 468 3567 302.

376 3605 616 3690 ΓλακτοΦοίγαν
640 3609 682 3680 είς
706 3616 804 3685 γαῖαν
827 3609 982 3686 οίνινίνΑΙΟ
1006 3610 1080 3675 οίκί’
1104 3610 1247 3690 ἐχόντων.

286 3714 578 3800 Obtemperandum
611 3715 749 3781 Porsono
781 3722 846 3795 est,
879 3718 934 3802 qui
965 3717 1104 3792 οίτιίνΛΟ
1139 3716 1235 3782 scribi
1268 3713 1357 3779 iussit
1389 3709 1420 3772 in

240 3823 364 3886 Αιίοονε.
388 3841 463 3906 pag.
490 3818 566 3883 316.

285 4027 365 4115 Peg.
392 4024 468 4092 302.
494 4048 594 4112 quum
618 4035 699 4096 esset
722 4032 756 4095 in
778 4035 884 4097 vetere
907 4030 1003 4096 libro:

643 4136 656 4199 ὅ
682 4136 712 4202 δὲ
737 4137 940 4218 δρομιχαίτνς

514 4242 601 4308 κατα
625 4241 694 4314 τοὺς
720 4242 881 4324 διαδόκονε
904 4241 937 4319 ἦν
984 4251 1205 4320 cotrarietatem

513 4353 612 4425 γενῶν
636 4346 801 4423 βασιλεύς.

1509 3617 1511 3672 t
