3086 4968
820 227 885 293 444

252 417 311 497 μέν
331 443 361 484 τι
386 418 478 484 κακὸν
502 413 589 498 εἶχες
614 414 715 497 ζητεῖν
738 415 906 498 φάρμακον
930 413 999 482 ἔδει.
1025 422 1074 482 νῦν
1097 416 1125 482 δ’
1152 421 1204 484 οὐκ
1228 415 1315 498 ἔχεις.
1355 412 1410 479 Non

254 527 391 611 nemoris
423 525 478 590 aed
511 525 612 590 animi
643 527 675 588 ei
698 523 816 588 mentia
838 522 920 588 hane
944 522 1179 610 aegritudinem
1202 543 1265 590 ease
1286 520 1409 588 affirmat:

255 632 338 698 τοῦτ’
361 631 405 702 ε’ς1
430 631 637 714 τάρράςνιμα,
662 633 784 715 inquii.
808 629 857 692 άόο
880 630 994 693 morbus
1018 638 1060 694 οεό
1083 654 1140 716 quo
1162 638 1196 695 όα
1219 631 1333 695 laboras.

298 739 350 805 Ad
379 739 461 804 hane
490 737 596 804 lucem
620 740 691 823 quia
714 740 870 822 punctum
895 738 1046 820 temporis
1071 737 1217 803 dubitare
1238 738 1332 822 poteri
1351 733 1411 817 quin

254 869 293 913 ex
315 847 375 912 hac
397 847 466 931 ipsa
488 844 597 911 fabula
620 848 652 909 el
675 842 786 908 eadem
809 841 935 908 fabulae
959 847 1047 926 parte
1070 845 1195 931 (nempe
1217 864 1254 909 ex
1271 839 1409 927 principio)

253 954 355 1019 sumti
379 952 444 1018 sini
467 951 646 1017 dulcissimi
670 949 839 1014 Menandri
862 947 1028 1024 versiculi,
1054 969 1131 1034 quoa
1154 950 1289 1017 servavit
1308 944 1408 1012 Plutar·

253 1058 332 1124 chus
355 1059 390 1124 in
418 1055 621 1122 θοοιεοόοόόοαο
644 1054 799 1139 Apollonii
821 1074 896 1141 pag.
922 1052 998 1120 103.
1023 1073 1056 1120 1).

389 1165 428 1229 ΕΞ
451 1161 514 1244 γάρ
538 1159 642 1239 ἐγένου
667 1158 725 1235 ου’,
748 1158 896 1242 τρόφιμε,
919 1166 978 1226 τῶν
1000 1160 1125 1225 τάντυν
1149 1159 1252 1240 μόνος,

390 1264 435 1333 ὅτ’
458 1267 577 1334 ἔτικτεν
602 1270 618 1343 11
643 1266 742 1347 μάτνρ
767 1264 813 1344 τ’,
838 1267 892 1346 ἐφ’
915 1261 935 1347 ᾧ
958 1291 993 1332 τε
1017 1268 1169 1333 διατελεῖν

298 1439 302 1444 ,
390 1373 533 1457 τράττοιν
556 1365 579 1439 ά
602 1372 709 1452 βούλει
732 1371 785 1438 καὶ
810 1371 984 1454 διευτυχεῖν
1008 1373 1075 1451 άεί,

390 1480 444 1547 καὶ
467 1485 558 1546 τοῦτο
581 1486 640 1546 τῶν
664 1480 734 1544 θεῶν
756 1503 803 1552 τις
826 1477 1008 1558 ὡμολόγησέ
1031 1502 1092 1556 σοι,

388 1587 473 1668 ὀρθῶς
498 1588 706 1666 ἀγανακτεῖς.
731 1583 775 1654 ἔςι
799 1583 862 1666 γάρ
886 1587 915 1649 τ’
938 1585 1124 1665 ἐψευσμένος

387 1690 502 1758 άτοτόν
527 1717 562 1757 τε
586 1690 742 1766 πεποίηκ’.
766 1692 792 1755 εῖ
816 1692 843 1755 δ’
867 1689 918 1755 ε’τ1
943 1700 1005 1766 τοῖς
1030 1693 1135 1766 αὐτοῖς
1160 1690 1277 1772 νόμοις,

387 1799 438 1880 ἐφ’
463 1795 566 1880 οἷστερ
590 1802 680 1878 ἡμεῖς
703 1797 848 1871 ἔστασας
871 1798 923 1863 τὸν
947 1797 1024 1880 άέρα

386 1909 438 1974 τὸν
462 1902 646 1981 κοινόν,άνα
670 1928 715 1971 σοι
739 1905 791 1969 καὶ
815 1902 1037 1986 τραγικώτερον
1060 1910 1163 1983 λαλεῖ,

387 2013 482 2083 οῐςέον
506 2010 629 2090 άμεννον
653 2015 758 2076 ταῦτα
783 2011 834 2076 καὶ
859 2010 1007 2091 λογιςόον.

385 2119 420 2184 τὸ
446 2117 477 2183 δὲ
501 2117 675 2201 κεφάλαιον
698 2123 756 2182 τῶν
780 2117 888 2195 λόγιονΙ
905 2115 1058 2198 άνόρυτος
1084 2113 1131 2194 εἷ,

386 2220 419 2289 οὗ
440 2224 624 2302 μεταβολὴν
649 2227 759 2289 όοῖττον
783 2225 855 2304 πρὸς
881 2220 957 2303 ὕφος
982 2223 1034 2288 καὶ
1059 2223 1155 2288 τάλιν

384 2330 593 2404 τατεινότντα
618 2330 689 2412 ζῷον
714 2328 993 2409 οὐδὲνλοιμβάνει.

386 2436 438 2502 καὶ
460 2435 555 2514 μάλα
579 2434 716 2508 δικαίως·
742 2433 943 2505 άτόενόςατον
965 2435 1029 2518 γάρ
1053 2435 1089 2500 ὃν

383 2542 478 2625 φύσει
501 2541 643 2621 μεγίεοις
669 2543 870 2621 οῖνονομεῖται
896 2541 1100 2623 πράγμασιν,

383 2644 459 2715 όταν
480 2648 560 2732 τέσγ
584 2649 614 2714 δὲ
640 2655 756 2716 τλεῖςα
780 2647 934 2728 συντρίβει
961 2646 1061 2714 καλά.

384 2755 423 2821 σὺ
446 2755 473 2820 δ’
497 2753 560 2821 οὔθ’
586 2752 847 2840 ὑπερβάλλοντα,
870 2751 1007 2836 τρόφιμ’,
1033 2752 1200 2826 άτάλεσας

385 2862 511 2942 άγαόά,
536 2861 579 2927 τόν
604 2860 665 2927 νυνί
688 2862 717 2925 τ’
742 2858 786 2928 ἔτι
811 2858 921 2941 με’τρνά
946 2883 990 2926 σοι
1015 2857 1109 2925 κακά.

382 2965 435 3033 ὥτ’
458 2967 519 3033 άνά
543 2967 635 3047 μέσον
659 2990 717 3032 του
742 2966 793 3031 καὶ
817 2966 853 3032 τὸ
876 2970 994 3032 λυττιῖν
1017 2965 1064 3030 δεῖ
1083 2963 1197 3046 φέρειν.

291 3073 412 3141 Eadem
434 3094 502 3154 rea,
527 3074 690 3158 uirides,
710 3075 794 3138 inter
813 3074 941 3139 eosdem
962 3075 1079 3160 agitur.
1114 3071 1319 3161 Paedagague
1333 3086 1409 3136 senex
1489 3069 1492 3076 “

246 3181 415 3249 alumnum
446 3201 560 3259 auum,
593 3181 644 3245 τὸν
667 3178 833 3260 τρόφιμον,
859 3179 994 3245 herilem
1017 3177 1122 3243 filium
1145 3198 1163 3242 a
1187 3179 1407 3246 1111111111,

246 3290 347 3354 animi
369 3287 560 3373 pendentem
582 3284 761 3352 consolatur
785 3290 817 3351 ei
837 3306 972 3373 aegrum
993 3286 1139 3348 animum
1160 3282 1275 3350 blando
1294 3279 1408 3365 alloquio

245 3399 277 3460 et
307 3392 457 3480 prudenti
485 3392 615 3459 consilio
647 3396 773 3457 recreat.
822 3390 1000 3470 Alumnua,
1032 3393 1047 3455 o*
1080 3389 1221 3469 Φειδίας,
1254 3389 1353 3456 morbo
1382 3402 1408 3449 ee

245 3501 354 3569 vexari
377 3502 535 3586 quantur:

522 3597 661 3676 ’άτότυς
686 3605 823 3682 ἐμαυτοῦ
847 3602 899 3667 καὶ
924 3601 1043 3683 βαρέως
1064 3600 1138 3684 ἕχον.

243 3732 389 3780 somnum
414 3733 447 3778 ee
470 3732 580 3797 capere
602 3730 691 3796 paese
714 3714 812 3797 negat
835 3705 923 3795 (όταν
943 3709 970 3773 δ’
989 3709 1157 3789 άγρυτνεῖν
1179 3707 1289 3793 εῖτρς).
1320 3707 1407 3773 Bonna

243 3840 337 3912 aenex
365 3820 501 3904 corporis
524 3817 609 3882 hune
632 3816 782 3881 morbum
806 3836 872 3881 esee
895 3820 993 3902 negat
1012 3815 1067 3881 sed
1091 3818 1237 3881 animum
1260 3816 1405 3903 aegram·

243 3926 347 4008 Quam
371 3924 489 3992 vellem
511 3944 564 3989 me
585 3922 735 3988 lacunam
759 3920 884 4008 explere
907 3942 1016 4008 posse,
1043 3942 1124 4006 quae
1147 3927 1194 3988 eat
1217 3914 1380 3990 1111135.

833 4027 1051 4110 φορτικώτερον
1075 4026 1107 4091 δέ
1130 4051 1160 4091 τι

424 4133 594 4216 ἐπέρχεταί
617 4157 683 4214 μοι,
708 4135 860 4216 τρόφιμε,
885 4135 1073 4220 συγγνάμνν
1096 4134 1120 4200 δ’
1145 4131 1214 4218 ἔχε.

422 4240 458 4306 τό
482 4240 516 4316 δὴ
541 4239 707 4320 λεγόμενον
731 4240 785 4305 οὐκ
810 4237 894 4322 ἔχεις
919 4237 1076 4306 011111*

425 4346 482 4411 erl
505 4353 563 4412 τῶν
586 4348 729 4426 άγαόῶν,
754 4343 789 4412 εὖ
811 4344 880 4414 ῖσόι.
