3080 4972
781 227 823 296 18

208 424 294 488 enim
329 426 376 487 est
411 418 659 497 Graeculorum,
694 440 751 504 pro
785 441 848 506 quo
884 426 1007 488 veteres
1043 423 1208 505 πωρύφύοοι
1241 425 1402 491 dicebant.

249 635 329 722 Pag.
354 631 408 700 24.
435 631 487 696 19.
512 631 592 696 πολὺ
617 632 679 712 γὰρ
702 633 825 704 πλείους
850 635 997 715 όφορμόος
1022 637 1064 707 εἷς
1088 635 1124 699 τό
1149 638 1204 711 τήν
1229 637 1316 717 ποορόι
1341 643 1404 701 τῶν

209 744 278 807 θεῶν
303 739 417 804 εύνοιοιν
441 736 524 820 ἔχειν
548 738 600 818 όρῶ
626 741 697 816 ὑμῖν
722 737 884 812 ἘΝούσως
910 741 926 815 ή
951 743 1058 822 ’κείνω
1100 741 1302 828 Quamquam
1324 743 1406 808 libri

209 868 318 914 omnes
337 848 371 909 in
390 845 513 916 ἐνούσαις
533 843 669 910 fideliter
688 848 885 929 conspirant,
905 850 1013 911 tamen
1032 850 1197 932 perinepta
1216 849 1294 913 haec
1306 847 1405 913 lectio

211 958 258 1020 est
288 957 320 1017 et
351 954 419 1016 sinc
449 953 662 1016 controversia
692 949 786 1022 ούσοις
811 951 1055 1017 emendandum.
1102 952 1244 1041 Vulgata
1266 976 1330 1019 non
1353 959 1406 1018 est

208 1062 317 1125 minus
339 1056 475 1123 ridicula
498 1077 534 1120 ac
557 1059 585 1120 si
608 1058 679 1140 quis
701 1055 800 1123 vellet
824 1057 927 1122 dicere
950 1053 1021 1123 οἶδύ
1046 1082 1090 1122 σοι
1119 1059 1225 1124 πολλοὶ
1246 1061 1405 1139 χρήματα

208 1163 353 1229 ἘΝόντοο
383 1183 439 1246 pro
470 1160 553 1226 όντυ.
600 1160 691 1226 Idem
721 1161 875 1226 mendum
906 1162 1080 1230 inoleverat
1109 1185 1183 1251 pag.
1208 1163 1261 1230 68.
1289 1163 1343 1230 28.
1370 1167 1405 1229 ού

208 1253 271 1349 ’γὰρ
295 1268 329 1342 δή
353 1270 478 1348 τριήρεις
500 1292 540 1345 γε
565 1268 617 1351 όρρῖ
642 1268 764 1336 πλείους
787 1268 892 1341 οούτοῖς
918 1267 935 1342 a
961 1269 1031 1345 ὑμῖν
1056 1270 1229 1343 ἘΝούσοος
1278 1269 1314 1336 Si
1333 1270 1407 1335 fieri

208 1379 313 1462 potest
343 1375 395 1457 όρρῐ
426 1374 551 1452 τριήρεις
583 1374 705 1446 πολλὰς
731 1375 802 1451 ύμῖν
827 1373 951 1445 ἐνούσαις
976 1378 1075 1440 etiam
1097 1379 1203 1463 magis
1227 1375 1407 1442 ridiculum

209 1487 257 1548 est
287 1501 384 1566 quam
408 1481 461 1564 όρρῖ
483 1481 640 1561 χρήμοιτοο
664 1480 769 1544 πολλοὶ
794 1481 865 1558 ὑμῖν
890 1479 1005 1544 ἐνόντα.
1053 1481 1146 1547 Nunc
1166 1482 1297 1567 quidem
1320 1481 1406 1546 liber

207 1587 231 1654 S
254 1588 359 1654 lucem
383 1585 511 1664 attulit,
536 1589 592 1671 qui
614 1585 700 1651 solus
722 1588 869 1651 omnium
892 1585 986 1654 ούσοοε
1010 1590 1160 1656 serravit.

251 1801 347 1866 Fatui
370 1805 558 1867 correctores
582 1798 711 1864 insulsis
735 1798 962 1864 additamentis
990 1801 1147 1864 eximium
1169 1799 1277 1865 locum
1299 1802 1409 1885 inqui-

208 1912 325 1974 narunt
347 1929 422 1994 pag.
447 1906 501 1973 25.
531 1905 585 1970 14.
605 1905 637 1970 τό
656 1905 815 1970 ποιούντων
836 1905 918 1983 ὑμῶν
939 1907 953 1970 ό
973 1906 1080 1986 χρόνος
1102 1906 1275 1982 διελήλυθεν
1297 1902 1385 1978 οὖτος
1397 1928 1406 1984 ;

141 2013 145 2020 ’
212 2011 260 2082 les
290 2014 353 2094 γὰρ
385 2013 479 2086 δήπου
510 2013 590 2078 τοῦθ’
614 2008 660 2076 ότι
685 2012 860 2088 μελλόντων
887 2013 1040 2099 [ωύτῶν],
1067 2013 1182 2094 ἑτέρους
1206 2013 1292 2082 τινόις
1317 2013 1410 2076 ε’λπι-

215 2120 323 2201 ζόντων
355 2117 498 2199 πρήξειν,
531 2117 718 2197 αἰτιωμένων
750 2118 923 2198 ἀλλήλους,
949 2119 1121 2199 κρινόντων,
1147 2119 1243 2184 πόλιν
1267 2117 1409 2198 ἐλπιζόν-

213 2252 293 2303 των,
315 2226 425 2306 σχεδὸν
444 2224 549 2291 τοιύτόι
570 2222 649 2304 ἅπερ
669 2223 729 2289 νυνὶ
749 2226 910 2289 ποιούντων
934 2221 1034 2312 [όόπως
1054 2225 1184 2306 όχρόνος
1199 2224 1407 2310 διελήλυθεν].

211 2333 304 2399 Prior
333 2331 537 2416 interpolatio
569 2352 607 2396 ex
629 2330 787 2396 librorum
810 2331 1002 2396 dissensione
1026 2335 1189 2419 arguitur:
1214 2335 1248 2395 in
1271 2333 1409 2396 caeteris

213 2442 299 2506 enim
331 2442 379 2504 est
410 2436 588 2514 μελλόντων
619 2439 717 2520 ὑμῶν,
748 2439 781 2500 in
805 2434 827 2501 S
851 2435 1028 2514 μελλόντων
1051 2441 1167 2516 αὐτῶν,
1191 2437 1274 2523 quod
1296 2440 1408 2501 incon-

210 2545 345 2612 siderate
372 2549 555 2628 receptum:
579 2564 716 2627 namque
741 2544 822 2619 ὑμῶν
847 2544 976 2628 quidem
1001 2565 1193 2630 quamquam
1218 2544 1346 2608 fatuum
1371 2549 1409 2607 et

209 2650 400 2738 languidum
431 2655 478 2715 est
509 2654 617 2715 tamen
649 2654 696 2715 est
718 2652 894 2715 sententiae
916 2651 1209 2726 accommodatum,
1233 2652 1265 2714 rt
1288 2648 1408 2713 ποιούν-

210 2781 268 2823 των
311 2757 407 2834 ύμῶν;
456 2757 663 2841 respondetur
704 2755 880 2832 μελλόντων
916 2757 1013 2834 ὑμῶν,
1051 2759 1105 2822 sed
1140 2761 1239 2822 οιύτῶν
1272 2755 1408 2820 nullum

210 2865 339 2929 omnino
372 2863 468 2926 habet
500 2861 618 2927 locum.
664 2862 702 2928 In
733 2865 865 2928 caeteris
896 2866 1070 2929 concitatae
1099 2865 1249 2929 orationis
1281 2860 1409 2947 ellipsis

211 2975 440 3050 γραμματικῶς
465 2967 591 3054 expleta
613 2973 709 3035 vexat
731 2968 823 3033 nobis
847 2989 947 3035 aures.

258 3180 338 3267 Pag.
370 3177 424 3245 25.
457 3178 509 3244 20.
533 3178 570 3243 δι’
594 3174 632 3244 ὧν
656 3181 690 3244 ἐκ
714 3185 835 3260 aaaron
859 3184 973 3261 φοιῦλοι
998 3181 1040 3245 τόν
1066 3179 1246 3260 προόνμοοτοο
1269 3189 1323 3254 τής
1348 3183 1408 3246 πό-

211 3303 288 3359 λεως
311 3285 423 3364 γέγονε
446 3284 497 3352 tat
521 3285 634 3351 τούτων
660 3284 803 3378 ε’λπόζετε
827 3287 900 3371 [τῶν
921 3288 1023 3352 αὐτῶν
1041 3285 1193 3375 πράξεων]
1218 3288 1253 3351 εἰι
1271 3287 1409 3368 Φωύλων

212 3394 297 3460 aava
328 3391 434 3474 κρωςόι
464 3392 657 3470 νενήοετόοιι.
704 3392 924 3481 Expungenda
955 3398 1029 3458 sunt
1058 3395 1193 3460 molesta
1223 3396 1320 3461 verba
1342 3401 1407 3460 τῶν

213 3502 312 3565 οούτῶν
333 3497 484 3579 πράξεων,
508 3499 623 3585 quibus
642 3499 812 3565 verborum
831 3502 1024 3565 concinnitas
1036 3499 1190 3577 laeditur,
1205 3522 1284 3586 quae
1295 3504 1409 3584 inepte

212 3605 374 3670 abundant
397 3610 446 3688 et,
471 3605 554 3689 quod
574 3606 803 3692 gravissimum
823 3610 887 3684 est,
909 3627 983 3671 cum
1003 3606 1226 3673 Demosthenis
1247 3609 1410 3674 sententia

212 3714 367 3797 pugnant.
414 3709 486 3776 Non
510 3714 596 3776 enim
620 3711 670 3775 διόο
694 3709 832 3791 πρόξεύν
857 3735 942 3776 τινων
964 3734 1014 3778 res
1039 3713 1283 3778 Atheniensium
1308 3712 1408 3779 afflic—

211 3822 264 3880 tae
297 3820 402 3892 erant,
435 3816 490 3882 sed
520 3812 566 3882 ότι
597 3815 740 3893 ἕκύύήντο
774 3818 857 3882 οὐδὲν
881 3825 1044 3891 ποιοῦντες.
1077 3819 1188 3905 Itaque
1212 3821 1263 3885 lui
1288 3820 1406 3885 τούτων

215 3925 263 3987 est
285 3920 337 3985 διόο
359 3921 508 4004 ρριόυμόως
529 3925 582 3987 κού
603 3924 717 4003 οὶργόοος
737 3923 789 3988 κού
809 3925 973 4002 μωλωκόως
993 3926 1044 3989 κω)
1068 3926 1202 4001 δειλίοις,
1223 3933 1255 3991 et
1274 3929 1408 3994 omnino

215 4030 351 4092 minime
375 4025 424 4091 διόο
448 4025 586 4107 πρόξεύς
611 4051 699 4102 τινος.

258 4240 338 4326 Peg.
371 4237 425 4304 29.
458 4238 488 4306 7.
521 4243 536 4304 ό
566 4239 622 4317 μὲν
654 4236 702 4305 νύν
733 4250 887 4308 ΠΛΡΩΝ
915 4245 1015 4322 κοιιρὸς
1038 4242 1121 4324 εἴπερ
1145 4253 1264 4310 ΠΟΤΕ
1285 4255 1409 4320 πολλοῖς

214 4346 370 4430 φροντίδος
402 4346 454 4411 κού
486 4346 603 4426 βονλής
634 4347 743 4412 δεῖτοοι.
791 4348 936 4414 Absurde
959 4350 1089 4434 quidem
1112 4351 1189 4417 haec
1212 4355 1312 4419 oratio
1336 4361 1406 4420 est:

1509 4681 1530 4958 ι
