3034 4968
803 243 869 312 148

612 433 805 514 ἈρτοΠέποι
828 474 870 486 -·
894 430 1076 518 ἡρποΚέπος.

294 642 419 708 Passim
447 640 523 706 libri
552 646 585 708 51
615 641 698 726 apud
723 642 894 707 Libanium
918 647 950 707 et
973 642 1058 728 apud
1080 641 1283 709 Herodotum
1307 650 1341 711 51
1362 644 1427 710 alios

247 751 331 815 inter
353 749 411 812 has
434 747 512 812 duas
535 748 653 813 formas
676 747 850 824 fluctuant,
874 753 912 812 ut
934 752 1007 813 utra
1028 750 1071 812 sit
1093 751 1197 832 potior
1220 771 1284 814 non
1307 771 1346 816 ex
1368 771 1427 816 auc·

247 856 375 919 toritate
405 856 537 919 testium
564 854 619 919 sed
649 875 688 919 ex
710 851 824 920 Gracci
848 857 1000 920 sermonis
1024 855 1145 920 ratione
1169 860 1282 920 51555
1309 859 1351 920 sit
1368 876 1428 921 con·

245 959 455 1024 stituendum.
500 957 592 1024 Tem.
626 959 651 1024 Ι.
677 958 762 1052 Ι219.
793 957 824 1024 8.
859 961 1003 1040 δνςνχεῖι
1031 959 1118 1032 τινὰς
1143 960 1337 1040 οέρποπόπονς
1370 960 1428 1046 (alii

165 1082 167 1088 '
246 1063 437 1151 οὶρποποιοῖιι)
470 1063 665 1144 εἰσπράττειν
696 1065 829 1145 χρυσίον.
863 1064 904 1131 Π.
938 1065 1013 1131 333.
1046 1064 1101 1130 24.
1131 1067 1201 1138 τοὺς
1230 1067 1427 1144 οὶρτοπόπονς.

247 1169 303 1236 elii
331 1171 516 1250 οὲρτοποιιύς.
551 1170 628 1236 335.
653 1170 684 1235 4.
708 1177 767 1235 τῶν
791 1170 980 1251 οὶρτοπόποιν.
1016 1169 1133 1236 Μ51115
1157 1171 1428 1251 5111515515ιὶρτο-

247 1274 334 1341 κόποι
367 1276 584 1362 appellantur,
621 1277 676 1341 scd
711 1279 786 1362 quia
816 1278 867 1341 τὸν
899 1275 989 1358 ἄρτον
1021 1277 1145 1342 κόπτειν
1175 1277 1257 1342 nihil
1287 1284 1354 1363 est,
1383 1275 1429 1341 sed

246 1387 425 1448 constanter
456 1404 565 1448 omues
590 1404 700 1466 pacem
731 1405 869 1470 coquere,
903 1383 955 1448 τὸν
987 1381 1077 1462 ο1ρτον
1112 1381 1256 1458 πέττειν,
1295 1384 1429 1449 dicebant

245 1488 331 1553 hinc
349 1493 424 1553 5515
455 1494 503 1553 551
533 1488 636 1554 forma
666 1487 855 1566 οὲρτοπόπος,
881 1509 900 1552 5
923 1493 1050 1554 vetusto
1074 1497 1198 1554 ΠΕΠΩ
1222 1489 1307 1555 unde
1332 1487 1428 1566 πέψω,

247 1591 370 1673 έπεψα,
405 1591 494 1674 ἄρτος
529 1588 563 1658 εὗ
600 1593 798 1672 πεπεμμένος
830 1595 1025 1678 formantur,
1061 1598 1093 1659 51
1125 1595 1280 1673 πέπανον,
1314 1600 1352 1659 51
1381 1591 1409 1670 Et

245 1697 367 1780 ξόανον,
388 1697 494 1784 ’Ἕρμον
517 1697 641 1781 ὄργανον
666 1704 698 1764 51
721 1699 840 1766 similia
862 1700 949 1766 haud
972 1720 1083 1785 pauca.

504 1956 627 2005 mmm
649 1954 756 2004 DIO'HO
778 1955 813 2003 IN
835 1955 1015 2006 somme
1038 1955 1178 2007 vmosl.

291 2122 445 2189 libanius
475 2140 672 2206 quamquam
702 2121 736 2184 in
766 2119 932 2185 Veterum
950 2121 1086 2187 lectione
1117 2121 1263 2188 assiduus
1297 2128 1331 2187 51
1365 2139 1430 2188 cum

245 2227 475 2312 discipulorum
505 2226 699 2292 soloecismis
729 2228 842 2291 acriter
872 2226 996 2292 bellum
1029 2248 1142 2315 gerens
1172 2232 1283 2294 tamen
1312 2230 1431 2314 ipsein

246 2333 360 2400 multis
383 2335 531 2418 antiquae
554 2332 684 2420 linguae
705 2333 831 2398 Atticae
851 2335 1066 2399 sinceritatem
1084 2336 1270 2420 imprudens
1290 2336 1429 2419 corrupit.

245 2438 432 2508 Cavendum
462 2439 592 2524 quidem
621 2459 740 2526 magno
773 2459 865 2523 opere
894 2444 941 2504 551
973 2461 1012 2505 55
1036 2442 1213 2506 scribarum
1237 2461 1357 2506 5555555
1377 2443 1432 2525 ipsi

243 2549 461 2631 imputentur,
493 2544 548 2609 sed
578 2536 743 2630 complura
774 2546 976 2630 reperiuntur
1010 2546 1049 2611 ab
1079 2550 1148 2632 ipso
1176 2536 1378 2634 negligenter
1404 2549 1431 2609 et

243 2654 359 2738 vitiose
391 2651 491 2725 dicta,
524 2670 661 2736 quorum
691 2655 815 2735 partam
848 2650 990 2736 aliquam
1013 2673 1098 2717 nunc
1120 2652 1324 2740 redarguam.
1360 2649 1432 2718 (155-

245 2757 353 2822 fundit
376 2757 447 2834 παρ’
472 2755 586 2835 ἡμέραν
612 2761 644 2821 51
666 2757 735 2820 καθ’
760 2754 875 2836 ἡμέραν
901 2760 991 2842 quasi
1017 2758 1098 2822 nihil
1121 2761 1302 2824 interesset:
1327 2776 1433 2843 nempe

246 2864 316 2928 καθ’
339 2862 456 2941 ἡμέραν
480 2865 528 2926 551
548 2862 696 2948 quotidie,
717 2867 756 2926 ut
775 2864 847 2926 κατ’
867 2860 950 2941 ἔτος,
972 2867 1043 2928 κατ’
1064 2864 1218 2949 ένιανπόν,
1239 2888 1323 2929 ιιατα
1337 2873 1431 2943 μῆνα,

243 2975 277 3036 51
309 2968 475 3049 ὁσημέραι,
501 2967 606 3042 ὁσέτη,
631 2961 691 3032 dccc
716 2974 830 3046 μῆνες,
856 2969 973 3050 ὀπῶραι.
1011 2967 1128 3035 Contra
1152 2969 1227 3050 παρ’
1254 2971 1370 3051 ἡμέραν
1392 2971 1433 3034 551

243 3098 302 3140 ccc
332 3075 383 3140 die
414 3073 604 3158 interposito,
638 3073 765 3138 51155515
796 3074 921 3152 dietata,
949 3077 1037 3140 tertio
1066 3099 1180 3164 qaoque
1210 3077 1276 3156 eie,
1306 3083 1344 3142 51
1367 3078 1432 3153 παρ’

242 3181 380 3247 ἐνιαυτὸν
410 3187 576 3262 ςρατὴγεῖν
606 3184 639 3245 51
672 3181 746 3260 παρ’
778 3179 893 3259 ἡμέραν
926 3181 1083 3263 πυρέττειν
1115 3183 1154 3248 de
1184 3184 1265 3250 febri
1294 3185 1432 3249 tertiana.

240 3287 339 3356 Recte
370 3287 452 3352 dixit
482 3286 635 3352 Libanius
666 3283 692 3350 Ι.
721 3282 775 3349 82.
802 3284 832 3350 4.
859 3287 897 3352 de
919 3285 1058 3354 Iuliano:
1083 3289 1097 3352 ὁ
1120 3290 1273 3370 βασιλεὺς
1300 3327 1342 3338 -
1367 3283 1431 3352 καθ’

243 3393 356 3469 {cotenu
380 3395 510 3459 ἐποιεῖτο
534 3393 589 3465 πὴν
615 3390 729 3471 ἡμέραν
754 3392 860 3462 θυσίας
881 3392 939 3458 ὑπὸ
963 3401 1025 3465 τοῖς
1050 3394 1080 3458 έν
1103 3395 1145 3475 τῷ
1167 3379 1253 3476 ἡὴπιρ
1273 3398 1326 3460 τοῦ
1345 3395 1433 3474 βασι·

240 3501 323 3567 λείου
346 3499 487 3579 δένδροις.
515 3502 546 3564 51
568 3497 606 3563 (15
630 3497 741 3563 eadem
765 3519 799 3562 55
822 3498 847 3563 Ι.
874 3497 949 3564 564.
973 3499 1026 3564 12.
1047 3501 1081 3563 οὐ
1102 3499 1200 3584 ῥρὶδιον
1220 3500 1354 3578 βασιλεῖ
1369 3498 1432 3564 καθ’

242 3605 355 3681 tactem
389 3605 504 3686 ἡμέραν
536 3601 592 3679 ἔξω
625 3603 794 3682 βασιλείαν
825 3605 878 3687 ἐφ’
910 3605 975 3685 ἱεροὶ
1006 3603 1163 3684 βαδίζειν.
1189 3607 1243 3671 sed
1267 3609 1381 3672 vitiose
1402 3608 1431 3668 in

241 3713 353 3780 eodem
385 3714 575 3800 argumento
611 3712 737 3793 scripsit
760 3710 783 3775 l.
814 3708 890 3787 394,
916 3709 969 3775 19.
992 3710 1057 3775 ἐπεὶ
1082 3711 1126 3788 μὴ
1147 3711 1268 3792 τρέχειν
1291 3712 1332 3783 εἷς
1362 3709 1431 3790 ἱερὸν

241 3820 337 3886 ΠΑΡ’
368 3818 483 3898 ἡμέραν
515 3814 627 3891 ένεςιν,
661 3817 736 3897 ἱερὸν
760 3824 891 3880 ποιεῖται
919 3816 996 3904 (leg.
1023 3817 1115 3902 ποιεῖ)
1140 3816 1181 3880 τοὶ
1199 3799 1358 3895 1βαοέὶιεια
1383 3813 1430 3880 καὶ

237 3925 290 3991 τὸν
323 3930 428 3998 κῆπον.
464 3922 639 3987 Fluctuant
667 3921 743 3986 libri
767 3921 792 3986 l'.
821 3919 896 3988 337.
924 3920 976 3987 12.
999 3925 1033 3986 15
1058 3922 1130 3987 51115
1154 3927 1201 3987 551
1224 3925 1295 4004 παρ’
1320 3920 1432 4001 ἡμέραν

238 4029 389 4107 αὔξεται,
422 4011 560 4094 1551115
591 4029 659 4091 καθ’
692 4026 816 4108 ἡμέραν.
861 4026 924 4093 Sed
955 4030 1022 4094 sine
1049 4029 1252 4095 5551515151.
1279 4026 1354 4092 419.
1382 4023 1430 4090 18.

236 4138 396 4220 χαίροντες
428 4144 466 4216 πὴ
498 4140 579 4217 Φορρῖ
604 4140 660 4208 πὴς
684 4139 811 4214 ψυχῆς,
837 4124 870 4206 ἡν
896 4135 969 4214 παρ’
994 4135 1108 4216 ἡμέραν
1133 4135 1280 4215 ἐκφέρεις.
1316 4129 1432 4198 contra

236 4246 262 4312 I.
287 4243 364 4310 360.
390 4242 422 4308 2.
461 4240 546 4320 σωροὶ
571 4242 645 4320 παρ’
670 4241 785 4321 ἡμέραν
810 4240 913 4313 πιέοὴς
937 4238 1020 4312 ἰδέας
1045 4239 1157 4321 ἰχθύων
1181 4239 1429 4320 ε’πεισέρχονται,

236 4357 283 4421 551
306 4349 485 4434 discrepans
509 4345 604 4412 lectio
630 4347 698 4410 καθ’
723 4343 837 4420 έιιοέςνρν
858 4346 974 4427 ἡμέραν
994 4346 1033 4411 ab
1053 4347 1160 4432 aliquo
1179 4355 1350 4414 correctore
1363 4364 1431 4430 pra
