3034 4968
793 181 857 257 152

228 371 291 442 dici
322 380 464 461 oportere
487 387 668 457 κατηγορεῖν
691 386 735 442 Tl
759 377 857 462 σννίς,
882 384 914 444 et
936 381 969 442 in
992 377 1118 461 passivo
1142 375 1366 458 κατηγορεῖπαί
1386 396 1411 441 πί

228 481 315 554 πονίς.
361 487 621 565 Κασηγοροῦμαο,
655 504 717 569 quo
744 489 880 549 utuntur
910 504 1020 549 omnes
1049 486 1257 570 recentiores,
1292 484 1413 569 perinde

229 592 277 654 est
306 590 460 654 vitiosum
491 594 522 654 et
554 590 727 656 absurdum
760 611 795 655 ac
819 593 846 654 si
870 593 941 674 quis
964 589 1077 654 Latine
1098 609 1154 676 pro
1178 613 1301 654 σοοαεον
1322 588 1413 656 vellet

230 693 332 760 dicere
355 697 437 759 dicor
458 695 493 759 ν’νν
515 719 606 762 reum.
1375 686 1378 692 ’

701 874 837 940 Ἀλῶναί
859 898 945 947 τινος.

274 1057 410 1121 ‘Aeduae'
445 1080 523 1130 τινος
560 1057 644 1142 apud
678 1055 851 1123 Graeculos
883 1062 931 1122 est
961 1057 1047 1122 idem
1081 1056 1165 1140 quod
1195 1057 1355 1134 ἐρασθῆναι
1387 1059 1413 1120 et

229 1165 416 1239 ε’πνίνμῆσαο
446 1163 531 1247 apud
560 1169 693 1230 veteres.
729 1163 881 1228 libanius
911 1162 966 1226 IV.
999 1160 1053 1225 24.
1083 1163 1117 1225 οὐ
1139 1160 1191 1225 σὸν
1218 1159 1341 1226 Ἰοὶσονα
1363 1170 1411 1235 σῆς

230 1268 371 1343 Μηδείας
403 1269 637 1346 ἐπιθυμήσαντα
669 1275 788 1334 σκοπῶν
820 1269 962 1349 εὑρίσκω,
987 1268 1041 1340 την
1064 1269 1095 1332 δὲ
1120 1267 1260 1342 Μήδειαν
1285 1268 1411 1332 ἁλοῦσαν

231 1375 379 1446 Ἰοίσονος.
412 1380 444 1440 et
471 1397 545 1463 pag.
577 1375 631 1441 25.
664 1375 788 1455 πότερον
819 1375 927 1440 'laicas
958 1373 1098 1447 Μηδείας
1132 1374 1261 1439 ἑαλώκει
1271 1395 1279 1453 ;
1313 1380 1345 1438 et
1366 1371 1411 1438 IV.

231 1480 306 1546 596.
332 1490 386 1554 πῆς
410 1481 440 1544 δὲ
464 1484 582 1560 προικὸς
604 1485 727 1559 μᾶλλον
753 1481 829 1561 ἥπερ
854 1481 967 1555 ἐκείνης
994 1481 1157 1557 ἡλίσκετο,
1183 1483 1281 1546 etsie
1305 1483 1410 1566 saepis·

229 1591 311 1653 sime
343 1587 426 1671 apud
457 1585 629 1652 Libanium
656 1593 688 1652 et
718 1586 845 1652 Libanii
877 1587 1023 1672 aequales
1045 1588 1234 1672 praesertim
1258 1586 1411 1652 lulianum

230 1698 263 1759 et
286 1693 513 1758 Themistium.

274 1870 375 1956 Saepe
397 1871 518 1937 scribae
542 1873 711 1956 participia
729 1872 896 1954 praesentis
918 1872 1071 1956 temporis
1095 1875 1127 1936 et
1145 1876 1251 1936 οονοοοι·
1268 1875 1333 1937 una
1351 1877 1408 1936 tan·

229 1983 301 2042 tum
330 1976 460 2042 literula
489 1978 573 2041 inter
595 1998 628 2042 se
651 1977 860 2063 discrepantia
882 1980 1095 2065 incogitanter
1117 1977 1332 2062 confundunt,
1354 1975 1407 2042 κεί-

230 2107 294 2149 πον
315 2119 334 2133 -
355 2084 469 2156 λιπών,
495 2083 621 2164 φεύγων
642 2120 661 2132 -
681 2084 807 2165 cayeu,
833 2084 1006 2162 πειθόμενος
1021 2119 1040 2132 -
1053 2083 1229 2162 πιθόμενος,
1253 2086 1407 2161 βαλλαν-

228 2187 356 2268 βαλοίν,
388 2189 669 2266 τέμνων-τεμών,
702 2189 968 2268 ἄγων-αγαγών
992 2197 1024 2254 et
1047 2193 1119 2254 sim.
1156 2188 1236 2254 Utra
1258 2192 1302 2255 sit
1325 2191 1407 2272 scrip
1501 2170 1502 2181 ί

230 2299 302 2358 tura
336 2296 440 2359 verior
474 2294 593 2378 ubique
626 2294 689 2360 loci
725 2297 881 2360 sententia
914 2294 1041 2360 clamat.
1076 2294 1266 2360 Ridiculum
1299 2297 1407 2362 vitium
1501 2300 1502 2315 l

160 2475 162 2478 Ι
228 2397 387 2464 insederat
420 2398 510 2464 Tem.
543 2399 599 2464 III.
637 2399 711 2470 172.
745 2401 776 2467 6.
813 2404 826 2468 ε’
852 2401 882 2466 δὲ
906 2401 995 2483 ἠρίςα
1019 2400 1115 2479 μένων
1140 2401 1192 2465 καί
1217 2401 1326 2466 πίΝοον
1347 2397 1407 2464 ε’κοί·

230 2505 331 2569 tecte.
360 2512 430 2588 post
456 2511 579 2588 potum,
616 2506 721 2586 credo,
760 2511 868 2593 itaque
903 2527 922 2574 a
950 2507 1082 2572 Reiskio
1113 2507 1187 2572 πιών
1214 2509 1335 2592 accipe.
1376 2504 1406 2568 ln

230 2609 350 2674 talibus
381 2609 506 2712 nullam
537 2610 692 2677 librorum
722 2613 801 2678 Mss.
832 2616 988 2679 rationem
1010 2614 1189 2680 habendam
1212 2635 1279 2680 asse
1302 2612 1407 2699 perspi·
1501 2710 1502 2713 Ἴ

230 2735 329 2781 cuum
352 2722 409 2782 est.

566 2905 790 2964 ΦΛΕΓΟΜΑΙ
817 2937 857 2948 -
882 2899 1079 2982 Φίίγγομαο.

274 3075 432 3145 Oonfundi
455 3075 531 3143 haec
554 3079 638 3144 inter
661 3101 695 3145 se
718 3082 843 3164 saepius
863 3083 1069 3146 ostendimus.
1107 3081 1247 3148 Accedat
1266 3077 1406 3147 Libanius

229 3183 283 3251 IV.
317 3184 393 3255 775.
428 3184 480 3249 19.
512 3185 565 3250 καί
599 3187 678 3264 πίθῳ
706 3188 920 3266 Φίεγγίμενος
951 3187 1002 3252 καὶ
1035 3189 1198 3261 δυναςείας
1220 3178 1406 3266 ιἐπαιρόμενον

229 3290 327 3373 ὄγκῳ.
353 3295 420 3358 imo
445 3313 519 3359 vero
544 3292 621 3372 πίθῳ
646 3291 871 3371 ΦΛΕγίμενοο.

600 3508 732 3567 HOCIN
758 3538 800 3550 -
826 3510 927 3581 ποεῖν,
953 3512 1057 3570 ποιεῖν.

276 3684 430 3776 Liberius
457 3682 513 3748 III.
546 3681 624 3749 209.
660 3681 691 3748 6.
723 3687 902 3750 πλανᾶσθαι
934 3688 1020 3751 κατα
1051 3688 1105 3762 την
1130 3685 1220 3752 πόλιν
1244 3681 1405 3763 απεκρηκίσι

231 3799 373 3856 ποιεῖν.
408 3789 577 3854 Reiskius:
601 3788 778 3867 ἀπειρηκόσι
801 3799 945 3857 nocrN.
969 3791 1167 3858 Rectissime.
1182 3787 1342 3859 cf.1.536.
1357 3785 1405 3852 24.

232 3897 257 3962 ol
282 3895 314 3960 δὲ
338 3893 566 3974 -παρηβηκίσν
590 3895 706 3960 ποσίν
730 3894 862 3976 ἔτρεχον.

636 4112 797 4171 nAIAec
822 4142 863 4154 -·-
889 4105 1010 4172 παιδία.

275 4286 428 4356 Libanius
462 4281 518 4349 ΠΙ.
555 4283 631 4350 362.
666 4285 694 4350 9.
729 4288 810 4370 φασὶ
844 4286 883 4352 δέ·
906 4312 975 4353 τινα
1007 4289 1164 4378 (ίρχηςην)
1190 4291 1221 4354 ἐν
1245 4283 1404 4376 Παλανςίνη
1500 4305 1501 4308 ’
