3034 4968
590 1031 677 1121 lo
719 993 1094 1123 ursslnrun

707 1313 970 1358 *ffi-
1134 1348 1137 1355 .

654 1539 764 1594 Libanii
796 1540 944 1611 Sophistae
974 1540 1119 1598 Orationes
1147 1545 1178 1595 et
1206 1538 1418 1596 Declamatioucs

690 1629 829 1684 recensuit
849 1630 887 1684 lo.
907 1630 1024 1686 lacobus
1043 1630 1151 1686 Reislre.
1176 1629 1360 1685 1791-1797.

290 1897 368 1964 Post
398 1919 555 1986 magnum
577 1899 730 1983 temporis
752 1897 961 1964 intervallum
985 1904 1017 1963 et
1041 1897 1160 1963 multas
1184 1898 1263 1964 alias
1286 1893 1420 1963 curasad

246 2004 419 2070 libanium
446 2011 594 2069 revertor.
642 2003 690 2068 De
720 2004 825 2088 prima
855 2007 995 2069 oratione
1028 2005 1094 2082 περὶ
1123 2014 1179 2078 τῆς
1204 2005 1312 2069 {aaroni
1334 2005 1419 2081 τύχον
1501 2005 1502 2034 ¹

246 2112 281 2173 in
314 2111 503 2194 Mnemosyne
532 2111 680 2194 exposui,
712 2130 796 2174 nunc
825 2109 948 2193 reliqua
980 2111 1087 2176 ordine
1122 2131 1291 2196 persequar
1321 2111 1420 2176 omnia

291 2213 503 2279 Praemittam
541 2221 650 2280 autem
685 2214 918 2280 observationes
953 2216 1107 2301 quasdam
1141 2219 1364 2303 grammaticas
1395 2215 1423 2276 et

246 2317 525 2406 palaeographicae
546 2318 726 2407 generales,
752 2321 864 2386 deinde
887 2321 925 2386 dc
949 2321 1085 2409 singulis
1107 2320 1185 2387 locis
1209 2323 1356 2387 dicturus.

271 2581 400 2651 Δονοῑς,
423 2574 523 2651 δοκεῖ,
551 2575 666 2639 δοκεῖτε
691 2590 857 2640 coaeum
879 2592 914 2638 m
937 2573 1045 2658 δοκῇς,
1069 2573 1183 2653 δοκοῖς,
1208 2575 1321 2648 δοκοίης
1343 2587 1404 2638 ear.

293 2752 498 2820 Tralaticium
527 2756 587 2821 hoc
609 2759 643 2820 in
665 2757 814 2822 omnibus
836 2755 927 2820 libris
950 2757 1047 2820 etiam
1072 2758 1300 2821 vetustissimis
1321 2756 1426 2821 vitium

247 2865 296 2928 est
319 2863 353 2925 in
376 2859 454 2925 locis
476 2863 521 2926 sic
544 2864 726 2946 compositis
749 2868 787 2926 ut
809 2861 895 2946 apud
917 2861 1089 2926 Libanium
1113 2859 1154 2925 ΙΙ.
1179 2859 1256 2926 264.
1281 2861 1311 2926 6.
1334 2857 1427 2936 σώζειν

247 2965 285 3031 ἂν
311 2966 424 3030 -dcxci
431 2989 439 3050 3
463 2965 519 3030 ΙΠ.
545 2965 620 3032 417.
647 2966 675 3035 7.
701 2962 750 3044 ἄρ’
770 2967 808 3031 ἂν
830 2965 1081 3041 -οὶνοοβολέοθοοο
1102 2965 1214 3044 danaim
1236 2965 1278 3032 ll.
1292 2965 1353 3032 356
1379 2961 1425 3028 21.

247 3073 300 3137 οὐκ
331 3070 369 3136 ἂν
400 3072 495 3135 εἰπεῖν
526 3095 570 3136 οοο
604 3073 690 3154 dcam
724 3070 778 3136 IV.
813 3069 887 3137 371.
924 3068 978 3136 27.
1003 3069 1066 3134 οὐδ’
1093 3071 1131 3136 ἂν
1155 3072 1254 3150 θάψον
1283 3096 1324 3136 τοο
1346 3072 1426 3148 δοκῇ.

246 3176 300 3242 lv.
326 3175 402 3242 393.
428 3176 459 3241 5.
484 3179 537 3242 ota
561 3172 599 3240 ἄν
623 3201 668 3242 οοο
693 3178 763 3258 δοκῇ
787 3185 920 3254 Φυγοῒνς
944 3175 998 3240 IV.
1025 3175 1102 3242 606.
1129 3177 1180 3242 15.
1204 3177 1275 3242 riva
1296 3179 1379 3260 δοκῇς
1398 3173 1430 3239 ἂν

247 3285 405 3361 {deificam
439 3282 492 3347 lv.
525 3281 602 3347 695.
635 3283 666 3348 8.
699 3277 748 3356 ἆρ’
779 3281 817 3346 ἄν
847 3307 889 3359 με
920 3281 1007 3362 δοκῇς
1039 3281 1201 3362 ildariam
1228 3283 1283 3348 iv.
1306 3281 1380 3348 811.
1402 3279 1429 3342 4.

245 3392 330 3462 τίνος
356 3389 394 3454 ἂν
417 3389 527 3455 ἐκεῖνον
550 3390 678 3469 ἀφεῖναι
702 3389 809 3462 δοκῆτε
836 3387 896 3459 τοὶς
920 3388 1047 3472 cosam

291 3494 428 3560 Nullum
460 3495 528 3560 vidi
557 3491 707 3560 Codicum
737 3501 806 3559 tam
838 3504 980 3560 veterem
1010 3499 1042 3558 et
1073 3494 1210 3579 probum
1233 3497 1268 3559 in
1294 3514 1355 3580 quo
1376 3511 1432 3557 non

160 3594 163 3599 ’
247 3599 369 3665 similes
399 3599 486 3666 hisce
516 3621 635 3666 errores
664 3607 697 3666 et
719 3599 897 3665 soloecismi
922 3606 1109 3683 appareant,
1135 3620 1272 3685 quorum
1295 3596 1434 3666 nonnulli

247 3705 288 3769 ad
318 3705 403 3769 hunc
432 3726 532 3790 usque
561 3706 645 3772 diem
677 3708 774 3771 bonos
806 3708 973 3790 scriptores
1006 3705 1184 3790 deturpant.
1232 3705 1434 3791 Inspiciamus

245 3807 508 3880 Demosthenem.
531 3832 596 3899 pag
630 3810 684 3877 43.
711 3811 764 3876 28.
789 3815 828 3883 ὥς
852 3813 891 3875 ἄν
911 3835 962 3888 μον
987 3811 1123 3888 etan-ee
1145 3811 1197 3875 κοο1
1218 3813 1342 3891 οοὶχοςοι
1362 3810 1437 3874 δοκεῖ

248 3917 560 3998 πορνοκευοοοθῆνοιν,
592 3915 626 3983 S.
660 3915 741 3988 δοκνν
774 3913 847 3982 192.
881 3916 912 3981 5.
945 3918 1041 3982 εἰπεῖν
1069 3915 1113 3981 ὅτι
1141 3941 1193 3994 μον
1216 3924 1379 3998 σωφρονεῖν
1401 3912 1435 3978 ἂν

247 4028 383 4098 δοκεῖτε,
420 4023 465 4087 sic
499 4019 532 4088 8.
567 4025 683 4088 caeteri
714 4025 841 4088 δοκοῖοε.
899 4022 1061 4108 Aristoph.
1098 4021 1181 4107 Vesp.
1221 4021 1320 4088 1405.
1357 4025 1436 4088 recte

246 4131 431 4202 Ravennae:

603 4299 608 4318 ⁸
716 4239 877 4315 σωφρονεῖν
900 4231 939 4298 ἄν
961 4256 1013 4312 μον
1038 4232 1152 4306 δοκεῖς.

245 4345 411 4428 sedidem
433 4345 468 4409 in
491 4341 581 4408 Pluto
605 4335 680 4406 380.
705 4338 810 4406 dedit:
