3034 4970
805 217 869 293 168

239 424 272 485 et
301 415 385 504 apud
416 416 611 483 Lueianum:
638 423 709 490 πῶς
732 422 783 484 νῦν
807 419 820 482 t
846 417 937 498 πυρός
962 418 1023 486 εἐιν
1047 417 1143 498 ώνιος;
1169 423 1202 484 et
1225 421 1270 484 sie
1295 419 1409 483 dicitu:

239 531 303 597 πῶς
327 521 522 603 πεπράκασιν
546 524 578 587 αἰ
603 524 807 602 οἰνοπώλιδες;
831 524 866 589 id
889 528 937 589 est
961 527 1025 595 πῶς
1047 524 1061 587 θ
1082 519 1156 597 οἰνος
1178 523 1277 602 ώνιος;
1296 523 1411 588 Fallitur

239 636 348 696 autem
376 629 529 693 libanius
558 627 672 714 hospes
701 631 736 693 in
768 630 834 694 fore
866 629 1111 694 Atheniensium
1144 630 1203 702 τοῖς
1237 627 1411 700 οἰνοπώλιδιις

238 755 506 813 commemorans,
527 733 597 806 τοὺς
617 735 680 815 γοδρ
702 736 867 809 οἰνοπώλας
889 735 981 816 ἐχρῆν
998 735 1091 800 αύτδν
1104 734 1281 818 θνομοίζειν,
1294 753 1413 819 namque

238 842 302 908 alia
330 843 406 918 viri,
438 840 502 905 alia
531 840 682 906 mulieres
714 841 903 907 vendebant.
948 841 1048 906 Erant
1082 845 1168 908 enim
1201 848 1311 910 contra
1334 861 1415 908 usum

237 952 382 1013 nostrum
406 947 616 1030 ἰχθυοπῶλαι,
641 952 730 1012 erant
751 946 985 1025 βιβλιοπώλαι,
1009 948 1064 1012 sed
1087 948 1308 1029 οἰρτοπώλιδες,
1331 952 1415 1026 ςεφα-

238 1052 417 1129 νοπώλιδες,
445 1052 690 1137 ταινιοπύλιδες,
714 1052 982 1132 λαχανοπώλιδες.
1019 1049 1131 1118 Animi
1153 1075 1248 1120 eausa
1271 1055 1347 1120 duos
1368 1051 1416 1117 Oe

224 1161 338 1224 'mieoe
361 1162 457 1224 testes
480 1157 670 1243 producam:
693 1159 926 1246 Nicophontem
950 1159 1106 1226 Athenaei
1128 1181 1202 1248 pag.
1231 1157 1306 1226 126.
1329 1178 1356 1224 u.

466 1263 770 1342 μεμβραδοπώλαις,
795 1265 1055 1346 οἰχραδοπώλαις,

466 1355 716 1455 ἰσχαδοπώλαις,
741 1370 1000 1452 διφθεροπώλαις,

464 1477 703 1557 ἀλφιτοπώλαις
713 1524 721 1555 ,
747 1477 975 1556 μνςριοπύλαις
987 1526 995 1555 ,

464 1579 711 1661 βιβλιοπώλαις,
737 1583 993 1662 κοσκινοπώλαις,

464 1686 723 1767 ἐγκριδοπώλαις,
748 1690 1049 1770 σπερματοπώλαις.
1159 1682 1161 1686 ’

238 1800 270 1860 et
291 1793 461 1880 Diphilum
483 1793 601 1859 Athen.
625 1814 701 1881 pag,
727 1793 802 1859 499.
828 1814 858 1859 n.

463 1898 602 1974 κώπκλυς
627 1898 803 1979 ἠδικημένος
828 1901 880 1965 ὑπ’
904 1900 1075 1967 οἰνοπώλου.

546 2223 850 2275 numunianum
874 2211 892 2284 ἡ
916 2207 989 2289 θύρα
1013 2212 1122 2292 ψοφεῖ.

283 2436 396 2501 Liban.
427 2431 480 2499 IV.
513 2432 587 2497 148.
622 2431 674 2497 13.
708 2436 725 2508 ἡ
758 2433 831 2513 θύρα
861 2438 980 2514 ψοφεῖ.
1012 2433 1060 2505 τίς
1085 2432 1115 2498 δὲ
1140 2434 1154 2498 θ
1180 2435 1295 2515 παίων,
1323 2437 1417 2505 οἰκεῖος

145 2542 147 2545 ’
238 2550 293 2616 τθς
324 2536 487 2619 χυναικθς.
521 2537 617 2604 πώλιν
647 2544 765 2620 ψοφεῖ.
799 2539 884 2604 παύει
911 2540 943 2604 δὲ
966 2540 1031 2618 τίς,
1057 2541 1163 2614 οἰκεῖος
1189 2550 1244 2617 τῆς
1269 2539 1417 2620 χυναικύς.

239 2647 291 2713 Sic
326 2649 412 2712 enim
448 2666 486 2709 ex
519 2644 611 2709 libris
641 2644 823 2732 legendum.
867 2645 974 2734 Vulgo
1005 2647 1119 2712 desunt
1150 2649 1264 2714 uerba:
1285 2649 1333 2719 σίε
1356 2647 1418 2712 att

238 2754 353 2830 παίννν;
380 2789 421 2801 -
446 2751 542 2815 πώλιν
572 2757 679 2831 φυφεί.
723 2751 847 2816 Mirum
878 2757 925 2817 est
956 2751 1025 2823 τοὺς
1058 2753 1273 2834 οἰττικίζοντας
1299 2754 1420 2841 linguae

237 2861 364 2925 Atticae
394 2862 462 2920 tam
494 2877 560 2920 esee
586 2859 761 2941 imperitos.
801 2859 911 2940 Orepat
939 2858 1044 2921 οοθίανι
1077 2859 1094 2932 ἡ
1124 2860 1196 2939 θύρα
1220 2866 1338 2942 ψοφεῖ,
1363 2881 1421 2922 ονο-

239 2965 353 3048 ονοραίἰ
381 2957 487 3027 uatium
518 2962 675 3044 ε’φθφκκεν
708 2965 724 3037 εἰ
750 2962 840 3043 θύρα,
869 2967 897 3028 εἰ
920 2967 991 3049 quis
1015 2965 1166 3045 εροεύίύαν
1179 2967 1293 3052 forna,
1319 2971 1352 3032 et
1374 2966 1421 3050 qui

229 3072 337 3156 ρουίοαύ
371 3071 490 3134 ostium
524 3067 646 3132 κύπτειν
680 3071 734 3142 τίρν
766 3069 855 3149 θύραν
887 3069 940 3136 vel
969 3069 1082 3149 κρούειν
1106 3071 1232 3136 dicitur.
1269 3073 1374 3137 Παίειν
1396 3074 1422 3133 et

237 3165 366 3243 τύπτειν
390 3176 543 3239 uerberare
567 3179 599 3239 et
612 3174 718 3260 ferire
743 3175 781 3239 ab
805 3175 864 3240 hae
887 3197 921 3241 re
945 3175 1176 3241 alienissimum
1199 3183 1257 3244 eet.
1295 3178 1422 3265 Legerat

236 3286 345 3348 temen
375 3280 528 3346 libanius
550 3279 713 3366 ,plurimos
742 3277 903 3361 Geminos,
937 3281 991 3347 sed
1016 3281 1055 3347 ad
1079 3282 1204 3348 dicendi
1227 3305 1323 3349 naum
1345 3281 1421 3348 Rhe·

237 3392 321 3455 torea
342 3407 406 3453 non
428 3386 571 3453 multum
596 3386 812 3453 attendebant.

660 3695 776 3770 Ἱκύτκς
801 3733 844 3746 -
870 3695 1017 3772 ΟΙκθτκς.

280 3919 433 3985 Libaniua
463 3918 518 3985 lV.
550 3917 626 3984 303.
658 3918 689 3984 8.
722 3924 828 3986 ταῦτα
852 3923 877 3986 οἰ
902 3922 1031 4002 χρκςνί,
1059 3926 1084 3990 οἰ
1105 3923 1176 3996 τοὺς
1199 3923 1296 4001 ξένους
1323 3920 1422 3989 οἰκτεί·

235 4049 293 4108 ρειν
323 4023 479 4110 εἰωθότες,
511 4027 537 4089 οἰ
569 4025 639 4097 τοὺς
665 4027 804 4100 ΟΙκέτας
829 4027 1008 4105 αἰδούμενοι.
1046 4027 1228 4097 Sexcenties
1250 4030 1422 4099 uidebiain

235 4130 326 4197 libris
349 4133 512 4216 εαρρθίοοο,
532 4130 603 4204 τοὺς
627 4132 768 4210 Ἱκέτας,
789 4137 823 4198 in
844 4134 964 4210 οἰκέτας
985 4157 1159 4206 eonveraoa.
1194 4139 1284 4205 Nunc
1304 4151 1423 4220 queque

194 4327 195 4330 Ἴ
234 4237 342 4313 ἱκέτας
368 4259 434 4303 esse
457 4237 632 4324 legendum
657 4241 794 4306 ostendit
817 4241 997 4320 αἰδούμενοι.
