3086 4968
681 259 745 333 521

291 450 362 520 Ι’99.
389 457 442 522 lc.
467 457 527 535 eya
551 457 582 522 δὲ
606 456 675 530 τούς
701 450 863 535 προγόνους
886 455 954 526 τούς
980 451 1141 534 ὑμετέρους
1166 448 1217 518 κοιί
1245 448 1304 525 ricc

365 563 480 628 ἐκείνων
514 566 679 641 οίνιιιιοιλῦ,
713 558 751 626 ὑν
787 561 847 625 οὐδ’
882 563 919 626 ‘0
955 560 1061 642 χρόνος
1096 562 1150 635 τήν
1182 560 1305 638 μνήμην

397 673 459 734 'tur
483 670 576 743 οὐδεὶς
600 668 704 751 χρόνος
730 670 765 731 in
784 667 885 731 futuri
904 669 1057 752 temporis
1076 664 1306 754 significatione

458 798 484 839 u
517 797 572 861 pro
603 775 708 841 Deiot.
737 771 789 839 37.
818 775 890 837 tcee
912 775 998 836 ιοιιίίο
1021 795 1155 859 umquem
1178 779 1307 836 uetustos

528 883 636 945 delebit
659 879 777 944 obliuio.

557 989 604 1051 ’λ’
629 988 731 1050 ἐκεῖνον
754 987 810 1064 μὲν
834 987 956 1068 οίρχοιῦοι
980 985 1032 1051 κοιί
1060 982 1197 1050 ποιλοιιοί.
1231 987 1305 1049 ἀλλ’

617 1118 623 1140 ν
648 1090 746 1174 πρῴην
769 1091 941 1170 Εὐβοεῦσιν
965 1093 1080 1173 ήμερῦν
1103 1096 1189 1173 τριῦν
1214 1090 1305 1169 ε’βοη·

629 1198 772 1271 τπόνδους
808 1198 1037 1277 ἀπεπέμψατε.
1096 1197 1210 1262 Dicam
1245 1215 1306 1280 quo

549 1329 571 1368 ,ε
595 1305 747 1370 mendum
771 1307 874 1369 sanari
895 1306 1013 1389 possit:
1038 1325 1114 1369 nam
1138 1304 1209 1387 quis
1236 1321 1307 1367 oon-

477 1439 504 1482 ,ς
538 1411 685 1491 ἑοροίκοιτε
713 1407 758 1474 ότι
784 1407 880 1490 πρῴην
902 1409 1071 1487 Εὐβοεῦσιν
1095 1406 1306 1487 ἑβοηύήσοιτεί

392 1538 500 1601 μοι’,
544 1525 1013 1592 ΑΛΛΑΠΑΝΤΕΟΙΕΘΟΤΙ,
1058 1515 1170 1580 deinde
1205 1515 1307 1580 Scriba

331 1645 407 1688 ,ram
431 1625 506 1688 ἀλλ’
532 1619 554 1689 ὑ
578 1621 693 1693 ποίνσες
717 1621 776 1687 ἴσθ’
803 1619 847 1688 ότι
872 1643 929 1708 pro
951 1623 1040 1687 ἀλλὰ
1065 1623 1181 1692 ποίντες
1206 1621 1307 1687 dedis-

262 1731 338 1794 ndit
367 1732 472 1795 nescio
504 1732 575 1815 quis
602 1728 760 1811 ἑοροίιιοιτε.
819 1729 1009 1794 Rectissime
1031 1728 1129 1793 habet
1148 1726 1238 1792 locus
1262 1729 1307 1792 sic

185 1852 269 1915 ²ltus:
302 1837 368 1901 οίλλ
396 1836 501 1901 ’ἐκεῖνοι
526 1835 582 1913 μὲν
606 1837 729 1917 οίρχοιῖοι
753 1834 805 1901 aut
829 1833 970 1900 ποιλοιιοί·
995 1834 1084 1900 attide
1109 1832 1223 1905 πιόντες
1249 1829 1305 1897 ἴσθ’

131 1959 167 1999 ,τι
197 1936 292 2020 πρῴην
323 1942 495 2021 Εὐβοεῦσιν
526 1946 642 2023 ήμερῦν
673 1944 758 2022 τριῶν
790 1941 993 2019 ε’βοηόήσοιτε.
1042 1939 1173 2027 Pugnat
1207 1941 1307 2004 etiam

129 2039 263 2122 ἕοροίκοιτε
307 2069 381 2113 cum
415 2049 522 2117 verbis
557 2048 609 2113 κοιί
646 2048 803 2125 Θηβαίους
840 2047 1044 2120 ὑποσπόνδους
1078 2045 1305 2126 οὐπεπέμψοιτε.

126 2149 303 2219 dedicerant
327 2157 414 2221 enim
437 2156 497 2220 hoc
521 2153 680 2240 plerique,
704 2175 767 2220 non
790 2155 938 2219 viderent.

164 2405 241 2498 Peg.
276 2412 352 2479 598.
384 2412 414 2478 9.
439 2416 608 2499 postquam
632 2411 756 2479 dixerat
779 2409 916 2478 salutem
940 2413 1018 2498 reip.
1042 2413 1076 2477 in
1100 2411 1198 2478 classe
1222 2411 1306 2496 (τοῖς

123 2515 272 2604 τριήρεσιν)
298 2539 366 2586 esse
389 2522 525 2605 positam
545 2521 592 2584 ita
611 2522 734 2606 pergit:
758 2519 782 2583 εί
803 2520 865 2600 γὰρ
886 2517 993 2585 πόντοι
1013 2513 1121 2583 τᾶλλο
1145 2519 1175 2606 (t
1195 2517 1308 2602 βουλή)

124 2614 271 2696 διοικήσειε
292 2626 414 2703 cattis,
441 2624 478 2689 δι’
501 2619 539 2690 ὧν
563 2625 594 2690 δὲ
616 2623 652 2689 τό
676 2628 704 2690 τ’
730 2625 764 2703 ἐξ
787 2626 885 2703 οίρχής
911 2627 1003 2688 τοῦτ’
1027 2622 1227 2702 εἰιτησοίμεόοι
1254 2621 1306 2687 aa}

121 2727 166 2789 νῦν
195 2728 330 2811 σῴζομεν
358 2731 479 2805 τοιύτοις
504 2733 547 2808 μή
572 2733 732 2807 ποιήσοιτο
760 2729 831 2814 [τοὶς
855 2731 981 2809 τριήρεις
1005 2728 1101 2813 λέγω]
1128 2729 1210 2793 οὐδὲν
1229 2728 1307 2793 ε’κεί-

12 2815 31 2840 ”
121 2851 169 2895 νον
198 2833 322 2918 ίφειιος.
369 2837 502 2921 Expelle
532 2837 655 2922 puerile
685 2836 941 2902 additamentum
973 2836 1064 2918 quasi
1087 2839 1245 2899 metueret
1268 2857 1308 2900 ne

118 2937 233 3007 iudices
257 2966 321 3030 qua
346 2944 384 3010 de
407 2965 441 3008 re
454 2946 613 3031 'ageretur
636 2941 729 3009 obliti
753 2945 865 3007 essent.
910 2939 1044 3006 Videtur
1067 2939 1145 3004 olim
1168 2942 1202 3004 in
1225 2961 1309 3006 mar·

117 3046 188 3130 glus
212 3050 411 3138 adscriptum
436 3050 533 3115 fuisse
557 3050 616 3123 τίις
641 3049 765 3130 τριήρεις
789 3030 845 3126 ai,
871 3048 906 3112 id
930 3053 977 3113 cst
1000 3044 1100 3124 λέγει.

155 3283 234 3378 Pag.
270 3288 348 3357 598.
375 3289 430 3357 20.
454 3290 519 3357 οὐτ’
544 3289 583 3356 av
607 3285 693 3361 οὗτος
718 3287 783 3370 ἔχοι
808 3289 913 3368 styra
937 3287 996 3353 οὐθ’
1021 3288 1109 3366 ὑμεῖς
1134 3288 1306 3363 πεισθείητε

120 3390 195 3480 [σίν].
242 3397 410 3464 Omissum
440 3400 474 3462 in
505 3395 590 3463 Soio
614 3397 861 3484 expungendum
885 3401 944 3462 est.
991 3396 1064 3462 Non
1088 3400 1136 3460 est
1159 3415 1215 3460 suo
1238 3393 1307 3460 loco

113 3504 264 3582 positum.
315 3502 351 3568 si
383 3504 556 3570 addidisset
586 3503 816 3569 Demosthenes
847 3501 910 3568 οὐτ’
944 3501 982 3567 ίιν
1015 3504 1103 3579 ὑμεῖς
1138 3501 1307 3577 πεισθείητε

116 3603 257 3676 dixisset.
307 3609 369 3674 Sed
400 3610 623 3696 percommode
653 3612 686 3674 in
708 3610 894 3676 huiusmodi
920 3610 1147 3694 compositione
1172 3607 1310 3675 alterum

115 3709 152 3786 ὐν
175 3718 354 3782 omittitur.

158 3951 240 4043 Pag.
277 3953 355 4020 599.
388 3953 442 4020 20.
475 3953 521 4021 ότι
554 3956 650 4020 τοίνυν
683 3957 742 4021 οὐδ’
775 3956 871 4031 οιίτιος
907 3954 1003 4028 σίλλος
1035 3956 1130 4028 οὐδείς
1155 3955 1312 4036 οίνόρῴπιον

114 4057 158 4126 ε’ςί
184 4065 240 4125 τοῦ
268 4060 313 4139 μή
338 4061 519 4134 πεποιήσόοιι
545 4061 603 4134 τίις
630 4068 702 4134 νοιύς
723 4069 833 4145 σοφῶς
854 4065 924 4141 ὑμῖν
945 4063 1094 4138 ἐπιδείξω.
1133 4062 1312 4130 Audiamus

114 4184 174 4248 quo
206 4172 304 4253 pacto
335 4167 369 4233 id
401 4171 565 4254 perspicue
594 4169 876 4234 demonstraverit:
903 4171 1058 4234 ὐνελοῦσοι
1081 4169 1145 4251 γὰρ
1171 4172 1187 4245 ή
1212 4170 1311 4248 βουλή
1362 4213 1368 4224 ·

112 4268 163 4334 τόν
200 4271 294 4350 νόμον
327 4277 433 4339 τοῦτον
466 4275 689 4355 ἐχειροτόνησεν
722 4275 828 4349 οιὺτήν.
878 4275 963 4356 Quid
994 4281 1064 4340 tum
1088 4273 1216 4362 postea?
1263 4276 1312 4343 Ne

112 4378 252 4446 verbum
277 4380 408 4465 quidem
430 4379 572 4474 amplius
595 4381 732 4448 additur.
769 4380 855 4466 Quid
879 4381 992 4451 multis
1014 4383 1120 4454 verbis
1144 4403 1223 4470 opus
1242 4380 1311 4452 esti
