<?xml version="1.0" encoding="UTF-8"?>
<!DOCTYPE html PUBLIC "-//W3C//DTD XHTML 1.0 Transitional//EN"
    "http://www.w3.org/TR/xhtml1/DTD/xhtml1-transitional.dtd">
<html xmlns="http://www.w3.org/1999/xhtml" xml:lang="en" lang="en">
 <head>
  <title>
</title>
<meta http-equiv="Content-Type" content="text/html;charset=utf-8" />
  <meta name='ocr-system' content='tesseract 3.04.00' />
  <meta name='ocr-capabilities' content='ocr_page ocr_carea ocr_par ocr_line ocrx_word'/>
</head>
<body>
  <div class='ocr_page' id='page_1' title='image "./miscellaneacrit02cobegoog_0104.png"; bbox 0 0 3034 4968; ppageno 0'>
   <div class='ocr_carea' id='block_1_1' title="bbox 704 162 869 280">
    <p class='ocr_par' dir='ltr' id='par_1_1' title="bbox 704 162 869 280">
     <span class='ocr_line' id='line_1_1' title="bbox 704 162 869 280; baseline -0.006 0"><span class='ocrx_word' id='word_1_1' title='bbox 704 162 869 280; x_wconf 39' lang='lat' dir='ltr'><strong>&#39;so</strong></span> 
     </span>
    </p>
   </div>
   <div class='ocr_carea' id='block_1_2' title="bbox 252 396 1428 898">
    <p class='ocr_par' dir='ltr' id='par_1_2' title="bbox 252 396 1428 898">
     <span class='ocr_line' id='line_1_2' title="bbox 297 396 1428 489; baseline 0.002 -27"><span class='ocrx_word' id='word_1_2' title='bbox 297 396 420 464; x_wconf 86' lang='lat' dir='ltr'><strong>Iterum</strong></span> <span class='ocrx_word' id='word_1_3' title='bbox 451 397 536 464; x_wconf 84' lang='lat' dir='ltr'><strong>fallit</strong></span> <span class='ocrx_word' id='word_1_4' title='bbox 567 397 590 465; x_wconf 80' lang='lat' dir='ltr'>S</span> <span class='ocrx_word' id='word_1_5' title='bbox 620 399 654 464; x_wconf 94' lang='lat' dir='ltr'><strong>in</strong></span> <span class='ocrx_word' id='word_1_6' title='bbox 684 399 804 467; x_wconf 80' lang='lat' dir='ltr'><strong>vicinia</strong></span> <span class='ocrx_word' id='word_1_7' title='bbox 831 422 905 489; x_wconf 80' lang='lat' dir='ltr'><strong>pag.</strong></span> <span class='ocrx_word' id='word_1_8' title='bbox 939 398 1015 474; x_wconf 87' lang='grc'><strong>206.</strong></span> <span class='ocrx_word' id='word_1_9' title='bbox 1045 399 1076 465; x_wconf 88' lang='grc'><strong>9.</strong></span> <span class='ocrx_word' id='word_1_10' title='bbox 1100 400 1157 480; x_wconf 60' lang='lat' dir='ltr'><strong>dulci</strong></span> <span class='ocrx_word' id='word_1_11' title='bbox 1180 399 1244 481; x_wconf 73' lang='grc' dir='ltr'><strong>γὰρ</strong></span> <span class='ocrx_word' id='word_1_12' title='bbox 1267 399 1306 466; x_wconf 81' lang='grc' dir='ltr'><strong>θον</strong></span> <span class='ocrx_word' id='word_1_13' title='bbox 1328 396 1428 480; x_wconf 83' lang='grc' dir='ltr'><em>Φιλόν-</em></span> 
     </span>
     <span class='ocr_line' id='line_1_3' title="bbox 254 504 1426 594; baseline 0 -27"><span class='ocrx_word' id='word_1_14' title='bbox 254 504 360 582; x_wconf 79' lang='grc' dir='ltr'><em>θοωσοι</em></span> <span class='ocrx_word' id='word_1_15' title='bbox 381 504 521 581; x_wconf 76' lang='grc' dir='ltr'><em>γίνοιντο.</em></span> <span class='ocrx_word' id='word_1_16' title='bbox 558 505 774 594; x_wconf 78' lang='lat' dir='ltr'><strong>Incongruum</strong></span> <span class='ocrx_word' id='word_1_17' title='bbox 795 513 843 572; x_wconf 88' lang='lat' dir='ltr'><strong>est</strong></span> <span class='ocrx_word' id='word_1_18' title='bbox 862 506 1014 585; x_wconf 72' lang='grc' dir='ltr'><em>γίνοιντοτ</em></span> <span class='ocrx_word' id='word_1_19' title='bbox 1035 506 1141 572; x_wconf 82' lang='lat' dir='ltr'><strong>ridens</strong></span> <span class='ocrx_word' id='word_1_20' title='bbox 1160 509 1247 572; x_wconf 87' lang='lat' dir='ltr'><strong>enim</strong></span> <span class='ocrx_word' id='word_1_21' title='bbox 1267 507 1326 572; x_wconf 86' lang='lat' dir='ltr'><strong>hcc</strong></span> <span class='ocrx_word' id='word_1_22' title='bbox 1344 505 1426 570; x_wconf 84' lang='lat' dir='ltr'><strong>dicit:</strong></span> 
     </span>
     <span class='ocr_line' id='line_1_4' title="bbox 252 612 1426 698; baseline 0.001 -26"><span class='ocrx_word' id='word_1_23' title='bbox 252 631 321 672; x_wconf 86' lang='grc' dir='ltr'><em>νοουο</em></span> <span class='ocrx_word' id='word_1_24' title='bbox 349 633 413 674; x_wconf 81' lang='lat' dir='ltr'><strong>cero</strong></span> <span class='ocrx_word' id='word_1_25' title='bbox 444 612 560 698; x_wconf 77' lang='lat' dir='ltr'><strong>quidem</strong></span> <span class='ocrx_word' id='word_1_26' title='bbox 591 613 663 676; x_wconf 80' lang='grc' dir='ltr'><em>όοοο</em></span> <span class='ocrx_word' id='word_1_27' title='bbox 693 630 791 678; x_wconf 78' lang='lat' dir='ltr'><strong>nssnu</strong></span> <span class='ocrx_word' id='word_1_28' title='bbox 821 631 904 677; x_wconf 75' lang='lat' dir='ltr'><strong>unus</strong></span> <span class='ocrx_word' id='word_1_29' title='bbox 930 612 1115 694; x_wconf 74' lang='grc' dir='ltr'><em>όοαίηοοόόοο,</em></span> <span class='ocrx_word' id='word_1_30' title='bbox 1139 633 1203 677; x_wconf 91' lang='lat' dir='ltr'><strong>non</strong></span> <span class='ocrx_word' id='word_1_31' title='bbox 1224 629 1426 678; x_wconf 75' lang='lat' dir='ltr'><strong>unscuunnue.</strong></span> 
     </span>
     <span class='ocr_line' id='line_1_5' title="bbox 252 713 1426 804; baseline 0.002 -26"><span class='ocrx_word' id='word_1_32' title='bbox 252 713 363 800; x_wconf 85' lang='lat' dir='ltr'><strong>ltaque</strong></span> <span class='ocrx_word' id='word_1_33' title='bbox 403 718 618 782; x_wconf 80' lang='lat' dir='ltr'><strong>revocandum</strong></span> <span class='ocrx_word' id='word_1_34' title='bbox 659 718 743 804; x_wconf 89' lang='lat' dir='ltr'><strong>quod</strong></span> <span class='ocrx_word' id='word_1_35' title='bbox 777 722 825 782; x_wconf 85' lang='lat' dir='ltr'><strong>est</strong></span> <span class='ocrx_word' id='word_1_36' title='bbox 855 717 890 781; x_wconf 93' lang='lat' dir='ltr'><strong>in</strong></span> <span class='ocrx_word' id='word_1_37' title='bbox 925 717 997 783; x_wconf 85' lang='lat' dir='ltr'><strong>eliis</strong></span> <span class='ocrx_word' id='word_1_38' title='bbox 1033 719 1198 784; x_wconf 90' lang='lat' dir='ltr'><strong>omnibus:</strong></span> <span class='ocrx_word' id='word_1_39' title='bbox 1234 717 1426 802; x_wconf 81' lang='grc' dir='ltr'><em>φιλοίνθρωτοι</em></span> 
     </span>
     <span class='ocr_line' id='line_1_6' title="bbox 253 819 594 898; baseline 0.009 -14"><span class='ocrx_word' id='word_1_40' title='bbox 253 821 475 898; x_wconf 70' lang='grc' dir='ltr'><em>γεγονότες</em></span> <span class='ocrx_word' id='word_1_41' title='bbox 501 819 594 888; x_wconf 80' lang='grc' dir='ltr'><em>εἷεν.</em></span> 
     </span>
    </p>
   </div>
   <div class='ocr_carea' id='block_1_3' title="bbox 235 1034 1428 1443">
    <p class='ocr_par' dir='ltr' id='par_1_3' title="bbox 235 1034 1428 1443">
     <span class='ocr_line' id='line_1_7' title="bbox 235 1034 1428 1124; baseline 0.005 -27"><span class='ocrx_word' id='word_1_42' title='bbox 235 1089 239 1097; x_wconf 97' lang='grc'><em>.</em></span> <span class='ocrx_word' id='word_1_43' title='bbox 298 1034 474 1119; x_wconf 83' lang='lat' dir='ltr'><strong>Postquam</strong></span> <span class='ocrx_word' id='word_1_44' title='bbox 499 1038 700 1103; x_wconf 80' lang='lat' dir='ltr'>enumeravit</span> <span class='ocrx_word' id='word_1_45' title='bbox 723 1038 870 1102; x_wconf 82' lang='lat' dir='ltr'><strong>civitates</strong></span> <span class='ocrx_word' id='word_1_46' title='bbox 893 1034 1047 1116; x_wconf 73' lang='lat' dir='ltr'><strong>Graecas,</strong></span> <span class='ocrx_word' id='word_1_47' title='bbox 1068 1037 1185 1122; x_wconf 88' lang='lat' dir='ltr'><strong>quibus</strong></span> <span class='ocrx_word' id='word_1_48' title='bbox 1204 1035 1353 1124; x_wconf 81' lang='lat' dir='ltr'><strong>Spartani</strong></span> <span class='ocrx_word' id='word_1_49' title='bbox 1370 1056 1428 1124; x_wconf 78' lang='lat' dir='ltr'><strong>gm-</strong></span> 
     </span>
     <span class='ocr_line' id='line_1_8' title="bbox 251 1138 1426 1230; baseline 0 -26"><span class='ocrx_word' id='word_1_50' title='bbox 251 1138 367 1205; x_wconf 82' lang='lat' dir='ltr'><strong>tificeti</strong></span> <span class='ocrx_word' id='word_1_51' title='bbox 398 1146 516 1218; x_wconf 78' lang='lat' dir='ltr'><strong>essent,</strong></span> <span class='ocrx_word' id='word_1_52' title='bbox 548 1143 595 1207; x_wconf 81' lang='lat' dir='ltr'><strong>itc</strong></span> <span class='ocrx_word' id='word_1_53' title='bbox 625 1144 732 1228; x_wconf 73' lang='lat' dir='ltr'><strong>pergit</strong></span> <span class='ocrx_word' id='word_1_54' title='bbox 762 1163 836 1230; x_wconf 79' lang='lat' dir='ltr'><strong>pag.</strong></span> <span class='ocrx_word' id='word_1_55' title='bbox 869 1141 946 1208; x_wconf 84' lang='lat'>206.</span> <span class='ocrx_word' id='word_1_56' title='bbox 979 1142 1031 1208; x_wconf 98' lang='grc'><strong>12.</strong></span> <span class='ocrx_word' id='word_1_57' title='bbox 1063 1138 1100 1206; x_wconf 78' lang='grc' dir='ltr'><strong>ἵν’</strong></span> <span class='ocrx_word' id='word_1_58' title='bbox 1131 1144 1256 1209; x_wconf 83' lang='grc' dir='ltr'><em>ἐτειδθιν</em></span> <span class='ocrx_word' id='word_1_59' title='bbox 1284 1143 1365 1208; x_wconf 78' lang='grc' dir='ltr'><em>ἴωσιν</em></span> <span class='ocrx_word' id='word_1_60' title='bbox 1385 1140 1426 1206; x_wconf 72' lang='lat' dir='ltr'><strong>sl</strong></span> 
     </span>
     <span class='ocr_line' id='line_1_9' title="bbox 251 1243 1426 1336; baseline -0.002 -24"><span class='ocrx_word' id='word_1_61' title='bbox 251 1247 417 1321; x_wconf 72' lang='grc' dir='ltr'><em>Μεσσήνην</em></span> <span class='ocrx_word' id='word_1_62' title='bbox 449 1245 535 1311; x_wconf 85' lang='grc' dir='ltr'><em>αὐτοί</em></span> <span class='ocrx_word' id='word_1_63' title='bbox 560 1250 807 1327; x_wconf 75' lang='grc' dir='ltr'><em>συςρατειίωνται</em></span> <span class='ocrx_word' id='word_1_64' title='bbox 832 1243 946 1321; x_wconf 82' lang='grc' dir='ltr'><em>πιόντες</em></span> <span class='ocrx_word' id='word_1_65' title='bbox 970 1247 1103 1336; x_wconf 78' lang='grc' dir='ltr'><em>[αὐτοῖς]</em></span> <span class='ocrx_word' id='word_1_66' title='bbox 1130 1245 1209 1315; x_wconf 76' lang='grc' dir='ltr'><em>οὗτοι</em></span> <span class='ocrx_word' id='word_1_67' title='bbox 1233 1248 1287 1314; x_wconf 84' lang='grc' dir='ltr'><strong>καί</strong></span> <span class='ocrx_word' id='word_1_68' title='bbox 1311 1249 1426 1329; x_wconf 79' lang='grc' dir='ltr'><em>βοηθῶσι</em></span> 
     </span>
     <span class='ocr_line' id='line_1_10' title="bbox 251 1349 1234 1443; baseline 0.006 -29"><span class='ocrx_word' id='word_1_69' title='bbox 251 1349 419 1431; x_wconf 79' lang='grc' dir='ltr'><em>προθύμως.</em></span> <span class='ocrx_word' id='word_1_70' title='bbox 455 1350 589 1418; x_wconf 85' lang='lat' dir='ltr'><strong>Resecto</strong></span> <span class='ocrx_word' id='word_1_71' title='bbox 617 1354 721 1426; x_wconf 82' lang='grc' dir='ltr'><em>αὐτοῖς</em></span> <span class='ocrx_word' id='word_1_72' title='bbox 744 1352 833 1419; x_wconf 89' lang='lat' dir='ltr'><strong>locus</strong></span> <span class='ocrx_word' id='word_1_73' title='bbox 856 1359 904 1419; x_wconf 88' lang='lat' dir='ltr'><strong>est</strong></span> <span class='ocrx_word' id='word_1_74' title='bbox 927 1375 1021 1419; x_wconf 81' lang='lat' dir='ltr'><strong>sanus</strong></span> <span class='ocrx_word' id='word_1_75' title='bbox 1045 1359 1076 1420; x_wconf 91' lang='lat' dir='ltr'><strong>et</strong></span> <span class='ocrx_word' id='word_1_76' title='bbox 1099 1357 1234 1443; x_wconf 79' lang='lat' dir='ltr'>integer.</span> 
     </span>
    </p>
   </div>
   <div class='ocr_carea' id='block_1_4' title="bbox 161 1561 1428 2822">
    <p class='ocr_par' dir='ltr' id='par_1_4' title="bbox 161 1561 1428 2822">
     <span class='ocr_line' id='line_1_11' title="bbox 298 1561 1426 1650; baseline 0.001 -22"><span class='ocrx_word' id='word_1_77' title='bbox 298 1562 450 1648; x_wconf 79' lang='lat' dir='ltr'><strong>Sequitur</strong></span> <span class='ocrx_word' id='word_1_78' title='bbox 476 1562 493 1638; x_wconf 73' lang='lat' dir='ltr'><strong>t</strong></span> <span class='ocrx_word' id='word_1_79' title='bbox 518 1563 640 1630; x_wconf 78' lang='grc' dir='ltr'><em>δοκῶσιν</em></span> <span class='ocrx_word' id='word_1_80' title='bbox 664 1564 780 1631; x_wconf 81' lang='grc' dir='ltr'><em>οῖδικεῖν</em></span> <span class='ocrx_word' id='word_1_81' title='bbox 803 1564 870 1645; x_wconf 73' lang='grc' dir='ltr'><em>περὶ</em></span> <span class='ocrx_word' id='word_1_82' title='bbox 895 1561 933 1630; x_wconf 80' lang='grc' dir='ltr'><strong>ὦν</strong></span> <span class='ocrx_word' id='word_1_83' title='bbox 950 1561 1081 1648; x_wconf 71' lang='grc' dir='ltr'><em>ἔφασαν</em></span> <span class='ocrx_word' id='word_1_84' title='bbox 1105 1562 1210 1634; x_wconf 74' lang='grc' dir='ltr'><em>ἕκαςοι</em></span> <span class='ocrx_word' id='word_1_85' title='bbox 1234 1573 1320 1650; x_wconf 78' lang='grc' dir='ltr'><em>σφῶν</em></span> <span class='ocrx_word' id='word_1_86' title='bbox 1340 1569 1426 1633; x_wconf 84' lang='grc' dir='ltr'><em>αθτῖιν</em></span> 
     </span>
     <span class='ocr_line' id='line_1_12' title="bbox 251 1665 1424 1761; baseline 0.002 -27"><span class='ocrx_word' id='word_1_87' title='bbox 251 1665 328 1735; x_wconf 80' lang='grc' dir='ltr'><em>εἶναι</em></span> <span class='ocrx_word' id='word_1_88' title='bbox 362 1671 551 1752; x_wconf 71' lang='grc' dir='ltr'><em>συμψήφους</em></span> <span class='ocrx_word' id='word_1_89' title='bbox 578 1671 732 1748; x_wconf 72' lang='grc' dir='ltr'><strong>λαβόντες</strong></span> <span class='ocrx_word' id='word_1_90' title='bbox 758 1672 885 1744; x_wconf 83' lang='grc' dir='ltr'><em>ἐκείνους</em></span> <span class='ocrx_word' id='word_1_91' title='bbox 911 1673 954 1748; x_wconf 65' lang='grc' dir='ltr'><strong>μὴ</strong></span> <span class='ocrx_word' id='word_1_92' title='bbox 978 1673 1032 1748; x_wconf 82' lang='grc' dir='ltr'><strong>την</strong></span> <span class='ocrx_word' id='word_1_93' title='bbox 1056 1673 1163 1750; x_wconf 83' lang='grc' dir='ltr'><em>θμοίαν</em></span> <span class='ocrx_word' id='word_1_94' title='bbox 1186 1677 1291 1746; x_wconf 80' lang='grc' dir='ltr'><em>αὐτοῖς</em></span> <span class='ocrx_word' id='word_1_95' title='bbox 1319 1670 1424 1761; x_wconf 82' lang='grc' dir='ltr'><em>[χοίμν]</em></span> 
     </span>
     <span class='ocr_line' id='line_1_13' title="bbox 161 1775 1428 1865; baseline -0.001 -24"><span class='ocrx_word' id='word_1_96' title='bbox 161 1847 162 1851; x_wconf 10' lang='grc' dir='ltr'><em>ς</em></span> <span class='ocrx_word' id='word_1_97' title='bbox 210 1855 212 1859; x_wconf 23' lang='grc' dir='ltr'>Ι</span> <span class='ocrx_word' id='word_1_98' title='bbox 250 1776 456 1848; x_wconf 72' lang='grc' dir='ltr'><em>ἀποδιδόντες.</em></span> <span class='ocrx_word' id='word_1_99' title='bbox 503 1775 562 1842; x_wconf 78' lang='lat' dir='ltr'><strong>nst</strong></span> <span class='ocrx_word' id='word_1_100' title='bbox 584 1778 707 1863; x_wconf 83' lang='lat' dir='ltr'><strong>aliquid</strong></span> <span class='ocrx_word' id='word_1_101' title='bbox 730 1779 813 1842; x_wconf 87' lang='lat' dir='ltr'><strong>inter</strong></span> <span class='ocrx_word' id='word_1_102' title='bbox 828 1800 934 1861; x_wconf 80' lang='lat' dir='ltr'><strong>parem</strong></span> <span class='ocrx_word' id='word_1_103' title='bbox 953 1778 1084 1859; x_wconf 77' lang='grc' dir='ltr'><em>μοοθὶσαι</em></span> <span class='ocrx_word' id='word_1_104' title='bbox 1106 1779 1225 1865; x_wconf 76' lang='lat' dir='ltr'><strong>referre</strong></span> <span class='ocrx_word' id='word_1_105' title='bbox 1248 1791 1279 1844; x_wconf 87' lang='lat' dir='ltr'><strong>ot</strong></span> <span class='ocrx_word' id='word_1_106' title='bbox 1291 1803 1352 1863; x_wconf 80' lang='lat' dir='ltr'><strong>por</strong></span> <span class='ocrx_word' id='word_1_107' title='bbox 1364 1776 1428 1864; x_wconf 80' lang='lat' dir='ltr'><strong>pori</strong></span> 
     </span>
     <span class='ocr_line' id='line_1_14' title="bbox 249 1881 1426 1986; baseline -0.002 -39"><span class='ocrx_word' id='word_1_108' title='bbox 249 1884 376 1968; x_wconf 63' lang='lat' dir='ltr'><strong>restore.</strong></span> <span class='ocrx_word' id='word_1_109' title='bbox 422 1881 508 1948; x_wconf 91' lang='lat' dir='ltr'><strong>Illud</strong></span> <span class='ocrx_word' id='word_1_110' title='bbox 540 1881 659 1950; x_wconf 78' lang='lat' dir='ltr'><strong>Graece</strong></span> <span class='ocrx_word' id='word_1_111' title='bbox 690 1885 809 1949; x_wconf 87' lang='lat' dir='ltr'><strong>dicitur</strong></span> <span class='ocrx_word' id='word_1_112' title='bbox 843 1884 1111 1965; x_wconf 78' lang='grc' dir='ltr'><em>οῖντιχαοίζεσθαι,</em></span> <span class='ocrx_word' id='word_1_113' title='bbox 1147 1886 1207 1950; x_wconf 92' lang='lat' dir='ltr'><strong>hoc</strong></span> <span class='ocrx_word' id='word_1_114' title='bbox 1242 1888 1298 1958; x_wconf 69' lang='grc' dir='ltr'><strong>τὴν</strong></span> <span class='ocrx_word' id='word_1_115' title='bbox 1333 1883 1426 1986; x_wconf 61' lang='lat' dir='ltr'><strong>potios</strong></span> 
     </span>
     <span class='ocr_line' id='line_1_15' title="bbox 249 1987 1427 2077; baseline -0.001 -24"><span class='ocrx_word' id='word_1_116' title='bbox 249 1987 442 2064; x_wconf 83' lang='grc' dir='ltr'><em>οῖτοδιδόναι,</em></span> <span class='ocrx_word' id='word_1_117' title='bbox 475 1990 558 2074; x_wconf 89' lang='lat' dir='ltr'><strong>quod</strong></span> <span class='ocrx_word' id='word_1_118' title='bbox 591 1991 666 2076; x_wconf 82' lang='lat' dir='ltr'><strong>quin</strong></span> <span class='ocrx_word' id='word_1_119' title='bbox 696 1992 730 2053; x_wconf 92' lang='lat' dir='ltr'><strong>in</strong></span> <span class='ocrx_word' id='word_1_120' title='bbox 761 1994 931 2074; x_wconf 82' lang='lat' dir='ltr'><strong>utromque</strong></span> <span class='ocrx_word' id='word_1_121' title='bbox 961 1995 1084 2074; x_wconf 78' lang='lat' dir='ltr'><strong>partem</strong></span> <span class='ocrx_word' id='word_1_122' title='bbox 1115 1992 1201 2056; x_wconf 84' lang='lat' dir='ltr'><strong>trahi</strong></span> <span class='ocrx_word' id='word_1_123' title='bbox 1223 1996 1329 2077; x_wconf 88' lang='lat' dir='ltr'><strong>potest</strong></span> <span class='ocrx_word' id='word_1_124' title='bbox 1351 1987 1427 2056; x_wconf 85' lang='lat' dir='ltr'><strong>aliud</strong></span> 
     </span>
     <span class='ocr_line' id='line_1_16' title="bbox 248 2091 1425 2184; baseline -0.002 -26"><span class='ocrx_word' id='word_1_125' title='bbox 248 2095 326 2179; x_wconf 87' lang='lat' dir='ltr'><strong>quid</strong></span> <span class='ocrx_word' id='word_1_126' title='bbox 348 2115 445 2178; x_wconf 86' lang='lat' dir='ltr'><strong>quam</strong></span> <span class='ocrx_word' id='word_1_127' title='bbox 462 2094 555 2176; x_wconf 68' lang='grc' dir='ltr'><em>χάριν</em></span> <span class='ocrx_word' id='word_1_128' title='bbox 575 2100 623 2160; x_wconf 90' lang='lat' dir='ltr'><strong>est</strong></span> <span class='ocrx_word' id='word_1_129' title='bbox 641 2095 810 2184; x_wconf 80' lang='lat' dir='ltr'><strong>cogitando</strong></span> <span class='ocrx_word' id='word_1_130' title='bbox 828 2095 1051 2181; x_wconf 88' lang='lat' dir='ltr'><strong>supplendum.</strong></span> <span class='ocrx_word' id='word_1_131' title='bbox 1087 2094 1270 2162; x_wconf 88' lang='lat' dir='ltr'><strong>Herodotus</strong></span> <span class='ocrx_word' id='word_1_132' title='bbox 1290 2093 1344 2161; x_wconf 86' lang='lat' dir='ltr'><strong>IV.</strong></span> <span class='ocrx_word' id='word_1_133' title='bbox 1360 2091 1425 2159; x_wconf 88' lang='grc'><strong>119.</strong></span> 
     </span>
     <span class='ocr_line' id='line_1_17' title="bbox 250 2199 1426 2280; baseline -0.003 -16"><span class='ocrx_word' id='word_1_134' title='bbox 250 2199 337 2278; x_wconf 80' lang='grc' dir='ltr'><em>ὑμεῖς</em></span> <span class='ocrx_word' id='word_1_135' title='bbox 361 2199 564 2280; x_wconf 78' lang='grc' dir='ltr'><em>ἐπεκρατέετε</em></span> <span class='ocrx_word' id='word_1_136' title='bbox 587 2202 724 2280; x_wconf 77' lang='grc' dir='ltr'><em>Περσέων</em></span> <span class='ocrx_word' id='word_1_137' title='bbox 747 2201 799 2265; x_wconf 73' lang='grc' dir='ltr'><strong>καὶ</strong></span> <span class='ocrx_word' id='word_1_138' title='bbox 824 2202 927 2266; x_wconf 79' lang='grc' dir='ltr'><em>ἐκεῖνον</em></span> <span class='ocrx_word' id='word_1_139' title='bbox 951 2204 1005 2275; x_wconf 77' lang='grc' dir='ltr'><strong>την</strong></span> <span class='ocrx_word' id='word_1_140' title='bbox 1029 2201 1132 2280; x_wconf 80' lang='grc' dir='ltr'><em>ὁμοίην</em></span> <span class='ocrx_word' id='word_1_141' title='bbox 1156 2201 1227 2280; x_wconf 83' lang='grc' dir='ltr'><em>ὑμῖν</em></span> <span class='ocrx_word' id='word_1_142' title='bbox 1253 2202 1426 2268; x_wconf 76' lang='grc' dir='ltr'><em>οξτοδιδοῦσι.</em></span> 
     </span>
     <span class='ocr_line' id='line_1_18' title="bbox 249 2303 1426 2388; baseline -0.003 -18"><span class='ocrx_word' id='word_1_143' title='bbox 249 2303 303 2371; x_wconf 90' lang='lat' dir='ltr'><strong>VI.</strong></span> <span class='ocrx_word' id='word_1_144' title='bbox 328 2304 382 2370; x_wconf 94' lang='grc'><strong>21.</strong></span> <span class='ocrx_word' id='word_1_145' title='bbox 411 2307 540 2371; x_wconf 81' lang='grc' dir='ltr'><em>παθοῦσι</em></span> <span class='ocrx_word' id='word_1_146' title='bbox 564 2305 594 2370; x_wconf 79' lang='grc' dir='ltr'><strong>δὲ</strong></span> <span class='ocrx_word' id='word_1_147' title='bbox 618 2312 723 2370; x_wconf 81' lang='grc' dir='ltr'><em>ταῦτα</em></span> <span class='ocrx_word' id='word_1_148' title='bbox 748 2308 925 2380; x_wconf 76' lang='grc' dir='ltr'><em>Μιλησίοισι</em></span> <span class='ocrx_word' id='word_1_149' title='bbox 949 2307 1020 2388; x_wconf 80' lang='grc' dir='ltr'><em>τρδς</em></span> <span class='ocrx_word' id='word_1_150' title='bbox 1046 2307 1182 2385; x_wconf 80' lang='grc' dir='ltr'><em>Περσέων</em></span> <span class='ocrx_word' id='word_1_151' title='bbox 1206 2309 1261 2371; x_wconf 85' lang='grc' dir='ltr'><strong>οὐκ</strong></span> <span class='ocrx_word' id='word_1_152' title='bbox 1283 2308 1426 2372; x_wconf 81' lang='grc' dir='ltr'><em>οῖσέδοσαν</em></span> 
     </span>
     <span class='ocr_line' id='line_1_19' title="bbox 248 2410 1425 2498; baseline -0.003 -22"><span class='ocrx_word' id='word_1_153' title='bbox 248 2413 303 2486; x_wconf 79' lang='grc' dir='ltr'><strong>την</strong></span> <span class='ocrx_word' id='word_1_154' title='bbox 327 2412 430 2489; x_wconf 77' lang='grc' dir='ltr'><em>ὁμοίην</em></span> <span class='ocrx_word' id='word_1_155' title='bbox 454 2412 641 2492; x_wconf 78' lang='grc' dir='ltr'><em>Συβαρῖται.</em></span> <span class='ocrx_word' id='word_1_156' title='bbox 665 2411 718 2477; x_wconf 89' lang='lat' dir='ltr'><strong>VI.</strong></span> <span class='ocrx_word' id='word_1_157' title='bbox 745 2410 799 2478; x_wconf 82' lang='lat'><strong>62.</strong></span> <span class='ocrx_word' id='word_1_158' title='bbox 824 2414 878 2487; x_wconf 72' lang='grc' dir='ltr'><strong>την</strong></span> <span class='ocrx_word' id='word_1_159' title='bbox 902 2415 1005 2490; x_wconf 80' lang='grc' dir='ltr'><em>ὁμοίην</em></span> <span class='ocrx_word' id='word_1_160' title='bbox 1026 2411 1158 2490; x_wconf 86' lang='grc' dir='ltr'><em>διδόναι,</em></span> <span class='ocrx_word' id='word_1_161' title='bbox 1180 2417 1211 2478; x_wconf 87' lang='lat' dir='ltr'><strong>et</strong></span> <span class='ocrx_word' id='word_1_162' title='bbox 1229 2417 1301 2498; x_wconf 87' lang='lat' dir='ltr'><strong>post</strong></span> <span class='ocrx_word' id='word_1_163' title='bbox 1319 2427 1425 2498; x_wconf 81' lang='lat' dir='ltr'><strong>pauca:</strong></span> 
     </span>
     <span class='ocr_line' id='line_1_20' title="bbox 248 2516 1427 2600; baseline -0.003 -18"><span class='ocrx_word' id='word_1_164' title='bbox 248 2518 303 2582; x_wconf 73' lang='grc' dir='ltr'><strong>τδν</strong></span> <span class='ocrx_word' id='word_1_165' title='bbox 335 2518 438 2596; x_wconf 86' lang='grc' dir='ltr'><em>όμοίην</em></span> <span class='ocrx_word' id='word_1_166' title='bbox 468 2516 580 2600; x_wconf 78' lang='grc' dir='ltr'><em>ζητέων</em></span> <span class='ocrx_word' id='word_1_167' title='bbox 597 2517 756 2598; x_wconf 62' lang='lat' dir='ltr'><strong>pontes</strong></span> <span class='ocrx_word' id='word_1_168' title='bbox 788 2521 861 2597; x_wconf 78' lang='grc' dir='ltr'><strong>παρ’</strong></span> <span class='ocrx_word' id='word_1_169' title='bbox 890 2518 1012 2583; x_wconf 84' lang='grc' dir='ltr'><em>ἐκείνου.</em></span> <span class='ocrx_word' id='word_1_170' title='bbox 1060 2518 1181 2583; x_wconf 75' lang='lat' dir='ltr'><strong>Eodem</strong></span> <span class='ocrx_word' id='word_1_171' title='bbox 1203 2519 1299 2585; x_wconf 88' lang='lat' dir='ltr'><strong>modo</strong></span> <span class='ocrx_word' id='word_1_172' title='bbox 1321 2519 1427 2584; x_wconf 83' lang='lat' dir='ltr'><strong>dicitur</strong></span> 
     </span>
     <span class='ocr_line' id='line_1_21' title="bbox 247 2623 1427 2711; baseline -0.001 -24"><span class='ocrx_word' id='word_1_173' title='bbox 247 2624 413 2689; x_wconf 68' lang='lat' dir='ltr'><strong>societatem</strong></span> <span class='ocrx_word' id='word_1_174' title='bbox 433 2624 556 2706; x_wconf 71' lang='grc' dir='ltr'><em>νἀιομοοο</em></span> <span class='ocrx_word' id='word_1_175' title='bbox 575 2625 624 2688; x_wconf 76' lang='grc' dir='ltr'><strong>ἔτ’</strong></span> <span class='ocrx_word' id='word_1_176' title='bbox 644 2623 693 2704; x_wconf 77' lang='grc' dir='ltr'><strong>ἴση</strong></span> <span class='ocrx_word' id='word_1_177' title='bbox 711 2647 746 2688; x_wconf 89' lang='grc' dir='ltr'><em>τε</em></span> <span class='ocrx_word' id='word_1_178' title='bbox 766 2623 819 2688; x_wconf 77' lang='grc' dir='ltr'><strong>καὶ</strong></span> <span class='ocrx_word' id='word_1_179' title='bbox 833 2624 935 2706; x_wconf 80' lang='grc' dir='ltr'><em>όμοίη,</em></span> <span class='ocrx_word' id='word_1_180' title='bbox 950 2629 981 2690; x_wconf 85' lang='lat' dir='ltr'><strong>et</strong></span> <span class='ocrx_word' id='word_1_181' title='bbox 992 2625 1138 2709; x_wconf 83' lang='lat' dir='ltr'><strong>frequens</strong></span> <span class='ocrx_word' id='word_1_182' title='bbox 1149 2627 1184 2688; x_wconf 92' lang='lat' dir='ltr'><strong>in</strong></span> <span class='ocrx_word' id='word_1_183' title='bbox 1195 2625 1304 2691; x_wconf 77' lang='lat' dir='ltr'><strong>Attica</strong></span> <span class='ocrx_word' id='word_1_184' title='bbox 1315 2642 1427 2711; x_wconf 86' lang='lat' dir='ltr'><strong>quoque</strong></span> 
     </span>
     <span class='ocr_line' id='line_1_22' title="bbox 248 2728 1380 2822; baseline 0.001 -29"><span class='ocrx_word' id='word_1_185' title='bbox 248 2729 298 2793; x_wconf 81' lang='grc' dir='ltr'><strong>ἐτ’</strong></span> <span class='ocrx_word' id='word_1_186' title='bbox 321 2728 399 2804; x_wconf 86' lang='grc' dir='ltr'><em>ῖσης.</em></span> <span class='ocrx_word' id='word_1_187' title='bbox 446 2728 633 2795; x_wconf 88' lang='lat' dir='ltr'><strong>Iubebimus</strong></span> <span class='ocrx_word' id='word_1_188' title='bbox 656 2733 759 2818; x_wconf 85' lang='lat' dir='ltr'><strong>igitur</strong></span> <span class='ocrx_word' id='word_1_189' title='bbox 781 2731 916 2796; x_wconf 79' lang='lat' dir='ltr'><strong>sciolum</strong></span> <span class='ocrx_word' id='word_1_190' title='bbox 940 2751 1035 2795; x_wconf 91' lang='lat' dir='ltr'><strong>suum</strong></span> <span class='ocrx_word' id='word_1_191' title='bbox 1057 2731 1150 2810; x_wconf 67' lang='grc' dir='ltr'><em>χάριν</em></span> <span class='ocrx_word' id='word_1_192' title='bbox 1174 2731 1237 2796; x_wconf 88' lang='lat' dir='ltr'><strong>sibi</strong></span> <span class='ocrx_word' id='word_1_193' title='bbox 1259 2732 1380 2822; x_wconf 75' lang='lat' dir='ltr'><strong>hebere.</strong></span> 
     </span>
    </p>
   </div>
   <div class='ocr_carea' id='block_1_5' title="bbox 244 2939 1426 3445">
    <p class='ocr_par' dir='ltr' id='par_1_5' title="bbox 244 2939 1426 3445">
     <span class='ocr_line' id='line_1_23' title="bbox 292 2939 1426 3030; baseline -0.004 -23"><span class='ocrx_word' id='word_1_194' title='bbox 292 2940 391 3008; x_wconf 81' lang='lat' dir='ltr'><strong>Plane</strong></span> <span class='ocrx_word' id='word_1_195' title='bbox 425 2945 577 3030; x_wconf 82' lang='lat' dir='ltr'><strong>assentior</strong></span> <span class='ocrx_word' id='word_1_196' title='bbox 607 2943 751 3008; x_wconf 83' lang='lat' dir='ltr'><strong>Dobraeo</strong></span> <span class='ocrx_word' id='word_1_197' title='bbox 781 2964 855 3030; x_wconf 80' lang='lat' dir='ltr'><strong>pag.</strong></span> <span class='ocrx_word' id='word_1_198' title='bbox 888 2941 965 3008; x_wconf 83' lang='lat'>206.</span> <span class='ocrx_word' id='word_1_199' title='bbox 1000 2939 1052 3007; x_wconf 91' lang='grc'><strong>16.</strong></span> <span class='ocrx_word' id='word_1_200' title='bbox 1089 2942 1149 3021; x_wconf 83' lang='grc' dir='ltr'><strong>ἐγὼ</strong></span> <span class='ocrx_word' id='word_1_201' title='bbox 1181 2942 1212 3007; x_wconf 78' lang='grc' dir='ltr'><strong>δὲ</strong></span> <span class='ocrx_word' id='word_1_202' title='bbox 1243 2941 1350 3023; x_wconf 80' lang='grc' dir='ltr'><em>νομίζω</em></span> <span class='ocrx_word' id='word_1_203' title='bbox 1378 2941 1426 3015; x_wconf 69' lang='grc' dir='ltr'><strong>τὴν</strong></span> 
     </span>
     <span class='ocr_line' id='line_1_24' title="bbox 248 3035 1423 3132; baseline -0.005 -18"><span class='ocrx_word' id='word_1_204' title='bbox 248 3047 336 3114; x_wconf 78' lang='grc' dir='ltr'><em>πόλιν</em></span> <span class='ocrx_word' id='word_1_205' title='bbox 369 3049 421 3113; x_wconf 75' lang='grc' dir='ltr'><strong>καὶ</strong></span> <span class='ocrx_word' id='word_1_206' title='bbox 452 3049 545 3130; x_wconf 77' lang='grc' dir='ltr'><em>χωρὶς</em></span> <span class='ocrx_word' id='word_1_207' title='bbox 578 3054 631 3114; x_wconf 82' lang='grc' dir='ltr'><strong>τοῦ</strong></span> <span class='ocrx_word' id='word_1_208' title='bbox 660 3035 846 3129; x_wconf 74' lang='grc' dir='ltr'><em>καθυφεῖναί</em></span> <span class='ocrx_word' id='word_1_209' title='bbox 865 3072 950 3120; x_wconf 88' lang='grc' dir='ltr'><em>τινας</em></span> <span class='ocrx_word' id='word_1_210' title='bbox 975 3047 1229 3126; x_wconf 85' lang='grc' dir='ltr'><em>Λακεδαιμονίοις</em></span> <span class='ocrx_word' id='word_1_211' title='bbox 1253 3043 1423 3132; x_wconf 81' lang='grc' dir='ltr'><em>[Ἀρκοίδων]</em></span> 
     </span>
     <span class='ocr_line' id='line_1_25' title="bbox 246 3153 1426 3240; baseline -0.004 -20"><span class='ocrx_word' id='word_1_212' title='bbox 246 3153 389 3235; x_wconf 82' lang='grc' dir='ltr'><em>Ὠρωτδν</em></span> <span class='ocrx_word' id='word_1_213' title='bbox 422 3153 460 3220; x_wconf 89' lang='grc' dir='ltr'><strong>θον</strong></span> <span class='ocrx_word' id='word_1_214' title='bbox 489 3156 693 3234; x_wconf 87' lang='grc' dir='ltr'><em>κομίσασθαι.</em></span> <span class='ocrx_word' id='word_1_215' title='bbox 719 3155 848 3220; x_wconf 85' lang='lat' dir='ltr'><strong>evidens</strong></span> <span class='ocrx_word' id='word_1_216' title='bbox 873 3155 1128 3220; x_wconf 80' lang='lat' dir='ltr'><strong>additamentum</strong></span> <span class='ocrx_word' id='word_1_217' title='bbox 1151 3154 1332 3240; x_wconf 76' lang='lat' dir='ltr'><strong>expellenti.</strong></span> <span class='ocrx_word' id='word_1_218' title='bbox 1356 3153 1426 3231; x_wconf 77' lang='grc' dir='ltr'><em>,μόιο</em></span> 
     </span>
     <span class='ocr_line' id='line_1_26' title="bbox 246 3258 1425 3346; baseline -0.003 -20"><span class='ocrx_word' id='word_1_219' title='bbox 246 3263 282 3326; x_wconf 80' lang='lat' dir='ltr'><strong>de</strong></span> <span class='ocrx_word' id='word_1_220' title='bbox 311 3261 472 3326; x_wconf 72' lang='lat' dir='ltr'><strong>Messeniis</strong></span> <span class='ocrx_word' id='word_1_221' title='bbox 503 3259 631 3343; x_wconf 50' lang='lat' dir='ltr'><strong>opttus&amp;</strong></span> <span class='ocrx_word' id='word_1_222' title='bbox 663 3261 779 3344; x_wconf 88' lang='lat' dir='ltr'><strong>inquit.</strong></span> <span class='ocrx_word' id='word_1_223' title='bbox 826 3258 907 3324; x_wconf 87' lang='lat' dir='ltr'><strong>Vide</strong></span> <span class='ocrx_word' id='word_1_224' title='bbox 931 3264 962 3324; x_wconf 88' lang='lat' dir='ltr'><strong>et</strong></span> <span class='ocrx_word' id='word_1_225' title='bbox 993 3260 1143 3325; x_wconf 81' lang='lat' dir='ltr'><strong>absonam</strong></span> <span class='ocrx_word' id='word_1_226' title='bbox 1174 3264 1425 3346; x_wconf 78' lang='lat' dir='ltr'><strong>compositionem</strong></span> 
     </span>
     <span class='ocr_line' id='line_1_27' title="bbox 244 3364 800 3445; baseline -0.004 -13"><span class='ocrx_word' id='word_1_227' title='bbox 244 3368 331 3441; x_wconf 75' lang='grc' dir='ltr'><em>τινας</em></span> <span class='ocrx_word' id='word_1_228' title='bbox 355 3369 610 3445; x_wconf 86' lang='grc' dir='ltr'><em>Λακεδαιμονίοις</em></span> <span class='ocrx_word' id='word_1_229' title='bbox 635 3364 800 3445; x_wconf 77' lang='grc' dir='ltr'><em>Ἀρκαδων.</em></span> 
     </span>
    </p>
   </div>
   <div class='ocr_carea' id='block_1_6' title="bbox 241 3575 1424 4400">
    <p class='ocr_par' dir='ltr' id='par_1_6' title="bbox 241 3575 1424 4400">
     <span class='ocr_line' id='line_1_28' title="bbox 289 3575 1424 3663; baseline -0.005 -18"><span class='ocrx_word' id='word_1_230' title='bbox 289 3580 362 3645; x_wconf 91' lang='lat' dir='ltr'><strong>Non</strong></span> <span class='ocrx_word' id='word_1_231' title='bbox 392 3578 508 3643; x_wconf 86' lang='lat' dir='ltr'><strong>inutile</strong></span> <span class='ocrx_word' id='word_1_232' title='bbox 538 3582 586 3643; x_wconf 85' lang='lat' dir='ltr'><strong>est</strong></span> <span class='ocrx_word' id='word_1_233' title='bbox 616 3577 868 3648; x_wconf 81' lang='lat' dir='ltr'><strong>animadvertere</strong></span> <span class='ocrx_word' id='word_1_234' title='bbox 900 3575 1071 3642; x_wconf 80' lang='lat' dir='ltr'><strong>sciolorum</strong></span> <span class='ocrx_word' id='word_1_235' title='bbox 1098 3577 1293 3644; x_wconf 76' lang='lat' dir='ltr'><strong>emblemata</strong></span> <span class='ocrx_word' id='word_1_236' title='bbox 1315 3577 1424 3663; x_wconf 81' lang='lat' dir='ltr'><strong>possim</strong></span> 
     </span>
     <span class='ocr_line' id='line_1_29' title="bbox 246 3681 1424 3750; baseline -0.004 -1"><span class='ocrx_word' id='word_1_237' title='bbox 246 3684 417 3750; x_wconf 89' lang='lat' dir='ltr'><strong>meliorum</strong></span> <span class='ocrx_word' id='word_1_238' title='bbox 440 3683 597 3748; x_wconf 86' lang='lat' dir='ltr'><strong>librorum</strong></span> <span class='ocrx_word' id='word_1_239' title='bbox 620 3683 813 3749; x_wconf 89' lang='lat' dir='ltr'><strong>testimoniis</strong></span> <span class='ocrx_word' id='word_1_240' title='bbox 837 3681 995 3747; x_wconf 79' lang='lat' dir='ltr'><strong>damnato.</strong></span> <span class='ocrx_word' id='word_1_241' title='bbox 1031 3683 1090 3748; x_wconf 84' lang='lat' dir='ltr'><strong>Est</strong></span> <span class='ocrx_word' id='word_1_242' title='bbox 1109 3682 1310 3750; x_wconf 87' lang='lat' dir='ltr'><strong>luculentum</strong></span> <span class='ocrx_word' id='word_1_243' title='bbox 1330 3700 1424 3748; x_wconf 82' lang='lat' dir='ltr'><strong>exem-</strong></span> 
     </span>
     <span class='ocr_line' id='line_1_30' title="bbox 243 3775 1424 3876; baseline -0.005 -22"><span class='ocrx_word' id='word_1_244' title='bbox 243 3790 335 3876; x_wconf 89' lang='lat' dir='ltr'><strong>plum</strong></span> <span class='ocrx_word' id='word_1_245' title='bbox 367 3791 402 3852; x_wconf 92' lang='lat' dir='ltr'><strong>in</strong></span> <span class='ocrx_word' id='word_1_246' title='bbox 431 3791 552 3854; x_wconf 80' lang='lat' dir='ltr'><strong>vicinia</strong></span> <span class='ocrx_word' id='word_1_247' title='bbox 583 3810 658 3876; x_wconf 79' lang='lat' dir='ltr'><strong>pag.</strong></span> <span class='ocrx_word' id='word_1_248' title='bbox 688 3786 765 3852; x_wconf 89' lang='grc'><strong>206.</strong></span> <span class='ocrx_word' id='word_1_249' title='bbox 792 3785 843 3851; x_wconf 88' lang='grc'><strong>18.</strong></span> <span class='ocrx_word' id='word_1_250' title='bbox 868 3787 919 3851; x_wconf 73' lang='grc' dir='ltr'><strong>καὶ</strong></span> <span class='ocrx_word' id='word_1_251' title='bbox 944 3788 1017 3864; x_wconf 86' lang='grc' dir='ltr'><em>μετ’</em></span> <span class='ocrx_word' id='word_1_252' title='bbox 1041 3775 1176 3869; x_wconf 79' lang='grc' dir='ltr'><em>ἐκείνων,</em></span> <span class='ocrx_word' id='word_1_253' title='bbox 1201 3789 1240 3856; x_wconf 84' lang='grc' dir='ltr'><strong>θον</strong></span> <span class='ocrx_word' id='word_1_254' title='bbox 1262 3791 1305 3856; x_wconf 84' lang='grc' dir='ltr'><strong>τθι</strong></span> <span class='ocrx_word' id='word_1_255' title='bbox 1328 3789 1424 3854; x_wconf 87' lang='grc' dir='ltr'><em>δίκαιοι</em></span> 
     </span>
     <span class='ocr_line' id='line_1_31' title="bbox 243 3889 1424 3980; baseline -0.004 -20"><span class='ocrx_word' id='word_1_256' title='bbox 243 3903 337 3960; x_wconf 80' lang='grc' dir='ltr'><em>ποιεῖν</em></span> <span class='ocrx_word' id='word_1_257' title='bbox 369 3895 508 3972; x_wconf 76' lang='grc' dir='ltr'><em>ἐθέλωσι,</em></span> <span class='ocrx_word' id='word_1_258' title='bbox 541 3893 593 3958; x_wconf 75' lang='grc' dir='ltr'><strong>καὶ</strong></span> <span class='ocrx_word' id='word_1_259' title='bbox 627 3894 711 3972; x_wconf 80' lang='grc' dir='ltr'><em>μετόν</em></span> <span class='ocrx_word' id='word_1_260' title='bbox 746 3900 804 3956; x_wconf 79' lang='grc' dir='ltr'><strong>τῶν</strong></span> <span class='ocrx_word' id='word_1_261' title='bbox 837 3889 952 3958; x_wconf 75' lang='grc' dir='ltr'><em>ἄλλων.</em></span> <span class='ocrx_word' id='word_1_262' title='bbox 1003 3895 1219 3965; x_wconf 76' lang='lat' dir='ltr'><strong>Annotaverat</strong></span> <span class='ocrx_word' id='word_1_263' title='bbox 1250 3896 1361 3980; x_wconf 80' lang='lat' dir='ltr'><strong>aliquis</strong></span> <span class='ocrx_word' id='word_1_264' title='bbox 1392 3893 1424 3955; x_wconf 90' lang='lat' dir='ltr'><strong>in</strong></span> 
     </span>
     <span class='ocr_line' id='line_1_32' title="bbox 242 3998 1423 4088; baseline -0.005 -21"><span class='ocrx_word' id='word_1_265' title='bbox 242 4002 388 4088; x_wconf 81' lang='lat' dir='ltr'><strong>margine</strong></span> <span class='ocrx_word' id='word_1_266' title='bbox 418 4007 491 4077; x_wconf 87' lang='grc' dir='ltr'><em>μετ’</em></span> <span class='ocrx_word' id='word_1_267' title='bbox 524 4001 640 4065; x_wconf 79' lang='grc' dir='ltr'><em>ἐκείνων</em></span> <span class='ocrx_word' id='word_1_268' title='bbox 670 4020 736 4065; x_wconf 82' lang='lat' dir='ltr'><strong>esse</strong></span> <span class='ocrx_word' id='word_1_269' title='bbox 767 3998 953 4076; x_wconf 73' lang='grc' dir='ltr'><em>βοηθούντων</em></span> <span class='ocrx_word' id='word_1_270' title='bbox 977 3998 1133 4080; x_wconf 83' lang='grc' dir='ltr'><em>(ἐκείνων).</em></span> <span class='ocrx_word' id='word_1_271' title='bbox 1181 4001 1280 4068; x_wconf 87' lang='lat' dir='ltr'><strong>Recte</strong></span> <span class='ocrx_word' id='word_1_272' title='bbox 1303 4000 1423 4086; x_wconf 89' lang='lat' dir='ltr'><strong>quidem</strong></span> 
     </span>
     <span class='ocr_line' id='line_1_33' title="bbox 242 4103 1423 4192; baseline -0.003 -21"><span class='ocrx_word' id='word_1_273' title='bbox 242 4109 386 4192; x_wconf 90' lang='lat' dir='ltr'><strong>quisquis</strong></span> <span class='ocrx_word' id='word_1_274' title='bbox 418 4111 480 4183; x_wconf 89' lang='lat' dir='ltr'><strong>est,</strong></span> <span class='ocrx_word' id='word_1_275' title='bbox 513 4106 567 4170; x_wconf 88' lang='lat' dir='ltr'><strong>sed</strong></span> <span class='ocrx_word' id='word_1_276' title='bbox 600 4107 671 4189; x_wconf 89' lang='lat' dir='ltr'><strong>quis</strong></span> <span class='ocrx_word' id='word_1_277' title='bbox 695 4105 824 4170; x_wconf 82' lang='lat' dir='ltr'><strong>tandem</strong></span> <span class='ocrx_word' id='word_1_278' title='bbox 849 4104 928 4170; x_wconf 83' lang='lat' dir='ltr'><strong>talia</strong></span> <span class='ocrx_word' id='word_1_279' title='bbox 949 4104 1067 4171; x_wconf 79' lang='lat' dir='ltr'><strong>nescit?</strong></span> <span class='ocrx_word' id='word_1_280' title='bbox 1113 4106 1206 4173; x_wconf 89' lang='lat' dir='ltr'><strong>Nunc</strong></span> <span class='ocrx_word' id='word_1_281' title='bbox 1227 4111 1262 4174; x_wconf 89' lang='lat' dir='ltr'><strong>in</strong></span> <span class='ocrx_word' id='word_1_282' title='bbox 1285 4103 1423 4174; x_wconf 87' lang='lat' dir='ltr'><strong>omnibus</strong></span> 
     </span>
     <span class='ocr_line' id='line_1_34' title="bbox 241 4209 1422 4297; baseline -0.005 -20"><span class='ocrx_word' id='word_1_283' title='bbox 241 4212 333 4278; x_wconf 87' lang='lat' dir='ltr'><strong>libris</strong></span> <span class='ocrx_word' id='word_1_284' title='bbox 363 4217 487 4297; x_wconf 82' lang='lat' dir='ltr'><strong>praeter</strong></span> <span class='ocrx_word' id='word_1_285' title='bbox 516 4209 539 4276; x_wconf 74' lang='lat' dir='ltr'>S</span> <span class='ocrx_word' id='word_1_286' title='bbox 568 4211 706 4297; x_wconf 73' lang='lat' dir='ltr'><strong>legitur:</strong></span> <span class='ocrx_word' id='word_1_287' title='bbox 737 4210 789 4276; x_wconf 78' lang='lat' dir='ltr'><strong>scel</strong></span> <span class='ocrx_word' id='word_1_288' title='bbox 815 4213 887 4289; x_wconf 88' lang='grc' dir='ltr'><em>μετ’</em></span> <span class='ocrx_word' id='word_1_289' title='bbox 913 4211 1050 4289; x_wconf 69' lang='grc' dir='ltr'><em>ἐκείνων,</em></span> <span class='ocrx_word' id='word_1_290' title='bbox 1078 4210 1116 4277; x_wconf 83' lang='grc' dir='ltr'><strong>όιν</strong></span> <span class='ocrx_word' id='word_1_291' title='bbox 1142 4213 1185 4277; x_wconf 81' lang='grc' dir='ltr'><strong>τόν</strong></span> <span class='ocrx_word' id='word_1_292' title='bbox 1207 4213 1313 4278; x_wconf 83' lang='grc' dir='ltr'><em>δίκαια</em></span> <span class='ocrx_word' id='word_1_293' title='bbox 1335 4216 1422 4297; x_wconf 77' lang='grc' dir='ltr'><em>ποιεῖν</em></span> 
     </span>
     <span class='ocr_line' id='line_1_35' title="bbox 243 4315 1049 4400; baseline -0.001 -13"><span class='ocrx_word' id='word_1_294' title='bbox 243 4318 364 4391; x_wconf 73' lang='grc' dir='ltr'><em>ἐθέλωσι</em></span> <span class='ocrx_word' id='word_1_295' title='bbox 388 4316 643 4400; x_wconf 77' lang='grc' dir='ltr'><em>βοηθούντων</em></span> <span class='ocrx_word' id='word_1_296' title='bbox 666 4317 718 4384; x_wconf 84' lang='grc' dir='ltr'><strong>καί</strong></span> <span class='ocrx_word' id='word_1_297' title='bbox 743 4317 910 4395; x_wconf 75' lang='grc' dir='ltr'><em>μετὰτῶν</em></span> <span class='ocrx_word' id='word_1_298' title='bbox 935 4315 1049 4386; x_wconf 78' lang='grc' dir='ltr'><em>σίλλων.</em></span> 
     </span>
    </p>
   </div>
   <div class='ocr_carea' id='block_1_7' title="bbox 0 0 1522 4968">
    <p class='ocr_par' dir='ltr' id='par_1_7' title="bbox 0 0 1522 4968">
     <span class='ocr_line' id='line_1_36' title="bbox 0 0 1522 4968; baseline 0 2"><span class='ocrx_word' id='word_1_299' title='bbox 0 0 1522 4968; x_wconf 95' lang='lat' dir='ltr'><strong> </strong></span> 
     </span>
    </p>
   </div>
  </div>
 </body>
</html>
