<?xml version="1.0" encoding="UTF-8"?>
<!DOCTYPE html PUBLIC "-//W3C//DTD XHTML 1.0 Transitional//EN"
    "http://www.w3.org/TR/xhtml1/DTD/xhtml1-transitional.dtd">
<html xmlns="http://www.w3.org/1999/xhtml" xml:lang="en" lang="en">
 <head>
  <title>
</title>
<meta http-equiv="Content-Type" content="text/html;charset=utf-8" />
  <meta name='ocr-system' content='tesseract 3.04.00' />
  <meta name='ocr-capabilities' content='ocr_page ocr_carea ocr_par ocr_line ocrx_word'/>
</head>
<body>
  <div class='ocr_page' id='page_1' title='image "./miscellaneacrit02cobegoog_0129.png"; bbox 0 0 3034 4968; ppageno 0'>
   <div class='ocr_carea' id='block_1_1' title="bbox 631 228 694 312">
    <p class='ocr_par' dir='ltr' id='par_1_1' title="bbox 631 228 694 312">
     <span class='ocr_line' id='line_1_1' title="bbox 631 228 694 312; baseline 0.032 -3"><span class='ocrx_word' id='word_1_1' title='bbox 631 228 694 312; x_wconf 79' lang='lat' dir='ltr'>tor</span> 
     </span>
    </p>
   </div>
   <div class='ocr_carea' id='block_1_2' title="bbox 75 429 1265 2519">
    <p class='ocr_par' dir='ltr' id='par_1_2' title="bbox 78 429 1257 720">
     <span class='ocr_line' id='line_1_2' title="bbox 116 429 1257 525; baseline -0.007 -21"><span class='ocrx_word' id='word_1_2' title='bbox 116 436 242 504; x_wconf 73' lang='lat' dir='ltr'>Sumo</span> <span class='ocrx_word' id='word_1_3' title='bbox 265 457 337 525; x_wconf 80' lang='lat' dir='ltr'>pag.</span> <span class='ocrx_word' id='word_1_4' title='bbox 364 434 417 501; x_wconf 80' lang='lat'>15.</span> <span class='ocrx_word' id='word_1_5' title='bbox 442 438 602 508; x_wconf 76' lang='grc' dir='ltr'>Ἀπελλῆς</span> <span class='ocrx_word' id='word_1_6' title='bbox 621 434 653 499; x_wconf 82' lang='grc' dir='ltr'>δὲ</span> <span class='ocrx_word' id='word_1_7' title='bbox 675 433 758 513; x_wconf 76' lang='grc' dir='ltr'><em>αὐτῷ</em></span> <span class='ocrx_word' id='word_1_8' title='bbox 779 430 1007 512; x_wconf 75' lang='lat' dir='ltr'>(Eratostheni)</span> <span class='ocrx_word' id='word_1_9' title='bbox 1028 431 1124 507; x_wconf 77' lang='grc' dir='ltr'><em>πολύς</em></span> <span class='ocrx_word' id='word_1_10' title='bbox 1146 432 1190 501; x_wconf 72' lang='grc' dir='ltr'>ἔτι</span> <span class='ocrx_word' id='word_1_11' title='bbox 1203 429 1257 497; x_wconf 84' lang='grc' dir='ltr'><em>καί</em></span> 
     </span>
     <span class='ocr_line' id='line_1_3' title="bbox 79 536 1257 625; baseline -0.007 -14"><span class='ocrx_word' id='word_1_12' title='bbox 79 546 160 620; x_wconf 83' lang='grc' dir='ltr'><em>Βίων,</em></span> <span class='ocrx_word' id='word_1_13' title='bbox 195 541 227 609; x_wconf 84' lang='grc' dir='ltr'>θν</span> <span class='ocrx_word' id='word_1_14' title='bbox 260 550 338 625; x_wconf 77' lang='grc' dir='ltr'><em>φησι</em></span> <span class='ocrx_word' id='word_1_15' title='bbox 374 547 488 624; x_wconf 79' lang='grc' dir='ltr'><em>πρῶτον</em></span> <span class='ocrx_word' id='word_1_16' title='bbox 522 539 628 605; x_wconf 82' lang='grc' dir='ltr'><em>οὶνθινδι</em></span> <span class='ocrx_word' id='word_1_17' title='bbox 660 536 842 618; x_wconf 74' lang='grc' dir='ltr'><em>περιβαλεῖν</em></span> <span class='ocrx_word' id='word_1_18' title='bbox 873 539 929 612; x_wconf 69' lang='grc' dir='ltr'>τὴν</span> <span class='ocrx_word' id='word_1_19' title='bbox 961 538 1151 620; x_wconf 73' lang='grc' dir='ltr'><strong><em>φιλοσοφίαν</em></strong></span> <span class='ocrx_word' id='word_1_20' title='bbox 1181 538 1257 604; x_wconf 69' lang='grc' dir='ltr'><strong>ἀλλ’</strong></span> 
     </span>
     <span class='ocr_line' id='line_1_4' title="bbox 78 643 995 720; baseline -0.008 -4"><span class='ocrx_word' id='word_1_21' title='bbox 78 653 212 716; x_wconf 74' lang='lat' dir='ltr'>&#39;onoc</span> <span class='ocrx_word' id='word_1_22' title='bbox 236 648 388 720; x_wconf 70' lang='grc' dir='ltr'><em>πολλάκις</em></span> <span class='ocrx_word' id='word_1_23' title='bbox 413 651 509 714; x_wconf 79' lang='grc' dir='ltr'><em>εἰπεῖν</em></span> <span class='ocrx_word' id='word_1_24' title='bbox 532 645 570 713; x_wconf 77' lang='grc' dir='ltr'>ἄν</span> <span class='ocrx_word' id='word_1_25' title='bbox 594 670 664 712; x_wconf 89' lang='grc' dir='ltr'><em>τινα</em></span> <span class='ocrx_word' id='word_1_26' title='bbox 690 643 741 709; x_wconf 84' lang='grc' dir='ltr'>ἐπ’</span> <span class='ocrx_word' id='word_1_27' title='bbox 766 646 861 709; x_wconf 79' lang='grc' dir='ltr'><em>αὐτοῦ</em></span> <span class='ocrx_word' id='word_1_28' title='bbox 885 649 995 709; x_wconf 81' lang='grc' dir='ltr'><em>τοῦτο·</em></span> 
     </span>
    </p>

    <p class='ocr_par' dir='ltr' id='par_1_3' title="bbox 273 739 1059 836">
     <span class='ocr_line' id='line_1_5' title="bbox 273 739 1059 836; baseline -0.006 -15"><span class='ocrx_word' id='word_1_29' title='bbox 273 753 334 829; x_wconf 73' lang='lat' dir='ltr'>aino</span> <span class='ocrx_word' id='word_1_30' title='bbox 359 756 393 819; x_wconf 88' lang='grc' dir='ltr'>εἰι</span> <span class='ocrx_word' id='word_1_31' title='bbox 417 754 531 836; x_wconf 80' lang='grc' dir='ltr'><em>ῥακέων</em></span> <span class='ocrx_word' id='word_1_32' title='bbox 555 754 568 818; x_wconf 86' lang='grc' dir='ltr'><em>θ</em></span> <span class='ocrx_word' id='word_1_33' title='bbox 593 755 667 816; x_wconf 93' lang='grc' dir='ltr'><em>Βίων</em></span> <span class='ocrx_word' id='word_1_34' title='bbox 692 750 883 836; x_wconf 79' lang='grc' dir='ltr'><em>(ἐπιγουνίδα</em></span> <span class='ocrx_word' id='word_1_35' title='bbox 907 739 1059 834; x_wconf 62' lang='grc' dir='ltr'><em>φαίνει),</em></span> 
     </span>
    </p>

    <p class='ocr_par' dir='ltr' id='par_1_4' title="bbox 75 857 1260 1261">
     <span class='ocr_line' id='line_1_6' title="bbox 113 857 1254 928; baseline -0.005 0"><span class='ocrx_word' id='word_1_36' title='bbox 113 861 183 928; x_wconf 89' lang='lat' dir='ltr'>Non</span> <span class='ocrx_word' id='word_1_37' title='bbox 215 861 377 927; x_wconf 71' lang='lat' dir='ltr'>intellexit</span> <span class='ocrx_word' id='word_1_38' title='bbox 410 861 495 926; x_wconf 91' lang='lat' dir='ltr'>huno</span> <span class='ocrx_word' id='word_1_39' title='bbox 528 859 637 925; x_wconf 82' lang='lat' dir='ltr'>locum</span> <span class='ocrx_word' id='word_1_40' title='bbox 668 857 850 923; x_wconf 85' lang='lat' dir='ltr'>Meinekius</span> <span class='ocrx_word' id='word_1_41' title='bbox 884 859 919 920; x_wconf 89' lang='lat' dir='ltr'>in</span> <span class='ocrx_word' id='word_1_42' title='bbox 959 857 1076 922; x_wconf 80' lang='lat' dir='ltr'>Vindia.</span> <span class='ocrx_word' id='word_1_43' title='bbox 1117 857 1254 922; x_wconf 66' lang='lat' dir='ltr'>Straton</span> 
     </span>
     <span class='ocr_line' id='line_1_7' title="bbox 79 962 1259 1055; baseline -0.004 -22"><span class='ocrx_word' id='word_1_44' title='bbox 79 988 141 1055; x_wconf 86' lang='lat' dir='ltr'>pag.</span> <span class='ocrx_word' id='word_1_45' title='bbox 180 967 210 1033; x_wconf 89' lang='lat'>3.</span> <span class='ocrx_word' id='word_1_46' title='bbox 248 969 480 1045; x_wconf 67' lang='lat' dir='ltr'>„eratosthene</span> <span class='ocrx_word' id='word_1_47' title='bbox 515 965 646 1054; x_wconf 85' lang='lat' dir='ltr'>(inquit)</span> <span class='ocrx_word' id='word_1_48' title='bbox 682 965 805 1028; x_wconf 80' lang='grc' dir='ltr'><em>ικυίθυνι</em></span> <span class='ocrx_word' id='word_1_49' title='bbox 839 962 987 1028; x_wconf 79' lang='lat' dir='ltr'>tribuebat</span> <span class='ocrx_word' id='word_1_50' title='bbox 1023 964 1136 1041; x_wconf 80' lang='lat' dir='ltr'>Bboai,</span> <span class='ocrx_word' id='word_1_51' title='bbox 1174 985 1259 1050; x_wconf 75' lang='lat' dir='ltr'>quem</span> 
     </span>
     <span class='ocr_line' id='line_1_8' title="bbox 75 1069 1260 1158; baseline -0.002 -22"><span class='ocrx_word' id='word_1_52' title='bbox 75 1073 268 1158; x_wconf 71' lang='lat' dir='ltr'>philosophiae</span> <span class='ocrx_word' id='word_1_53' title='bbox 289 1073 436 1157; x_wconf 80' lang='lat' dir='ltr'>floridam</span> <span class='ocrx_word' id='word_1_54' title='bbox 467 1078 571 1136; x_wconf 79' lang='grc' dir='ltr'><em>νοεθονι</em></span> <span class='ocrx_word' id='word_1_55' title='bbox 595 1070 729 1134; x_wconf 64' lang='lat' dir='ltr'>emata</span> <span class='ocrx_word' id='word_1_56' title='bbox 753 1069 927 1135; x_wconf 79' lang='lat' dir='ltr'>dictitabat:</span> <span class='ocrx_word' id='word_1_57' title='bbox 951 1077 982 1134; x_wconf 89' lang='lat' dir='ltr'>at</span> <span class='ocrx_word' id='word_1_58' title='bbox 997 1070 1072 1154; x_wconf 81' lang='lat' dir='ltr'>fait</span> <span class='ocrx_word' id='word_1_59' title='bbox 1094 1070 1183 1135; x_wconf 80' lang='lat' dir='ltr'>etiam</span> <span class='ocrx_word' id='word_1_60' title='bbox 1208 1069 1260 1134; x_wconf 80' lang='lat' dir='ltr'>att</span> 
     </span>
     <span class='ocr_line' id='line_1_9' title="bbox 81 1172 1259 1261; baseline -0.002 -19"><span class='ocrx_word' id='word_1_61' title='bbox 81 1179 111 1242; x_wconf 90' lang='lat' dir='ltr'>ab</span> <span class='ocrx_word' id='word_1_62' title='bbox 132 1201 161 1243; x_wconf 84' lang='lat' dir='ltr'>aa</span> <span class='ocrx_word' id='word_1_63' title='bbox 183 1179 355 1244; x_wconf 76' lang='grc' dir='ltr'><em>θίοιοιιθὶνοθ</em></span> <span class='ocrx_word' id='word_1_64' title='bbox 377 1186 406 1243; x_wconf 84' lang='lat' dir='ltr'>et</span> <span class='ocrx_word' id='word_1_65' title='bbox 433 1177 538 1243; x_wconf 81' lang='grc' dir='ltr'><em>οῖνθινοί</em></span> <span class='ocrx_word' id='word_1_66' title='bbox 553 1176 667 1261; x_wconf 77' lang='lat' dir='ltr'>paonis</span> <span class='ocrx_word' id='word_1_67' title='bbox 686 1175 804 1240; x_wconf 75' lang='grc' dir='ltr'><em>οσεσθεοο</em></span> <span class='ocrx_word' id='word_1_68' title='bbox 828 1176 955 1254; x_wconf 67' lang='lat' dir='ltr'>diceet,</span> <span class='ocrx_word' id='word_1_69' title='bbox 977 1172 1037 1252; x_wconf 79' lang='grc' dir='ltr'><em>οίκν</em></span> <span class='ocrx_word' id='word_1_70' title='bbox 1058 1176 1092 1241; x_wconf 75' lang='grc' dir='ltr'>ἐκ</span> <span class='ocrx_word' id='word_1_71' title='bbox 1111 1175 1225 1256; x_wconf 74' lang='grc' dir='ltr'><em>ῥακέων</em></span> <span class='ocrx_word' id='word_1_72' title='bbox 1235 1173 1259 1240; x_wconf 88' lang='grc' dir='ltr'>ί”</span> 
     </span>
    </p>

    <p class='ocr_par' dir='ltr' id='par_1_5' title="bbox 82 1282 1262 1796">
     <span class='ocr_line' id='line_1_10' title="bbox 120 1282 1260 1362; baseline -0.004 -11"><span class='ocrx_word' id='word_1_73' title='bbox 120 1283 213 1351; x_wconf 87' lang='lat' dir='ltr'>Plane</span> <span class='ocrx_word' id='word_1_74' title='bbox 242 1287 331 1351; x_wconf 88' lang='lat' dir='ltr'>enim</span> <span class='ocrx_word' id='word_1_75' title='bbox 361 1290 470 1350; x_wconf 87' lang='lat' dir='ltr'>contra</span> <span class='ocrx_word' id='word_1_76' title='bbox 492 1289 557 1350; x_wconf 88' lang='lat' dir='ltr'>est:</span> <span class='ocrx_word' id='word_1_77' title='bbox 581 1282 686 1347; x_wconf 77' lang='grc' dir='ltr'><em>ανθινδι</em></span> <span class='ocrx_word' id='word_1_78' title='bbox 713 1282 894 1362; x_wconf 75' lang='grc' dir='ltr'><em>περιβαλεῖν</em></span> <span class='ocrx_word' id='word_1_79' title='bbox 919 1288 968 1348; x_wconf 88' lang='lat' dir='ltr'>est</span> <span class='ocrx_word' id='word_1_80' title='bbox 990 1283 1154 1348; x_wconf 77' lang='grc' dir='ltr'><em>οαοισθοίοῖο</em></span> <span class='ocrx_word' id='word_1_81' title='bbox 1178 1284 1260 1346; x_wconf 78' lang='lat' dir='ltr'>matta</span> 
     </span>
     <span class='ocr_line' id='line_1_11' title="bbox 82 1388 1261 1476; baseline 0.001 -23"><span class='ocrx_word' id='word_1_82' title='bbox 82 1390 194 1454; x_wconf 80' lang='grc' dir='ltr'><em>ιὀθαενσ</em></span> <span class='ocrx_word' id='word_1_83' title='bbox 216 1396 248 1456; x_wconf 90' lang='lat' dir='ltr'>et</span> <span class='ocrx_word' id='word_1_84' title='bbox 270 1393 316 1456; x_wconf 87' lang='lat' dir='ltr'>sie</span> <span class='ocrx_word' id='word_1_85' title='bbox 334 1389 554 1476; x_wconf 79' lang='lat' dir='ltr'>philosophiae</span> <span class='ocrx_word' id='word_1_86' title='bbox 577 1389 771 1476; x_wconf 86' lang='lat' dir='ltr'>dignitatem</span> <span class='ocrx_word' id='word_1_87' title='bbox 799 1390 1006 1473; x_wconf 76' lang='lat' dir='ltr'>protervitate</span> <span class='ocrx_word' id='word_1_88' title='bbox 1025 1388 1261 1456; x_wconf 82' lang='lat' dir='ltr'>etsourrilitate</span> 
     </span>
     <span class='ocr_line' id='line_1_12' title="bbox 82 1495 1262 1583; baseline 0.002 -23"><span class='ocrx_word' id='word_1_89' title='bbox 82 1497 216 1569; x_wconf 82' lang='lat' dir='ltr'>minuere</span> <span class='ocrx_word' id='word_1_90' title='bbox 237 1504 270 1562; x_wconf 91' lang='lat' dir='ltr'>et</span> <span class='ocrx_word' id='word_1_91' title='bbox 291 1496 438 1582; x_wconf 81' lang='lat' dir='ltr'>perdere,</span> <span class='ocrx_word' id='word_1_92' title='bbox 466 1497 520 1562; x_wconf 91' lang='lat' dir='ltr'>sed</span> <span class='ocrx_word' id='word_1_93' title='bbox 543 1513 650 1560; x_wconf 72' lang='lat' dir='ltr'>umus</span> <span class='ocrx_word' id='word_1_94' title='bbox 676 1495 762 1559; x_wconf 91' lang='lat' dir='ltr'>idem</span> <span class='ocrx_word' id='word_1_95' title='bbox 780 1495 964 1560; x_wconf 72' lang='lat' dir='ltr'>vmirabatur</span> <span class='ocrx_word' id='word_1_96' title='bbox 986 1498 1133 1583; x_wconf 84' lang='lat' dir='ltr'>vigorem</span> <span class='ocrx_word' id='word_1_97' title='bbox 1152 1496 1262 1563; x_wconf 85' lang='lat' dir='ltr'>Bionis</span> 
     </span>
     <span class='ocr_line' id='line_1_13' title="bbox 83 1601 1262 1689; baseline 0.002 -23"><span class='ocrx_word' id='word_1_98' title='bbox 83 1621 115 1666; x_wconf 88' lang='lat' dir='ltr'>ao</span> <span class='ocrx_word' id='word_1_99' title='bbox 135 1603 244 1687; x_wconf 86' lang='lat' dir='ltr'>robur,</span> <span class='ocrx_word' id='word_1_100' title='bbox 263 1608 301 1668; x_wconf 89' lang='lat' dir='ltr'>ut</span> <span class='ocrx_word' id='word_1_101' title='bbox 321 1604 409 1678; x_wconf 81' lang='lat' dir='ltr'>proti</span> <span class='ocrx_word' id='word_1_102' title='bbox 428 1605 464 1666; x_wconf 93' lang='lat' dir='ltr'>in</span> <span class='ocrx_word' id='word_1_103' title='bbox 481 1601 598 1689; x_wconf 88' lang='lat' dir='ltr'>Ulysse</span> <span class='ocrx_word' id='word_1_104' title='bbox 618 1620 812 1687; x_wconf 86' lang='lat' dir='ltr'>quamquam</span> <span class='ocrx_word' id='word_1_105' title='bbox 833 1620 906 1666; x_wconf 90' lang='lat' dir='ltr'>sene</span> <span class='ocrx_word' id='word_1_106' title='bbox 925 1603 1038 1686; x_wconf 83' lang='lat' dir='ltr'>pannis</span> <span class='ocrx_word' id='word_1_107' title='bbox 1056 1602 1161 1668; x_wconf 87' lang='lat' dir='ltr'>obsito</span> <span class='ocrx_word' id='word_1_108' title='bbox 1178 1605 1262 1668; x_wconf 78' lang='lat' dir='ltr'>vires</span> 
     </span>
     <span class='ocr_line' id='line_1_14' title="bbox 84 1707 998 1796; baseline -0.001 -24"><span class='ocrx_word' id='word_1_109' title='bbox 84 1728 116 1773; x_wconf 88' lang='lat' dir='ltr'>ae</span> <span class='ocrx_word' id='word_1_110' title='bbox 138 1707 320 1776; x_wconf 87' lang='lat' dir='ltr'>firmitatem</span> <span class='ocrx_word' id='word_1_111' title='bbox 343 1712 481 1796; x_wconf 86' lang='lat' dir='ltr'>eorporis</span> <span class='ocrx_word' id='word_1_112' title='bbox 507 1707 728 1775; x_wconf 86' lang='lat' dir='ltr'>admirabnndi</span> <span class='ocrx_word' id='word_1_113' title='bbox 754 1707 998 1792; x_wconf 80' lang='lat' dir='ltr'>conspiciebant.</span> 
     </span>
    </p>

    <p class='ocr_par' dir='ltr' id='par_1_6' title="bbox 84 1812 1265 2221">
     <span class='ocr_line' id='line_1_15' title="bbox 128 1812 1264 1902; baseline 0 -22"><span class='ocrx_word' id='word_1_114' title='bbox 128 1814 241 1881; x_wconf 85' lang='lat' dir='ltr'>Melius</span> <span class='ocrx_word' id='word_1_115' title='bbox 264 1815 430 1902; x_wconf 83' lang='lat' dir='ltr'>apparebit</span> <span class='ocrx_word' id='word_1_116' title='bbox 449 1837 501 1882; x_wconf 88' lang='lat' dir='ltr'>res</span> <span class='ocrx_word' id='word_1_117' title='bbox 521 1817 550 1881; x_wconf 89' lang='lat' dir='ltr'>si</span> <span class='ocrx_word' id='word_1_118' title='bbox 571 1814 706 1880; x_wconf 86' lang='lat' dir='ltr'>Homeri</span> <span class='ocrx_word' id='word_1_119' title='bbox 724 1833 854 1880; x_wconf 87' lang='lat' dir='ltr'>versum</span> <span class='ocrx_word' id='word_1_120' title='bbox 874 1812 1068 1899; x_wconf 85' lang='lat' dir='ltr'>expleveris,</span> <span class='ocrx_word' id='word_1_121' title='bbox 1087 1833 1162 1879; x_wconf 88' lang='lat' dir='ltr'>nam</span> <span class='ocrx_word' id='word_1_122' title='bbox 1184 1815 1264 1880; x_wconf 85' lang='lat' dir='ltr'>dieti</span> 
     </span>
     <span class='ocr_line' id='line_1_16' title="bbox 85 1913 1265 2004; baseline 0 -18"><span class='ocrx_word' id='word_1_123' title='bbox 85 1940 209 1986; x_wconf 75' lang='lat' dir='ltr'>acumen</span> <span class='ocrx_word' id='word_1_124' title='bbox 231 1926 279 1988; x_wconf 89' lang='lat' dir='ltr'>est</span> <span class='ocrx_word' id='word_1_125' title='bbox 300 1924 336 1988; x_wconf 91' lang='lat' dir='ltr'>in</span> <span class='ocrx_word' id='word_1_126' title='bbox 358 1913 418 1997; x_wconf 79' lang='grc' dir='ltr'><em>οῖκν</em></span> <span class='ocrx_word' id='word_1_127' title='bbox 445 1959 486 1971; x_wconf 93' lang='grc'><strong>-</strong></span> <span class='ocrx_word' id='word_1_128' title='bbox 510 1921 688 1999; x_wconf 73' lang='grc' dir='ltr'><em>ἐπιγουνίδα</em></span> <span class='ocrx_word' id='word_1_129' title='bbox 711 1920 837 1999; x_wconf 83' lang='grc' dir='ltr'><em>Φαίνει,</em></span> <span class='ocrx_word' id='word_1_130' title='bbox 861 1939 940 2004; x_wconf 87' lang='lat' dir='ltr'>quae</span> <span class='ocrx_word' id='word_1_131' title='bbox 962 1919 1060 1986; x_wconf 85' lang='lat' dir='ltr'>verba</span> <span class='ocrx_word' id='word_1_132' title='bbox 1082 1924 1138 1984; x_wconf 87' lang='lat' dir='ltr'>aut</span> <span class='ocrx_word' id='word_1_133' title='bbox 1161 1919 1265 1986; x_wconf 85' lang='lat' dir='ltr'>sariba</span> 
     </span>
     <span class='ocr_line' id='line_1_17' title="bbox 84 2025 1264 2113; baseline 0.003 -22"><span class='ocrx_word' id='word_1_134' title='bbox 84 2029 186 2092; x_wconf 89' lang='lat' dir='ltr'>omisit</span> <span class='ocrx_word' id='word_1_135' title='bbox 216 2034 272 2094; x_wconf 88' lang='lat' dir='ltr'>aut</span> <span class='ocrx_word' id='word_1_136' title='bbox 301 2029 371 2113; x_wconf 89' lang='lat' dir='ltr'>ipse</span> <span class='ocrx_word' id='word_1_137' title='bbox 399 2028 624 2094; x_wconf 78' lang='lat' dir='ltr'>Eratosthenes</span> <span class='ocrx_word' id='word_1_138' title='bbox 651 2031 762 2112; x_wconf 86' lang='lat' dir='ltr'>utpote</span> <span class='ocrx_word' id='word_1_139' title='bbox 784 2025 934 2090; x_wconf 89' lang='lat' dir='ltr'>omnibus</span> <span class='ocrx_word' id='word_1_140' title='bbox 956 2026 1123 2092; x_wconf 83' lang='lat' dir='ltr'>notissime</span> <span class='ocrx_word' id='word_1_141' title='bbox 1148 2026 1264 2113; x_wconf 83' lang='lat' dir='ltr'>(veluti</span> 
     </span>
     <span class='ocr_line' id='line_1_18' title="bbox 84 2131 950 2221; baseline -0.002 -23"><span class='ocrx_word' id='word_1_142' title='bbox 84 2133 198 2214; x_wconf 79' lang='grc' dir='ltr'><em>χρύσεα</em></span> <span class='ocrx_word' id='word_1_143' title='bbox 219 2133 392 2221; x_wconf 74' lang='grc' dir='ltr'><em>χαλκείων)</em></span> <span class='ocrx_word' id='word_1_144' title='bbox 418 2135 590 2200; x_wconf 83' lang='lat' dir='ltr'>lectoribus</span> <span class='ocrx_word' id='word_1_145' title='bbox 613 2132 788 2218; x_wconf 89' lang='lat' dir='ltr'>supplenda</span> <span class='ocrx_word' id='word_1_146' title='bbox 810 2131 950 2216; x_wconf 89' lang='lat' dir='ltr'>reliquit.</span> 
     </span>
    </p>

    <p class='ocr_par' dir='ltr' id='par_1_7' title="bbox 83 2233 1263 2519">
     <span class='ocr_line' id='line_1_19' title="bbox 124 2233 1263 2326; baseline 0.002 -21"><span class='ocrx_word' id='word_1_147' title='bbox 124 2239 170 2305; x_wconf 92' lang='lat' dir='ltr'>De</span> <span class='ocrx_word' id='word_1_148' title='bbox 198 2240 288 2306; x_wconf 87' lang='lat' dir='ltr'>oultu</span> <span class='ocrx_word' id='word_1_149' title='bbox 318 2242 499 2306; x_wconf 82' lang='lat' dir='ltr'>meretricio</span> <span class='ocrx_word' id='word_1_150' title='bbox 529 2240 595 2306; x_wconf 79' lang='lat' dir='ltr'>vid.</span> <span class='ocrx_word' id='word_1_151' title='bbox 628 2239 742 2304; x_wconf 91' lang='lat' dir='ltr'>Athen.</span> <span class='ocrx_word' id='word_1_152' title='bbox 776 2258 850 2326; x_wconf 81' lang='lat' dir='ltr'>pag.</span> <span class='ocrx_word' id='word_1_153' title='bbox 884 2235 947 2302; x_wconf 81' lang='lat'>521</span> <span class='ocrx_word' id='word_1_154' title='bbox 980 2256 1011 2303; x_wconf 84' lang='lat' dir='ltr'>e.</span> <span class='ocrx_word' id='word_1_155' title='bbox 1035 2237 1124 2315; x_wconf 85' lang='grc' dir='ltr'><em>νθμος</em></span> <span class='ocrx_word' id='word_1_156' title='bbox 1148 2233 1181 2315; x_wconf 76' lang='grc' dir='ltr'>ἦν</span> <span class='ocrx_word' id='word_1_157' title='bbox 1204 2241 1263 2315; x_wconf 73' lang='grc' dir='ltr'><em>τοῖς</em></span> 
     </span>
     <span class='ocr_line' id='line_1_20' title="bbox 83 2344 1262 2430; baseline 0.004 -21"><span class='ocrx_word' id='word_1_158' title='bbox 83 2353 229 2422; x_wconf 86' lang='grc' dir='ltr'><em>γυναῖκας</em></span> <span class='ocrx_word' id='word_1_159' title='bbox 252 2349 297 2427; x_wconf 74' lang='grc' dir='ltr'>μίν</span> <span class='ocrx_word' id='word_1_160' title='bbox 322 2347 426 2413; x_wconf 78' lang='grc' dir='ltr'><em>σίνθινιδ</em></span> <span class='ocrx_word' id='word_1_161' title='bbox 451 2352 618 2430; x_wconf 84' lang='grc' dir='ltr'><em>φορεῖν-</em></span> <span class='ocrx_word' id='word_1_162' title='bbox 643 2345 699 2410; x_wconf 79' lang='grc' dir='ltr'><em>ἔδον</em></span> <span class='ocrx_word' id='word_1_163' title='bbox 719 2344 764 2423; x_wconf 72' lang='lat' dir='ltr'>pati</span> <span class='ocrx_word' id='word_1_164' title='bbox 789 2367 835 2416; x_wconf 90' lang='grc' dir='ltr'>τις</span> <span class='ocrx_word' id='word_1_165' title='bbox 860 2345 960 2411; x_wconf 83' lang='grc' dir='ltr'><em>αὐτῶν</em></span> <span class='ocrx_word' id='word_1_166' title='bbox 984 2354 1133 2428; x_wconf 65' lang='grc' dir='ltr'><em>συγχωρεῖ</em></span> <span class='ocrx_word' id='word_1_167' title='bbox 1154 2345 1262 2428; x_wconf 79' lang='grc' dir='ltr'><em>ἑταίρα</em></span> 
     </span>
     <span class='ocr_line' id='line_1_21' title="bbox 84 2475 166 2519; baseline 0.061 -5"><span class='ocrx_word' id='word_1_168' title='bbox 84 2475 166 2519; x_wconf 85' lang='grc' dir='ltr'><em>ειναι.</em></span> 
     </span>
    </p>
   </div>
   <div class='ocr_carea' id='block_1_3' title="bbox 77 2657 1264 3176">
    <p class='ocr_par' dir='ltr' id='par_1_8' title="bbox 77 2657 1264 3176">
     <span class='ocr_line' id='line_1_22' title="bbox 125 2657 1264 2752; baseline 0.004 -25"><span class='ocrx_word' id='word_1_169' title='bbox 125 2663 200 2752; x_wconf 84' lang='lat' dir='ltr'>Pag.</span> <span class='ocrx_word' id='word_1_170' title='bbox 224 2662 275 2729; x_wconf 85' lang='lat'>15.</span> <span class='ocrx_word' id='word_1_171' title='bbox 291 2663 387 2748; x_wconf 76' lang='grc' dir='ltr'>ιιῖλιιίι</span> <span class='ocrx_word' id='word_1_172' title='bbox 407 2663 508 2728; x_wconf 82' lang='grc' dir='ltr'><em>ἐκεῖνα</em></span> <span class='ocrx_word' id='word_1_173' title='bbox 529 2660 661 2727; x_wconf 71' lang='lat' dir='ltr'>&#39;eboba</span> <span class='ocrx_word' id='word_1_174' title='bbox 699 2657 909 2726; x_wconf 76' lang='lat' dir='ltr'>Scribendum</span> <span class='ocrx_word' id='word_1_175' title='bbox 931 2666 963 2726; x_wconf 90' lang='lat' dir='ltr'>et</span> <span class='ocrx_word' id='word_1_176' title='bbox 979 2662 1033 2727; x_wconf 89' lang='lat' dir='ltr'>hio</span> <span class='ocrx_word' id='word_1_177' title='bbox 1051 2668 1083 2728; x_wconf 93' lang='lat' dir='ltr'>et</span> <span class='ocrx_word' id='word_1_178' title='bbox 1103 2661 1264 2731; x_wconf 89' lang='lat' dir='ltr'>aliisloeis</span> 
     </span>
     <span class='ocr_line' id='line_1_23' title="bbox 86 2753 1264 2855; baseline 0.006 -24"><span class='ocrx_word' id='word_1_179' title='bbox 86 2769 212 2835; x_wconf 76' lang='grc' dir='ltr'><em>Ειθσθω.</em></span> <span class='ocrx_word' id='word_1_180' title='bbox 260 2769 418 2855; x_wconf 85' lang='lat' dir='ltr'>Perpetuo</span> <span class='ocrx_word' id='word_1_181' title='bbox 449 2771 535 2835; x_wconf 89' lang='lat' dir='ltr'>enim</span> <span class='ocrx_word' id='word_1_182' title='bbox 565 2771 599 2832; x_wconf 87' lang='lat' dir='ltr'>in</span> <span class='ocrx_word' id='word_1_183' title='bbox 630 2767 689 2832; x_wconf 91' lang='lat' dir='ltr'>tali</span> <span class='ocrx_word' id='word_1_184' title='bbox 712 2753 746 2832; x_wconf 74' lang='lat' dir='ltr'>re&#39;</span> <span class='ocrx_word' id='word_1_185' title='bbox 769 2773 801 2832; x_wconf 89' lang='lat' dir='ltr'>et</span> <span class='ocrx_word' id='word_1_186' title='bbox 824 2767 941 2852; x_wconf 87' lang='lat' dir='ltr'>reliqui</span> <span class='ocrx_word' id='word_1_187' title='bbox 964 2788 1073 2835; x_wconf 90' lang='lat' dir='ltr'>omnes</span> <span class='ocrx_word' id='word_1_188' title='bbox 1096 2774 1128 2836; x_wconf 91' lang='lat' dir='ltr'>et</span> <span class='ocrx_word' id='word_1_189' title='bbox 1152 2769 1264 2838; x_wconf 81' lang='lat' dir='ltr'>Strabo</span> 
     </span>
     <span class='ocr_line' id='line_1_24' title="bbox 77 2874 1263 2960; baseline 0.003 -22"><span class='ocrx_word' id='word_1_190' title='bbox 77 2876 208 2960; x_wconf 79' lang='lat' dir='ltr'>perfeeto</span> <span class='ocrx_word' id='word_1_191' title='bbox 231 2881 384 2952; x_wconf 87' lang='lat' dir='ltr'>utuntur,</span> <span class='ocrx_word' id='word_1_192' title='bbox 409 2875 549 2954; x_wconf 78' lang='grc' dir='ltr'><em>είρθσθω,</em></span> <span class='ocrx_word' id='word_1_193' title='bbox 575 2874 764 2954; x_wconf 69' lang='grc' dir='ltr'><em>γεγράφθω,</em></span> <span class='ocrx_word' id='word_1_194' title='bbox 791 2875 955 2954; x_wconf 73' lang='grc' dir='ltr'><em>ἀνερρίφθω</em></span> <span class='ocrx_word' id='word_1_195' title='bbox 980 2874 1094 2954; x_wconf 81' lang='grc' dir='ltr'><em>κύβος,</em></span> <span class='ocrx_word' id='word_1_196' title='bbox 1118 2875 1263 2956; x_wconf 75' lang='grc' dir='ltr'>δεδόσθω,</span> 
     </span>
     <span class='ocr_line' id='line_1_25' title="bbox 83 2979 1263 3063; baseline 0.003 -19"><span class='ocrx_word' id='word_1_197' title='bbox 83 2983 282 3060; x_wconf 89' lang='grc' dir='ltr'><em>προσκείσθω,</em></span> <span class='ocrx_word' id='word_1_198' title='bbox 314 2981 496 3057; x_wconf 83' lang='grc' dir='ltr'><em>ὑποκείσθω,</em></span> <span class='ocrx_word' id='word_1_199' title='bbox 529 2979 743 3058; x_wconf 72' lang='grc' dir='ltr'><em>ἀπηλλάχθω,</em></span> <span class='ocrx_word' id='word_1_200' title='bbox 782 2979 1004 3058; x_wconf 87' lang='grc' dir='ltr'><em>περιωδεθσθω,</em></span> <span class='ocrx_word' id='word_1_201' title='bbox 1031 2985 1263 3063; x_wconf 77' lang='grc' dir='ltr'><em>προσειλθφθω,</em></span> 
     </span>
     <span class='ocr_line' id='line_1_26' title="bbox 84 3085 1242 3176; baseline 0.003 -27"><span class='ocrx_word' id='word_1_202' title='bbox 84 3093 115 3150; x_wconf 89' lang='lat' dir='ltr'>et</span> <span class='ocrx_word' id='word_1_203' title='bbox 138 3089 217 3172; x_wconf 91' lang='lat' dir='ltr'>quod</span> <span class='ocrx_word' id='word_1_204' title='bbox 240 3087 333 3173; x_wconf 86' lang='lat' dir='ltr'>plane</span> <span class='ocrx_word' id='word_1_205' title='bbox 356 3086 442 3153; x_wconf 90' lang='lat' dir='ltr'>idem</span> <span class='ocrx_word' id='word_1_206' title='bbox 467 3091 514 3152; x_wconf 89' lang='lat' dir='ltr'>est</span> <span class='ocrx_word' id='word_1_207' title='bbox 538 3093 632 3171; x_wconf 85' lang='lat' dir='ltr'>atque</span> <span class='ocrx_word' id='word_1_208' title='bbox 656 3085 764 3150; x_wconf 83' lang='grc' dir='ltr'><em>είοίσθω</em></span> <span class='ocrx_word' id='word_1_209' title='bbox 789 3087 914 3170; x_wconf 84' lang='lat' dir='ltr'>saepius</span> <span class='ocrx_word' id='word_1_210' title='bbox 938 3087 1088 3165; x_wconf 88' lang='grc' dir='ltr'><em>παρείσθω</em></span> <span class='ocrx_word' id='word_1_211' title='bbox 1111 3085 1242 3176; x_wconf 90' lang='lat' dir='ltr'>legitur.</span> 
     </span>
    </p>
   </div>
   <div class='ocr_carea' id='block_1_4' title="bbox 83 3290 1269 3684">
    <p class='ocr_par' dir='ltr' id='par_1_9' title="bbox 83 3290 1269 3684">
     <span class='ocr_line' id='line_1_27' title="bbox 128 3290 1266 3388; baseline 0 -24"><span class='ocrx_word' id='word_1_212' title='bbox 128 3299 203 3388; x_wconf 89' lang='lat' dir='ltr'>Pag.</span> <span class='ocrx_word' id='word_1_213' title='bbox 239 3298 293 3364; x_wconf 90' lang='grc'>16.</span> <span class='ocrx_word' id='word_1_214' title='bbox 318 3298 331 3362; x_wconf 87' lang='lat' dir='ltr'>b</span> <span class='ocrx_word' id='word_1_215' title='bbox 357 3297 388 3362; x_wconf 79' lang='grc' dir='ltr'>δὲ</span> <span class='ocrx_word' id='word_1_216' title='bbox 414 3294 659 3383; x_wconf 77' lang='grc' dir='ltr'><em>(Ἐρατοσθένης)</em></span> <span class='ocrx_word' id='word_1_217' title='bbox 682 3296 850 3374; x_wconf 73' lang='grc' dir='ltr'><em>ἐπήνεγκεν</em></span> <span class='ocrx_word' id='word_1_218' title='bbox 875 3290 920 3359; x_wconf 77' lang='lat' dir='ltr'>bra</span> <span class='ocrx_word' id='word_1_219' title='bbox 944 3297 1164 3374; x_wconf 74' lang='grc' dir='ltr'><em>ψυχαγωγίας</em></span> <span class='ocrx_word' id='word_1_220' title='bbox 1187 3307 1266 3364; x_wconf 88' lang='grc' dir='ltr'>ΜΟ-</span> 
     </span>
     <span class='ocr_line' id='line_1_28' title="bbox 83 3400 1268 3491; baseline 0.002 -22"><span class='ocrx_word' id='word_1_221' title='bbox 83 3413 195 3483; x_wconf 89' lang='grc' dir='ltr'><em>ΝΟΝ,</em></span> <span class='ocrx_word' id='word_1_222' title='bbox 220 3404 424 3476; x_wconf 77' lang='grc' dir='ltr'><em>διδασκαλίας</em></span> <span class='ocrx_word' id='word_1_223' title='bbox 445 3403 470 3466; x_wconf 86' lang='grc' dir='ltr'>δ’</span> <span class='ocrx_word' id='word_1_224' title='bbox 491 3401 537 3468; x_wconf 86' lang='grc' dir='ltr'>οθ.</span> <span class='ocrx_word' id='word_1_225' title='bbox 565 3400 665 3467; x_wconf 79' lang='lat' dir='ltr'>Serib.</span> <span class='ocrx_word' id='word_1_226' title='bbox 686 3401 904 3481; x_wconf 79' lang='grc' dir='ltr'><em>ψυχαγωγίας</em></span> <span class='ocrx_word' id='word_1_227' title='bbox 923 3409 1028 3466; x_wconf 79' lang='grc' dir='ltr'><strong>ΜΕΝ.</strong></span> <span class='ocrx_word' id='word_1_228' title='bbox 1053 3401 1157 3483; x_wconf 80' lang='lat' dir='ltr'>Quam</span> <span class='ocrx_word' id='word_1_229' title='bbox 1176 3425 1268 3491; x_wconf 86' lang='lat' dir='ltr'>saepe</span> 
     </span>
     <span class='ocr_line' id='line_1_29' title="bbox 83 3507 1269 3608; baseline 0.002 -32"><span class='ocrx_word' id='word_1_230' title='bbox 83 3511 116 3576; x_wconf 90' lang='lat' dir='ltr'>in</span> <span class='ocrx_word' id='word_1_231' title='bbox 152 3511 206 3577; x_wconf 84' lang='lat' dir='ltr'>tali</span> <span class='ocrx_word' id='word_1_232' title='bbox 228 3532 274 3608; x_wconf 26' lang='lat' dir='ltr'>‚re</span> <span class='ocrx_word' id='word_1_233' title='bbox 309 3508 367 3588; x_wconf 78' lang='grc' dir='ltr'>μέν</span> <span class='ocrx_word' id='word_1_234' title='bbox 402 3514 434 3575; x_wconf 90' lang='lat' dir='ltr'>et</span> <span class='ocrx_word' id='word_1_235' title='bbox 467 3507 555 3588; x_wconf 77' lang='grc' dir='ltr'><em>μόνον</em></span> <span class='ocrx_word' id='word_1_236' title='bbox 592 3508 826 3574; x_wconf 73' lang='lat' dir='ltr'>contrudantur</span> <span class='ocrx_word' id='word_1_237' title='bbox 842 3579 844 3584; x_wconf 17' lang='lat'>³</span> <span class='ocrx_word' id='word_1_238' title='bbox 858 3509 1054 3574; x_wconf 88' lang='lat' dir='ltr'>ostendimus</span> <span class='ocrx_word' id='word_1_239' title='bbox 1085 3510 1124 3575; x_wconf 91' lang='lat' dir='ltr'>ad</span> <span class='ocrx_word' id='word_1_240' title='bbox 1154 3509 1269 3578; x_wconf 82' lang='lat' dir='ltr'>Demo</span> 
     </span>
     <span class='ocr_line' id='line_1_30' title="bbox 84 3617 332 3684; baseline 0.024 -6"><span class='ocrx_word' id='word_1_241' title='bbox 84 3617 236 3684; x_wconf 86' lang='lat' dir='ltr'>sthene&#39;m.</span> <span class='ocrx_word' id='word_1_242' title='bbox 328 3617 332 3626; x_wconf 73' lang='lat'>&#39;</span> 
     </span>
    </p>
   </div>
   <div class='ocr_carea' id='block_1_5' title="bbox 81 3826 1273 4450">
    <p class='ocr_par' dir='ltr' id='par_1_10' title="bbox 81 3826 1273 4450">
     <span class='ocr_line' id='line_1_31' title="bbox 129 3826 1272 3918; baseline 0.007 -25"><span class='ocrx_word' id='word_1_243' title='bbox 129 3826 254 3898; x_wconf 75' lang='lat' dir='ltr'>Somno</span> <span class='ocrx_word' id='word_1_244' title='bbox 284 3852 360 3918; x_wconf 80' lang='lat' dir='ltr'>pag.</span> <span class='ocrx_word' id='word_1_245' title='bbox 396 3826 449 3894; x_wconf 81' lang='lat'>17.</span> <span class='ocrx_word' id='word_1_246' title='bbox 481 3828 534 3894; x_wconf 86' lang='grc' dir='ltr'><em>καί</em></span> <span class='ocrx_word' id='word_1_247' title='bbox 559 3829 620 3909; x_wconf 78' lang='grc' dir='ltr'>οὐχ</span> <span class='ocrx_word' id='word_1_248' title='bbox 642 3826 778 3908; x_wconf 78' lang='grc' dir='ltr'><em>Ὄμηρος</em></span> <span class='ocrx_word' id='word_1_249' title='bbox 804 3828 861 3907; x_wconf 78' lang='grc' dir='ltr'>μὲν</span> <span class='ocrx_word' id='word_1_250' title='bbox 887 3826 963 3895; x_wconf 76' lang='grc' dir='ltr'><em>οὕτω</em></span> <span class='ocrx_word' id='word_1_251' title='bbox 988 3835 1097 3909; x_wconf 85' lang='grc' dir='ltr'><em>Φρονεῖ</em></span> <span class='ocrx_word' id='word_1_252' title='bbox 1115 3833 1181 3912; x_wconf 79' lang='grc' dir='ltr'><em>περ)</em></span> <span class='ocrx_word' id='word_1_253' title='bbox 1204 3835 1272 3901; x_wconf 87' lang='grc' dir='ltr'><em>ποθ-</em></span> 
     </span>
     <span class='ocr_line' id='line_1_32' title="bbox 81 3934 1271 4024; baseline 0.007 -25"><span class='ocrx_word' id='word_1_254' title='bbox 81 3960 167 4014; x_wconf 87' lang='grc' dir='ltr'><em>των,</em></span> <span class='ocrx_word' id='word_1_255' title='bbox 189 3938 256 4020; x_wconf 80' lang='grc' dir='ltr'><em>οὐχί</em></span> <span class='ocrx_word' id='word_1_256' title='bbox 281 3938 313 4003; x_wconf 76' lang='grc' dir='ltr'>δὲ</span> <span class='ocrx_word' id='word_1_257' title='bbox 337 3935 453 4008; x_wconf 84' lang='grc' dir='ltr'><em>ποίντες</em></span> <span class='ocrx_word' id='word_1_258' title='bbox 478 3936 503 4000; x_wconf 85' lang='grc' dir='ltr'>οί</span> <span class='ocrx_word' id='word_1_259' title='bbox 527 3934 763 4012; x_wconf 76' lang='grc' dir='ltr'><em>πεπαιδευμένοι</em></span> <span class='ocrx_word' id='word_1_260' title='bbox 789 3934 919 4016; x_wconf 83' lang='grc' dir='ltr'><em>μοίρτυρι</em></span> <span class='ocrx_word' id='word_1_261' title='bbox 942 3945 1079 4020; x_wconf 82' lang='grc' dir='ltr'><em>χρῶνται</em></span> <span class='ocrx_word' id='word_1_262' title='bbox 1099 3942 1139 4021; x_wconf 71' lang='grc' dir='ltr'>τῷ</span> <span class='ocrx_word' id='word_1_263' title='bbox 1162 3951 1271 4024; x_wconf 65' lang='grc' dir='ltr'><em>ποιητῇ</em></span> 
     </span>
     <span class='ocr_line' id='line_1_33' title="bbox 81 4040 1270 4132; baseline 0.007 -26"><span class='ocrx_word' id='word_1_264' title='bbox 81 4044 120 4114; x_wconf 76' lang='grc' dir='ltr'>ὡς</span> <span class='ocrx_word' id='word_1_265' title='bbox 159 4045 239 4121; x_wconf 76' lang='grc' dir='ltr'><em>ὀρθῶς</em></span> <span class='ocrx_word' id='word_1_266' title='bbox 273 4046 409 4121; x_wconf 75' lang='grc' dir='ltr'><em>λέγοντι.</em></span> <span class='ocrx_word' id='word_1_267' title='bbox 464 4040 654 4107; x_wconf 88' lang='lat' dir='ltr'>Ineonoinna</span> <span class='ocrx_word' id='word_1_268' title='bbox 685 4043 762 4107; x_wconf 87' lang='lat' dir='ltr'>haee</span> <span class='ocrx_word' id='word_1_269' title='bbox 797 4049 872 4107; x_wconf 90' lang='lat' dir='ltr'>sunt</span> <span class='ocrx_word' id='word_1_270' title='bbox 908 4048 940 4108; x_wconf 91' lang='lat' dir='ltr'>et</span> <span class='ocrx_word' id='word_1_271' title='bbox 969 4045 1055 4110; x_wconf 84' lang='lat' dir='ltr'>male</span> <span class='ocrx_word' id='word_1_272' title='bbox 1086 4051 1270 4132; x_wconf 86' lang='lat' dir='ltr'>composita.</span> 
     </span>
     <span class='ocr_line' id='line_1_34' title="bbox 81 4147 1272 4234; baseline 0.005 -22"><span class='ocrx_word' id='word_1_273' title='bbox 81 4147 209 4213; x_wconf 83' lang='lat' dir='ltr'>Senties</span> <span class='ocrx_word' id='word_1_274' title='bbox 231 4153 259 4215; x_wconf 90' lang='lat' dir='ltr'>si</span> <span class='ocrx_word' id='word_1_275' title='bbox 281 4151 360 4216; x_wconf 88' lang='lat' dir='ltr'>duas</span> <span class='ocrx_word' id='word_1_276' title='bbox 382 4149 526 4214; x_wconf 89' lang='lat' dir='ltr'>literulas</span> <span class='ocrx_word' id='word_1_277' title='bbox 549 4152 595 4214; x_wconf 88' lang='lat' dir='ltr'>sie</span> <span class='ocrx_word' id='word_1_278' title='bbox 618 4148 831 4234; x_wconf 86' lang='lat' dir='ltr'>dupliaaveris</span> <span class='ocrx_word' id='word_1_279' title='bbox 854 4154 891 4213; x_wconf 91' lang='lat' dir='ltr'>ut</span> <span class='ocrx_word' id='word_1_280' title='bbox 915 4151 1088 4216; x_wconf 86' lang='lat' dir='ltr'>scribatur:</span> <span class='ocrx_word' id='word_1_281' title='bbox 1111 4155 1136 4220; x_wconf 88' lang='grc' dir='ltr'>οῖ</span> <span class='ocrx_word' id='word_1_282' title='bbox 1157 4178 1272 4219; x_wconf 87' lang='grc' dir='ltr'><em>πεπαι-</em></span> 
     </span>
     <span class='ocr_line' id='line_1_35' title="bbox 82 4249 1272 4346; baseline 0.008 -28"><span class='ocrx_word' id='word_1_283' title='bbox 82 4253 239 4342; x_wconf 74' lang='grc' dir='ltr'><em>δευμένοι,</em></span> <span class='ocrx_word' id='word_1_284' title='bbox 276 4249 327 4346; x_wconf 81' lang='lat' dir='ltr'>(oi)</span> <span class='ocrx_word' id='word_1_285' title='bbox 360 4255 489 4338; x_wconf 80' lang='grc' dir='ltr'><em>αοίρτνρι</em></span> <span class='ocrx_word' id='word_1_286' title='bbox 520 4262 667 4336; x_wconf 81' lang='grc' dir='ltr'><em>χρῶνται.</em></span> <span class='ocrx_word' id='word_1_287' title='bbox 723 4254 820 4320; x_wconf 89' lang='lat' dir='ltr'>Ponit</span> <span class='ocrx_word' id='word_1_288' title='bbox 849 4257 993 4341; x_wconf 88' lang='lat' dir='ltr'>primum</span> <span class='ocrx_word' id='word_1_289' title='bbox 1024 4256 1132 4325; x_wconf 81' lang='lat' dir='ltr'>doctos</span> <span class='ocrx_word' id='word_1_290' title='bbox 1163 4262 1272 4327; x_wconf 81' lang='lat' dir='ltr'>omnes</span> 
     </span>
     <span class='ocr_line' id='line_1_36' title="bbox 82 4360 1273 4450; baseline 0.007 -26"><span class='ocrx_word' id='word_1_291' title='bbox 82 4381 164 4424; x_wconf 86' lang='lat' dir='ltr'>oum</span> <span class='ocrx_word' id='word_1_292' title='bbox 193 4360 331 4428; x_wconf 87' lang='lat' dir='ltr'>Homero</span> <span class='ocrx_word' id='word_1_293' title='bbox 363 4364 552 4438; x_wconf 81' lang='lat' dir='ltr'>consentire,</span> <span class='ocrx_word' id='word_1_294' title='bbox 588 4362 700 4427; x_wconf 90' lang='lat' dir='ltr'>deinde</span> <span class='ocrx_word' id='word_1_295' title='bbox 723 4360 812 4426; x_wconf 90' lang='lat' dir='ltr'>addit</span> <span class='ocrx_word' id='word_1_296' title='bbox 836 4369 1074 4448; x_wconf 72' lang='lat' dir='ltr'>argumentum.</span> <span class='ocrx_word' id='word_1_297' title='bbox 1113 4365 1273 4450; x_wconf 83' lang='lat' dir='ltr'>Frequens</span> 
     </span>
    </p>
   </div>
   <div class='ocr_carea' id='block_1_6' title="bbox 0 0 1537 4968">
    <p class='ocr_par' dir='ltr' id='par_1_11' title="bbox 0 0 1537 4968">
     <span class='ocr_line' id='line_1_37' title="bbox 0 0 1537 4968; baseline 0 0"><span class='ocrx_word' id='word_1_298' title='bbox 0 0 1537 4968; x_wconf 95' lang='lat' dir='ltr'> </span> 
     </span>
    </p>
   </div>
  </div>
 </body>
</html>
