3034 4968
640 261 704 336 lat

95 456 138 520 καὶ
165 452 385 532 ε’πιπτοίμενοι,
424 454 480 519 sed
513 459 541 537 Φ
574 461 607 521 et
633 481 655 520 α
679 478 698 523 a
722 461 894 522 correctore
914 459 1006 533 sunt,
1030 459 1134 540 prima
1156 476 1270 524 manus

94 563 206 628 dederat
237 560 452 644 ἐπιπτόμενοι,
477 562 561 646 quod
585 562 690 627 solum
713 583 827 627 sanum
851 567 883 628 et
906 583 1018 627 verum
1043 567 1106 638 est,
1131 563 1186 627 sed
1207 569 1270 630 sto·

92 669 163 734 lidus
191 673 345 734 corrector
376 669 562 752 depravavit
591 671 708 733 omnia.
745 667 856 734 Evasit
888 668 973 753 apud
1007 667 1178 733 libanium
1208 668 1266 734 ΠΙ.

96 773 157 839 194.
185 775 213 839 1.
238 772 333 850 δεῖξόν
358 797 409 852 μοι
436 773 553 846 παῖδας
578 775 613 838 ἐκ
635 773 731 852 μέσου
755 779 808 837 τοῦ
832 771 996 850 μανίοίνειν
1020 772 1268 852 οίναπτομίνους.

93 881 135 946 sed
163 879 285 945 fallitur
305 879 423 944 Reiske
448 885 619 945 annotans:
645 881 831 958 „eootootee,
853 880 941 945 idem
965 885 1014 944 est
1036 885 1131 965 atque
1155 882 1271 945 οίναπε-

92 986 245 1062 τομίνους.”
289 986 332 1052 lat
364 986 467 1051 forma
498 992 530 1051 et
561 986 624 1051 loci
652 989 808 1052 sententia
833 989 988 1052 aoristum
1011 1007 1077 1052 esse
1100 987 1270 1054 declarant.

92 1091 211 1158 Difficile
235 1097 304 1157 erat
327 1091 499 1175 discipulos
523 1094 670 1156 νοοίοοοοοο
694 1092 791 1157 alieni
816 1092 995 1170 ostendero,
1021 1096 1140 1177 opinor.
1178 1091 1268 1157 'Pom

92 1196 110 1261 I.
132 1197 200 1262 300.
226 1197 256 1262 3.
290 1199 303 1262 ὁ
329 1198 360 1262 δὲ
385 1189 502 1282 (ἀετὸς)
526 1200 568 1268 είς
593 1197 691 1274 μέσην
715 1199 975 1275 καταποτώμενος
997 1195 1066 1281 (aiii
1088 1198 1271 1261 καταπετοί-

92 1305 178 1388 μενος)
212 1305 265 1377 την
300 1303 414 1386 φλόγα
446 1303 628 1381 ἀνελόμενος
662 1304 705 1368 ποί
734 1304 831 1383 μηρία
864 1303 1006 1381 γέμοντα
1037 1303 1128 1383 πυρὸς
1153 1301 1268 1384 ἔφερεν.

92 1407 191 1475 Reiske
221 1410 259 1474 de
291 1409 545 1487 καταπετίμενος
577 1412 792 1499 cogitaverat,
826 1409 881 1476 sed
904 1408 1073 1477 manifesto
1098 1412 1271 1496 requiritur

92 1518 210 1581 doristus
233 1514 486 1593 καταπτόμενος.

531 1765 589 1820 ΔΕ
610 1773 825 1822 mmsnnnms.

130 1937 162 2001 In
188 1941 328 2003 oratione
359 1939 601 2026 indignabunda
635 1944 691 2004 ant
719 1937 872 2003 iracunda
901 1939 1031 2023 ponitur
1062 1937 1095 2002 δέ
1127 1942 1165 2002 ut
1187 1939 1272 2023 apud

92 2039 325 2110 Demosthenem
348 2047 383 2108 in
407 2044 553 2109 Μίιίίοιιο
574 2065 649 2132 pag.
675 2043 750 2109 582.
776 2045 803 2109 1.
831 2045 884 2108 οὐκ
904 2042 941 2108 ίον
961 2043 1046 2115 εὐθὺς
1066 2041 1177 2108 είποιεν
1199 2043 1271 2121 »τὸν

94 2157 142 2211 ΔΕ
173 2149 348 2228 βοίοιιανον,
380 2153 431 2215 τὸν
466 2158 524 2213 ΔΘ
556 2149 689 2235 ίλείρου,
720 2155 826 2215 τοῦτον
858 2159 915 2214 ΔΘ
946 2149 1099 2232 ὑβρίζειν,
1123 2151 1271 2216 οίνοιπνείν

91 2261 157 2337 ΔΕ;
177 2246 206 2318 ὃν
229 2256 305 2327 είτις
330 2257 367 2340 ἐᾷ
393 2255 446 2337 ζῆν
469 2259 604 2332 οὶναπῖον
629 2255 705 2329 ἔδω
730 2254 863 2342 Saepius
885 2257 967 2321 hano
989 2257 1113 2321 dioendi
1135 2256 1272 2322 formam

90 2358 223 2424 imitatus
247 2366 296 2426 est
318 2361 472 2426 Libanius
495 2382 737 2447 nonnumquam
760 2367 794 2427 in
818 2383 854 2428 ea
874 2384 908 2427 re
928 2383 947 2427 a
965 2363 1076 2427 scribis
1096 2368 1269 2449 corruptus.

88 2461 252 2531 Emendate
276 2466 398 2554 legitur
421 2466 445 2530 I.
467 2466 542 2530 431.
564 2465 595 2531 8.
618 2468 675 2533 κίον
699 2471 740 2541 είς
763 2466 819 2549 ἔριν
839 2479 965 2551 καταςη
986 2467 1059 2547 πρίς
1078 2491 1148 2532 τινα
1167 2468 1272 2534 οίκοιίει

89 2605 126 2616 -
150 2573 217 2647 »τὸν
249 2581 307 2637 ΔΕ
338 2574 372 2636 εἰι
403 2579 457 2637 τοῦ
488 2572 709 2658 δεσμωτηρίου,
742 2575 793 2638 τὸν
826 2584 884 2639 ΔΘ
907 2575 940 2638 ἐκ
964 2583 1019 2650 τῆς
1041 2573 1201 2653 βαοοίνου,
1226 2611 1272 2625 -·

87 2675 187 2740 τοῦτον
206 2687 262 2741 ΔΘ
282 2681 312 2741 ἕν
336 2680 379 2758 τῷ
406 2679 609 2760 βουλευτηρίῳ
633 2678 863 2760 <perspectam
885 2679 938 2746 IV.
961 2677 1105 2744 16615.
1121 2679 1173 2745 καί
1194 2703 1272 2754 τινος

87 2777 193 2853 ἤνουοοί
209 2807 267 2847 που
288 2783 433 2862 λέγοντος
455 2791 582 2862 »τοῦτον
604 2794 661 2850 ΔΕ
682 2788 839 2866 κηρύττειν
860 2789 894 2851 τὸ
915 2783 1035 2864 νίοημα
1048 2786 1269 2867 τῶντρίπιον.”

86 2882 135 2948 IV.
168 2887 240 2953 566.
275 2888 328 2953 15.
360 2889 407 2960 τίς
439 2891 493 2953 οὐκ
522 2891 655 2971 apsaro
680 2896 732 2955 τοῦ
756 2893 919 2969 βήματος.
947 2891 1038 2969 υτοὺς
1063 2902 1120 2957 ΔΕ
1143 2892 1210 2957 οὐδὲ
1238 2892 1273 2971 ἒξ

88 2983 149 3054 ίτου
172 2993 340 3071 γεγόνασιν
364 2994 484 3067 εἰδότος
509 2996 614 3074 λέγειν
638 3002 760 3075 τολμοίν
783 2997 835 3061 καί
861 2995 1073 3078 δημηγορεῖν.”
1092 2997 1131 3063 Π.
1147 2997 1224 3064 233.
1238 2995 1270 3064 9.

88 3091 150 3160 εἶτον
171 3099 239 3179 πρὸς
262 3102 333 3172 τοὺς
353 3100 605 3183 ἐντυγχάνοντας
628 3103 828 3182 »Μενέδημον
849 3112 906 3167 ΔΕ
925 3104 999 3180 ἐμοῦ
1012 3105 1273 3184 προτετιμῆσθαι”

88 3205 135 3267 καί
165 3212 293 3271 τοιαῦτα
327 3209 526 3290 ἐσχετλίαζε.
559 3210 612 3275 IV.
638 3209 714 3274 496.
740 3210 795 3275 22.
821 3212 845 3274 εί
870 3210 976 3287 μηδείς
1002 3209 1084 3286 ὑμῶν
1109 3206 1177 3274 εἶπε
1200 3209 1272 3289 πρὸς

88 3307 133 3372 τὸν
156 3314 283 3387 πλησίον
307 3309 352 3377 ίτι
375 3319 502 3391 „voires
523 3325 580 3380 ΔΘ
600 3313 676 3381 οίίτοο
694 3320 831 3396 περιορίον
851 3320 905 3388 την
925 3314 1013 3379 πίλου
1033 3315 1273 3393 οίναλουμέυηυ.”

84 3417 136 3482 nbi
166 3422 200 3483 in
231 3421 293 3487 aiio
324 3422 406 3487 libro
438 3427 485 3487 est
515 3422 577 3487 δέον
608 3425 725 3509 inepte.
769 3423 861 3489 Tom.
886 3421 939 3488 IV.
967 3419 1044 3486 201.
1070 3421 1122 3486 30.
1148 3421 1204 3486 καί
1225 3445 1272 3495 τις

84 3517 148 3587 είπέ
178 3550 233 3590 που
267 3529 368 3605 λέγων
401 3533 526 3606 „rebrat
557 3538 628 3594 nel
661 3539 806 3594 πλουτεῖν
839 3529 890 3594 καί
923 3530 1089 3603 κεκτῆσθαι
1113 3533 1272 3596 τοσαῦτα.

83 3629 177 3710 τούτῳ
207 3641 262 3697 ΔΕ
295 3633 408 3707 ὲκοίςην
437 3635 552 3713 ἡμέραν
578 3635 717 3715 ἀργύριον
741 3636 861 3715 φίρειν”
885 3638 1005 3721 optime
1027 3633 1145 3700 Reiske
1167 3657 1272 3701 emen-

84 3732 169 3800 davit
200 3744 302 3803 τοῦτον
335 3749 393 3803 ΔΘ
424 3748 578 3804 πλουτεῖν.
609 3740 662 3805 IV.
688 3740 767 3805 248.
794 3738 824 3806 7.
850 3741 902 3806 καί
926 3742 973 3813 τίς
998 3741 1068 3820 οὐχί
1091 3740 1206 3806 τούτων
1228 3780 1271 3792 -

84 3840 239 3920 ὑβριςικῶς
260 3845 384 3926 ἕκβοίλη
407 3845 481 3934 (leg.
503 3846 650 3932 ἐκβαλεῖ)
672 3870 713 3924 με
732 3852 785 3910 τοῦ
805 3847 950 3923 βήματος
975 3848 1047 3924 „ras
1066 3846 1271 3926 ΔΕίκδντου,

82 3947 130 4011 τὸν
162 3959 220 4012 ΔΕ
250 3948 378 4028 ίίτιμον;
413 3989 454 3998 -
488 3957 594 4016 τοῦτον
625 3962 758 4017 ΔΕΙΝΑ
792 3952 972 4029 οίναβαίνειν
1004 3952 1053 4016 ἐπὶ
1086 3955 1120 4018 τὸ
1147 3953 1273 4032 βῆμα.”

83 4051 158 4132 Quis
180 4061 337 4140 punctum
363 4061 514 4143 temporis
539 4059 699 4124 dubitabit
723 4058 906 4123 rescribere:
931 4061 1037 4123 τοῦτον
1061 4067 1118 4123 ΔΕ
1139 4059 1273 4140 οίναβοοί-

83 4183 137 4225 νειν
162 4160 215 4225 ε’πί
239 4164 272 4227 τὸ
293 4161 410 4242 βῆμαί
