3086 4968
122 430 254 508 μνησθῶ.
324 425 484 494 Graccum
526 430 574 490 est
607 425 677 490 ’ΘΝ
711 433 886 510 συμφοραῖς
922 423 1012 505 εἶναι,
1047 427 1081 490 θα
1115 427 1203 493 moloc
1237 452 1309 496 croc.
1421 463 1425 470 ·

168 638 250 725 Peg.
275 634 350 701 533.
376 633 429 700 25.
454 632 488 711 ἦν
513 633 545 697 δέ
569 635 634 699 ποθ’
653 637 777 714 ἡγεμὼν
795 642 851 711 τῆς
871 641 974 717 Φυλῆς
996 635 1197 721 [κορυΦαῖος].
1233 637 1313 703 Em-

123 745 231 812 blema
254 743 409 828 expunxit
431 739 603 806 Dobraeus.

168 952 249 1038 Peg.
282 948 358 1016 536.
393 949 423 1015 3.
455 955 569 1030 πρῶτον
599 952 655 1030 μὲν
685 952 933 1035 ἀφαιρεθήσομαι
963 952 1019 1027 τθρν
1051 951 1134 1027 νθκιρν
1152 950 1309 1018 -ἔπειτ’
1338 961 1339 964 ’

125 1060 178 1141 ἐφ’
209 1054 328 1122 ἅπασιν
363 1056 618 1136 ἐλαττωθήσομαι
654 1057 705 1123 καὶ
742 1056 1043 1142 προπηλακιζόμενος
1073 1058 1311 1125 θιατελέσω.

124 1163 255 1230 Macula
277 1167 324 1228 est
346 1164 380 1226 in
402 1161 626 1228 Demosthenis
647 1165 787 1230 orations
809 1166 912 1231 forma
935 1167 1118 1250 aequiorum
1141 1163 1312 1232 Graeculo

124 1291 197 1334 rum
221 1267 389 1334 διατελέσω
412 1289 469 1354 pro
492 1267 634 1333 διατελῶ.
681 1268 745 1334 Diu
767 1276 838 1355 post
860 1270 1033 1336 Alexandri
1052 1275 1190 1336 mortem
1210 1271 1313 1335 futuri

124 1377 244 1441 formae
275 1380 461 1450 συντελέσω,
495 1373 677 1452 διατελέσω,
709 1375 846 1454 καλέσω,
881 1375 1043 1454 ε’γκαλθσω
1071 1381 1103 1442 et
1126 1379 1198 1440 sim.
1219 1380 1313 1440 natae

125 1486 209 1547 sunt.
259 1479 448 1566 Saepissime
478 1480 624 1545 futurum
655 1487 740 1546 καλῶ
776 1488 807 1546 et
836 1485 908 1547 sim.
942 1483 1092 1548 illaesum
1122 1484 1240 1558 erasit,
1274 1485 1312 1544 ut

124 1609 197 1675 pagi
230 1584 305 1652 749.
331 1586 386 1652 22.
410 1586 597 1661 τεθαύμακα
620 1587 674 1659 τὴν
699 1587 924 1667 ἀναισχυντίαν
947 1590 1002 1663 τθρν
1024 1586 1130 1652 τούτου
1154 1609 1188 1650 τε
1210 1585 1315 1649 coinel·

124 1717 187 1778 νου,
208 1696 262 1758 τοῦ
282 1694 339 1770 μὲν
358 1694 383 1758 εἰ
408 1698 545 1768 καλεῖ,
570 1696 624 1757 τοῦ
643 1692 671 1756 δ’
695 1695 719 1758 εἰ
744 1693 911 1773 ποθρεισι
936 1694 988 1759 καὶ
1010 1691 1311 1769 συναπολογήσεται.

123 1801 247 1886 Nempe
281 1819 344 1864 non
377 1797 602 1886 intelligebant
635 1795 786 1864 Graeculi
819 1804 851 1864 et
884 1807 979 1865 καλεῖ
1009 1805 1041 1864 et
1071 1797 1193 1880 πάρεισι
1226 1796 1312 1862 futu-

123 1926 298 1972 rumosas.

168 2012 258 2098 Idem
281 2011 404 2076 factmn
426 2030 493 2076 esse
517 2009 641 2076 videbis
663 2030 737 2097 pag.
763 2007 817 2074 59.
842 2008 872 2073 1.
897 2007 989 2074 δεινὸν
1011 2007 1041 2074 εῖ
1060 2032 1108 2080 τις
1143 2008 1310 2085 ἐγκαλεῖ.

124 2123 156 2184 et
179 2139 252 2206 pag.
280 2115 354 2182 458.
384 2114 438 2183 25.
460 2114 592 2186 πολλοὺς
611 2109 645 2178 εὗ
663 2123 758 2180 ποιεῖν
782 2114 1045 2193 προκαλεῖσθ’
1071 2115 1163 2192 ὑμᾶς.
1185 2116 1217 2177 et
1237 2131 1311 2198 pag.

125 2224 202 2290 465.
235 2225 266 2291 2.
300 2225 313 2289 ὃ
346 2222 450 2289 πολλοὶ
483 2220 728 2299 κεκτημένος-
748 2223 853 2304 πολλοὶ
886 2222 928 2295 εἷς
960 2224 1064 2286 ταῦτα
1097 2223 1311 2293 συντελεῖ,

123 2352 201 2419 quas
228 2330 345 2396 formas
367 2330 540 2414 praesentis
563 2329 716 2413 temporis
741 2349 807 2393 osso
832 2329 894 2392 rati
917 2329 1051 2393 intactas
1072 2327 1288 2393 servaverunt.

167 2539 261 2627 Pag.-
280 2537 355 2604 538.
382 2536 435 2602 12.
457 2537 509 2603 τὸν
532 2538 588 2616 μὲν
612 2545 728 2603 κακιεῖν
751 2532 794 2609 οἷς
818 2535 953 2619 ἔπραξε,
977 2536 1029 2602 τθν
1053 2536 1078 2600 θ’
1100 2535 1313 2602 ἐπαινέσεσθαι

122 2649 266 2726 ἔμελλον.
311 2644 438 2711 Vitium
470 2648 518 2708 est
547 2644 581 2707 in
613 2637 665 2716 οἷς.
712 2643 750 2708 In
779 2643 942 2709 nonnullis
973 2641 1064 2708 libris
1097 2646 1144 2707 est
1177 2643 1229 2720 ἐφ’
1252 2635 1311 2715 οἷς,

123 2773 203 2840 qnae
234 2750 402 2816 manifesto
434 2747 561 2815 lectoris
590 2748 725 2815 alicuius
756 2754 803 2814 est
835 2751 1014 2814 coniectura
1044 2767 1106 2812 non
1137 2746 1313 2811 admodum

122 2859 201 2925 felix
232 2855 424 2941 impeditam
451 2853 514 2919 loci
544 2856 733 2939 scripturam
769 2859 942 2938 utcumque
974 2853 1147 2917 sarcientis.
1195 2850 1313 2915 Lenius

122 2964 286 3053 agendum
315 2962 450 3028 arbitror
482 2964 514 3024 et
539 2960 776 3026 rescribendum
800 2964 918 3024 κακιεῖν
941 2954 990 3023 οἷ’
1015 2955 1157 3037 ἔπραξεν.
1206 2955 1312 3022 Facile

122 3070 289 3136 errabatur
310 3068 346 3133 in
371 3073 624 3134 ΟΙΕΠΡΑΞΕΝ.

168 3281 251 3368 Peg.
283 3276 358 3343 539.
391 3276 444 3342 11.
476 3275 647 3354 ἀμύνεσθαι
681 3275 766 3352 μετὰ
794 3281 849 3350 τῆς
873 3276 974 3356 dordr·
1022 3269 1313 3357 Obtomperandum

121 3388 267 3454 Dobraeo
291 3390 339 3449 est
360 3384 433 3462 μετ’
457 3383 548 3463 θργῆς
572 3382 751 3467 reponenti.

169 3596 251 3684 Pag.
283 3592 357 3659 539.
391 3590 445 3658 22.
474 3590 563 3666 ἡνθκα
586 3591 646 3665 τοὶς
670 3590 758 3663 δίκας
783 3588 902 3671 ἔλαχον
926 3597 989 3661 τοῖς
1014 3585 1184 3666 ἐπιτρόποις
1209 3608 1316 3665 μειρα·

123 3702 250 3768 κύλλιον
268 3701 306 3768 civ
326 3698 434 3781 κομιδῇ
455 3698 508 3762 καὶ
529 3702 634 3763 τοῦτον
655 3696 715 3761 οὐδ’
737 3697 761 3762 ri
779 3695 908 3774 γέγονεν
921 3695 1002 3765 εἰδὼς
1017 3695 1095 3780 [οὐδὲ
1108 3691 1316 3776 γιγνώσκων],

123 3813 163 3882 ὥς
196 3806 274 3886 μηδὲ
305 3810 355 3870 νῦν
384 3804 513 3885 ὤφελον,
564 3803 642 3884 Quis
665 3804 722 3868 ubi
746 3803 786 3868 do
808 3802 938 3867 homine
959 3801 1162 3887 ignotissimo
1186 3799 1317 3864 dixisset

121 3937 209 4002 quem
240 3935 277 3976 κο
305 3892 407 3976 cotum
437 3911 554 3996 quidem
584 3909 727 3992 sciebam,
759 3907 933 3974 addidisset
961 3924 1116 3991 umquam
1140 3926 1232 3989 oeque
1252 3925 1317 3968 οαιιι

122 4018 350 4104 ουραοοσσόοωῖ
395 4017 510 4082 Risum
542 4036 578 4080 ea
599 4037 649 4080 res
670 4018 789 4081 movet.
838 4010 915 4077 Οὐδ’
941 4013 966 4074 εῖ
989 4009 1118 4089 γέγονεν
1143 4007 1211 4076 οῖδα
1233 4015 1317 4075 recte

122 4129 247 4216 legitur
276 4141 354 4211 ρας.
386 4120 464 4188 248.
494 4121 526 4212 6.
560 4128 592 4188 et
623 4123 708 4208 opud
731 4117 878 4185 Comicos
900 4137 1149 4201 nonnumquam.
1174 4117 1214 4182 cf.
1239 4117 1316 4182 Noc.

123 4235 220 4301 neec.
244 4253 316 4318 pag.
344 4227 419 4295 107.

169 4340 278 4408 Possit
307 4336 459 4426 vulgatae
487 4333 643 4412 librorum
673 4331 804 4399 lectioni
833 4328 1029 4418 praesidium
1057 4327 1186 4416 aliquod
1210 4329 1318 4415 quaeri
