<?xml version="1.0" encoding="UTF-8"?>
<!DOCTYPE html PUBLIC "-//W3C//DTD XHTML 1.0 Transitional//EN"
    "http://www.w3.org/TR/xhtml1/DTD/xhtml1-transitional.dtd">
<html xmlns="http://www.w3.org/1999/xhtml" xml:lang="en" lang="en">
 <head>
  <title>
</title>
<meta http-equiv="Content-Type" content="text/html;charset=utf-8" />
  <meta name='ocr-system' content='tesseract 3.04.00' />
  <meta name='ocr-capabilities' content='ocr_page ocr_carea ocr_par ocr_line ocrx_word'/>
</head>
<body>
  <div class='ocr_page' id='page_1' title='image "./miscellaneacrit02cobegoog_0470.png"; bbox 0 0 3086 4968; ppageno 0'>
   <div class='ocr_carea' id='block_1_1' title="bbox 703 237 858 308">
    <p class='ocr_par' dir='ltr' id='par_1_1' title="bbox 703 237 858 308">
     <span class='ocr_line' id='line_1_1' title="bbox 703 237 858 308; baseline 0 -1"><span class='ocrx_word' id='word_1_1' title='bbox 703 280 708 286; x_wconf 96' lang='lat'>-</span> <span class='ocrx_word' id='word_1_2' title='bbox 793 237 858 308; x_wconf 88' lang='grc'><strong>446</strong></span> 
     </span>
    </p>
   </div>
   <div class='ocr_carea' id='block_1_2' title="bbox 218 427 1430 2003">
    <p class='ocr_par' dir='ltr' id='par_1_2' title="bbox 229 427 1428 618">
     <span class='ocr_line' id='line_1_2' title="bbox 229 427 1428 515; baseline -0.002 -19"><span class='ocrx_word' id='word_1_3' title='bbox 229 429 295 496; x_wconf 77' lang='grc' dir='ltr'><strong><em>πίον</em></strong></span> <span class='ocrx_word' id='word_1_4' title='bbox 322 430 365 496; x_wconf 72' lang='grc' dir='ltr'><strong>ποί</strong></span> <span class='ocrx_word' id='word_1_5' title='bbox 389 434 537 515; x_wconf 76' lang='grc' dir='ltr'><strong><em>τοιοῦτον,</em></strong></span> <span class='ocrx_word' id='word_1_6' title='bbox 562 427 599 495; x_wconf 77' lang='grc' dir='ltr'><strong>ὧν</strong></span> <span class='ocrx_word' id='word_1_7' title='bbox 624 430 891 511; x_wconf 75' lang='grc' dir='ltr'><strong><em>προεπινοηθέντων</em></strong></span> <span class='ocrx_word' id='word_1_8' title='bbox 914 429 1027 502; x_wconf 76' lang='grc' dir='ltr'><strong><em>οἰκείως</em></strong></span> <span class='ocrx_word' id='word_1_9' title='bbox 1053 429 1092 496; x_wconf 83' lang='grc' dir='ltr'><strong>ίιν</strong></span> <span class='ocrx_word' id='word_1_10' title='bbox 1114 431 1289 511; x_wconf 82' lang='grc' dir='ltr'><strong><em>ε’πιΦέροιπο</em></strong></span> <span class='ocrx_word' id='word_1_11' title='bbox 1314 433 1353 498; x_wconf 76' lang='grc' dir='ltr'><strong>πὸ</strong></span> <span class='ocrx_word' id='word_1_12' title='bbox 1376 432 1428 496; x_wconf 77' lang='grc' dir='ltr'><strong>τὸν</strong></span> 
     </span>
     <span class='ocr_line' id='line_1_3' title="bbox 230 533 1241 618; baseline 0 -16"><span class='ocrx_word' id='word_1_13' title='bbox 230 537 413 617; x_wconf 77' lang='grc' dir='ltr'><strong><em>κεκτημένον</em></strong></span> <span class='ocrx_word' id='word_1_14' title='bbox 438 537 521 602; x_wconf 73' lang='lat' dir='ltr'><strong>oded</strong></span> <span class='ocrx_word' id='word_1_15' title='bbox 547 537 685 611; x_wconf 75' lang='grc' dir='ltr'><strong><em>ὑπὸτῆς</em></strong></span> <span class='ocrx_word' id='word_1_16' title='bbox 709 537 851 618; x_wconf 73' lang='grc' dir='ltr'><strong><em>εὐπορίαις</em></strong></span> <span class='ocrx_word' id='word_1_17' title='bbox 876 537 928 601; x_wconf 80' lang='grc' dir='ltr'><strong>οὐκ</strong></span> <span class='ocrx_word' id='word_1_18' title='bbox 952 537 1037 618; x_wconf 79' lang='grc' dir='ltr'><strong><em>ἔχειν</em></strong></span> <span class='ocrx_word' id='word_1_19' title='bbox 1060 533 1127 602; x_wconf 80' lang='grc' dir='ltr'><strong><em>ίποι</em></strong></span> <span class='ocrx_word' id='word_1_20' title='bbox 1149 535 1241 618; x_wconf 79' lang='grc' dir='ltr'><strong><em>χέοη.</em></strong></span> 
     </span>
    </p>

    <p class='ocr_par' dir='ltr' id='par_1_3' title="bbox 228 640 1430 932">
     <span class='ocr_line' id='line_1_4' title="bbox 274 640 1430 728; baseline -0.003 -17"><span class='ocrx_word' id='word_1_21' title='bbox 274 643 485 711; x_wconf 78' lang='lat' dir='ltr'><strong>Manifestum</strong></span> <span class='ocrx_word' id='word_1_22' title='bbox 509 648 556 709; x_wconf 89' lang='lat' dir='ltr'><strong>est</strong></span> <span class='ocrx_word' id='word_1_23' title='bbox 577 645 776 710; x_wconf 77' lang='lat' dir='ltr'><strong>Antoninum</strong></span> <span class='ocrx_word' id='word_1_24' title='bbox 797 640 919 710; x_wconf 79' lang='lat' dir='ltr'>Comici</span> <span class='ocrx_word' id='word_1_25' title='bbox 934 641 1131 710; x_wconf 82' lang='lat' dir='ltr'><strong>versiculum</strong></span> <span class='ocrx_word' id='word_1_26' title='bbox 1149 641 1312 728; x_wconf 77' lang='lat' dir='ltr'><strong>laudasse,</strong></span> <span class='ocrx_word' id='word_1_27' title='bbox 1336 646 1430 708; x_wconf 89' lang='lat' dir='ltr'><strong>cuius</strong></span> 
     </span>
     <span class='ocr_line' id='line_1_5' title="bbox 228 746 1429 836; baseline -0.002 -20"><span class='ocrx_word' id='word_1_28' title='bbox 228 773 313 816; x_wconf 88' lang='lat' dir='ltr'><strong>nunc</strong></span> <span class='ocrx_word' id='word_1_29' title='bbox 335 750 578 816; x_wconf 82' lang='lat' dir='ltr'><strong>mendosissime</strong></span> <span class='ocrx_word' id='word_1_30' title='bbox 600 752 756 836; x_wconf 89' lang='lat' dir='ltr'><strong>scriptura</strong></span> <span class='ocrx_word' id='word_1_31' title='bbox 781 751 858 815; x_wconf 86' lang='lat' dir='ltr'><strong>haee</strong></span> <span class='ocrx_word' id='word_1_32' title='bbox 881 749 1120 814; x_wconf 76' lang='lat' dir='ltr'>circumfertur:</span> <span class='ocrx_word' id='word_1_33' title='bbox 1145 751 1198 813; x_wconf 83' lang='grc' dir='ltr'><strong>οὐκ</strong></span> <span class='ocrx_word' id='word_1_34' title='bbox 1222 746 1260 813; x_wconf 73' lang='lat' dir='ltr'><strong>do</strong></span> <span class='ocrx_word' id='word_1_35' title='bbox 1290 751 1429 815; x_wconf 79' lang='grc' dir='ltr'><strong><em>ιίκοῦοιιι</em></strong></span> 
     </span>
     <span class='ocr_line' id='line_1_6' title="bbox 229 855 439 932; baseline -0.005 -10"><span class='ocrx_word' id='word_1_36' title='bbox 229 856 362 932; x_wconf 73' lang='grc' dir='ltr'><strong>δυνηθείη</strong></span> <span class='ocrx_word' id='word_1_37' title='bbox 386 855 439 921; x_wconf 85' lang='grc' dir='ltr'><strong>πί·</strong></span> 
     </span>
    </p>

    <p class='ocr_par' dir='ltr' id='par_1_4' title="bbox 218 957 1302 1253">
     <span class='ocr_line' id='line_1_7' title="bbox 218 957 1135 1052; baseline -0.003 -26"><span class='ocrx_word' id='word_1_38' title='bbox 218 1043 222 1052; x_wconf 16' lang='grc'><strong>»</strong></span> <span class='ocrx_word' id='word_1_39' title='bbox 481 961 539 1026; x_wconf 78' lang='grc' dir='ltr'><strong>ὑπὸ</strong></span> <span class='ocrx_word' id='word_1_40' title='bbox 563 967 605 1024; x_wconf 83' lang='grc' dir='ltr'><strong>τῶ</strong></span> <span class='ocrx_word' id='word_1_41' title='bbox 630 961 739 1040; x_wconf 68' lang='lat' dir='ltr'><strong>birodei</strong></span> <span class='ocrx_word' id='word_1_42' title='bbox 764 961 827 1041; x_wconf 75' lang='lat' dir='ltr'><strong>ydp</strong></span> <span class='ocrx_word' id='word_1_43' title='bbox 848 960 928 1046; x_wconf 76' lang='grc' dir='ltr'><strong><em>(οὐκ)</em></strong></span> <span class='ocrx_word' id='word_1_44' title='bbox 953 957 1135 1042; x_wconf 71' lang='grc' dir='ltr'><strong><em>ἐφαρμόσει.</em></strong></span> 
     </span>
     <span class='ocr_line' id='line_1_8' title="bbox 231 1066 1192 1164; baseline -0.006 -28"><span class='ocrx_word' id='word_1_45' title='bbox 231 1070 287 1136; x_wconf 90' lang='lat' dir='ltr'><strong>sed</strong></span> <span class='ocrx_word' id='word_1_46' title='bbox 310 1091 349 1134; x_wconf 87' lang='lat' dir='ltr'><strong>ex</strong></span> <span class='ocrx_word' id='word_1_47' title='bbox 372 1068 436 1134; x_wconf 91' lang='lat' dir='ltr'><strong>loci</strong></span> <span class='ocrx_word' id='word_1_48' title='bbox 459 1070 548 1133; x_wconf 87' lang='lat' dir='ltr'><strong>exitu</strong></span> <span class='ocrx_word' id='word_1_49' title='bbox 571 1070 708 1156; x_wconf 78' lang='lat' dir='ltr'>emergit</span> <span class='ocrx_word' id='word_1_50' title='bbox 730 1089 807 1134; x_wconf 83' lang='lat' dir='ltr'><strong>vera</strong></span> <span class='ocrx_word' id='word_1_51' title='bbox 828 1066 922 1133; x_wconf 90' lang='lat' dir='ltr'><strong>lectio</strong></span> <span class='ocrx_word' id='word_1_52' title='bbox 944 1067 1042 1132; x_wconf 87' lang='lat' dir='ltr'><strong>haec:</strong></span> <span class='ocrx_word' id='word_1_53' title='bbox 1183 1140 1192 1164; x_wconf 41' lang='grc' dir='ltr'><em>Ι</em></span> 
     </span>
     <span class='ocr_line' id='line_1_9' title="bbox 361 1173 1302 1253; baseline -0.001 -15"><span class='ocrx_word' id='word_1_54' title='bbox 361 1173 418 1239; x_wconf 79' lang='grc' dir='ltr'><strong>ὑπὸ</strong></span> <span class='ocrx_word' id='word_1_55' title='bbox 443 1179 501 1238; x_wconf 80' lang='grc' dir='ltr'><strong>τῶν</strong></span> <span class='ocrx_word' id='word_1_56' title='bbox 525 1173 650 1251; x_wconf 58' lang='lat' dir='ltr'><strong>apator</strong></span> <span class='ocrx_word' id='word_1_57' title='bbox 673 1173 736 1253; x_wconf 73' lang='grc' dir='ltr'><strong>γὰρ</strong></span> <span class='ocrx_word' id='word_1_58' title='bbox 760 1175 813 1238; x_wconf 80' lang='grc' dir='ltr'><strong>οὐκ</strong></span> <span class='ocrx_word' id='word_1_59' title='bbox 833 1176 971 1238; x_wconf 80' lang='lat' dir='ltr'><strong>&#39;‘eerc</strong></span> <span class='ocrx_word' id='word_1_60' title='bbox 993 1174 1114 1238; x_wconf 75' lang='lat' dir='ltr'><strong>“onol</strong></span> <span class='ocrx_word' id='word_1_61' title='bbox 1138 1181 1302 1237; x_wconf 77' lang='lat' dir='ltr'><strong>xecHIC.</strong></span> 
     </span>
    </p>

    <p class='ocr_par' dir='ltr' id='par_1_5' title="bbox 230 1176 1529 1434">
     <span class='ocr_line' id='line_1_10' title="bbox 230 1277 1215 1366; baseline -0.005 -19"><span class='ocrx_word' id='word_1_62' title='bbox 230 1285 263 1347; x_wconf 93' lang='lat' dir='ltr'><strong>et</strong></span> <span class='ocrx_word' id='word_1_63' title='bbox 286 1279 397 1347; x_wconf 89' lang='lat' dir='ltr'><strong>eadem</strong></span> <span class='ocrx_word' id='word_1_64' title='bbox 419 1300 512 1366; x_wconf 89' lang='lat' dir='ltr'><strong>opera</strong></span> <span class='ocrx_word' id='word_1_65' title='bbox 533 1281 634 1345; x_wconf 91' lang='lat' dir='ltr'><strong>nostri</strong></span> <span class='ocrx_word' id='word_1_66' title='bbox 656 1278 720 1345; x_wconf 87' lang='lat' dir='ltr'><strong>loci</strong></span> <span class='ocrx_word' id='word_1_67' title='bbox 742 1278 890 1346; x_wconf 80' lang='lat' dir='ltr'><strong>lacunam</strong></span> <span class='ocrx_word' id='word_1_68' title='bbox 914 1282 959 1344; x_wconf 85' lang='lat' dir='ltr'><strong>sic</strong></span> <span class='ocrx_word' id='word_1_69' title='bbox 982 1277 1215 1365; x_wconf 88' lang='lat' dir='ltr'><strong>supplebimus:</strong></span> 
     </span>
    </p>

    <p class='ocr_par' dir='ltr' id='par_1_6' title="bbox 484 1380 1161 1466">
     <span class='ocr_line' id='line_1_11' title="bbox 484 1380 1161 1466; baseline -0.003 -17"><span class='ocrx_word' id='word_1_70' title='bbox 484 1384 518 1449; x_wconf 80' lang='lat' dir='ltr'><strong>rb</strong></span> <span class='ocrx_word' id='word_1_71' title='bbox 542 1385 577 1460; x_wconf 78' lang='grc' dir='ltr'><strong>δη</strong></span> <span class='ocrx_word' id='word_1_72' title='bbox 601 1384 768 1464; x_wconf 71' lang='grc' dir='ltr'><strong><em>λεγόμενον</em></strong></span> <span class='ocrx_word' id='word_1_73' title='bbox 791 1388 844 1450; x_wconf 83' lang='grc' dir='ltr'><strong>οὐκ</strong></span> <span class='ocrx_word' id='word_1_74' title='bbox 868 1383 951 1465; x_wconf 79' lang='grc' dir='ltr'><strong><em>ἔχεις</em></strong></span> <span class='ocrx_word' id='word_1_75' title='bbox 976 1380 1041 1451; x_wconf 84' lang='grc' dir='ltr'><strong><em>ίποι</em></strong></span> <span class='ocrx_word' id='word_1_76' title='bbox 1065 1383 1161 1466; x_wconf 80' lang='grc' dir='ltr'><strong><em>χέοης</em></strong></span> 
     </span>
    </p>

    <p class='ocr_par' dir='ltr' id='par_1_7' title="bbox 231 1487 946 1686">
     <span class='ocr_line' id='line_1_12' title="bbox 478 1487 934 1570; baseline -0.002 -15"><span class='ocrx_word' id='word_1_77' title='bbox 478 1490 535 1555; x_wconf 83' lang='grc' dir='ltr'><strong>ὑπὸ</strong></span> <span class='ocrx_word' id='word_1_78' title='bbox 557 1495 617 1556; x_wconf 81' lang='grc' dir='ltr'><strong>πῶν</strong></span> <span class='ocrx_word' id='word_1_79' title='bbox 640 1492 782 1570; x_wconf 62' lang='lat' dir='ltr'><strong>dyacona,</strong></span> <span class='ocrx_word' id='word_1_80' title='bbox 808 1487 842 1557; x_wconf 83' lang='grc' dir='ltr'><strong><em>εὖ</em></strong></span> <span class='ocrx_word' id='word_1_81' title='bbox 864 1489 934 1555; x_wconf 76' lang='lat' dir='ltr'><strong>leda</strong></span> 
     </span>
     <span class='ocr_line' id='line_1_13' title="bbox 231 1597 946 1686; baseline -0.004 -21"><span class='ocrx_word' id='word_1_82' title='bbox 231 1603 264 1665; x_wconf 93' lang='lat' dir='ltr'><strong>et</strong></span> <span class='ocrx_word' id='word_1_83' title='bbox 287 1599 332 1663; x_wconf 93' lang='lat' dir='ltr'><strong>sic</strong></span> <span class='ocrx_word' id='word_1_84' title='bbox 357 1600 477 1683; x_wconf 90' lang='lat' dir='ltr'><strong>optime</strong></span> <span class='ocrx_word' id='word_1_85' title='bbox 499 1597 715 1686; x_wconf 78' lang='lat' dir='ltr'><strong>intelligimus</strong></span> <span class='ocrx_word' id='word_1_86' title='bbox 739 1619 795 1664; x_wconf 91' lang='lat' dir='ltr'><strong>cur</strong></span> <span class='ocrx_word' id='word_1_87' title='bbox 813 1597 946 1663; x_wconf 82' lang='lat' dir='ltr'><strong>dixerit:</strong></span> 
     </span>
    </p>

    <p class='ocr_par' dir='ltr' id='par_1_8' title="bbox 438 1608 1530 1891">
     <span class='ocr_line' id='line_1_14' title="bbox 877 1701 1202 1784; baseline -0.006 -16"><span class='ocrx_word' id='word_1_88' title='bbox 877 1706 1095 1784; x_wconf 83' lang='grc' dir='ltr'><strong><em>Φορπικώπερον</em></strong></span> <span class='ocrx_word' id='word_1_89' title='bbox 1119 1701 1150 1768; x_wconf 76' lang='grc' dir='ltr'><strong>δέ</strong></span> <span class='ocrx_word' id='word_1_90' title='bbox 1173 1726 1202 1766; x_wconf 91' lang='grc' dir='ltr'><strong>πι</strong></span> 
     </span>
     <span class='ocr_line' id='line_1_15' title="bbox 438 1807 1235 1891; baseline -0.004 -16"><span class='ocrx_word' id='word_1_91' title='bbox 438 1809 609 1890; x_wconf 80' lang='grc' dir='ltr'><strong><em>ε’πίρχετκί</em></strong></span> <span class='ocrx_word' id='word_1_92' title='bbox 631 1833 701 1887; x_wconf 83' lang='grc' dir='ltr'><strong><em>μοι,</em></strong></span> <span class='ocrx_word' id='word_1_93' title='bbox 725 1808 877 1891; x_wconf 81' lang='grc' dir='ltr'><strong><em>πρίφιμε,</em></strong></span> <span class='ocrx_word' id='word_1_94' title='bbox 899 1811 1087 1888; x_wconf 72' lang='grc' dir='ltr'><strong><em>συγγνώμην</em></strong></span> <span class='ocrx_word' id='word_1_95' title='bbox 1111 1807 1138 1873; x_wconf 81' lang='grc' dir='ltr'><strong>δ’</strong></span> <span class='ocrx_word' id='word_1_96' title='bbox 1163 1807 1235 1888; x_wconf 83' lang='grc' dir='ltr'><strong><em>ἔχε,</em></strong></span> 
     </span>
    </p>

    <p class='ocr_par' dir='ltr' id='par_1_9' title="bbox 230 1916 953 2003">
     <span class='ocr_line' id='line_1_16' title="bbox 230 1916 953 2003; baseline -0.006 -19"><span class='ocrx_word' id='word_1_97' title='bbox 230 1938 368 2003; x_wconf 90' lang='lat' dir='ltr'><strong>namque</strong></span> <span class='ocrx_word' id='word_1_98' title='bbox 392 1922 459 1983; x_wconf 89' lang='lat' dir='ltr'><strong>erat</strong></span> <span class='ocrx_word' id='word_1_99' title='bbox 481 1918 580 1983; x_wconf 91' lang='lat' dir='ltr'><strong>honor</strong></span> <span class='ocrx_word' id='word_1_100' title='bbox 602 1916 791 2003; x_wconf 83' lang='lat' dir='ltr'><strong>praefandus</strong></span> <span class='ocrx_word' id='word_1_101' title='bbox 815 1917 953 1982; x_wconf 89' lang='lat' dir='ltr'><strong>auribus.</strong></span> 
     </span>
    </p>
   </div>
   <div class='ocr_carea' id='block_1_3' title="bbox 198 2115 1421 2529">
    <p class='ocr_par' dir='ltr' id='par_1_10' title="bbox 276 2115 1421 2214">
     <span class='ocr_line' id='line_1_17' title="bbox 276 2115 1421 2214; baseline -0.002 -22"><span class='ocrx_word' id='word_1_102' title='bbox 276 2129 417 2212; x_wconf 86' lang='lat' dir='ltr'><strong>Apparet</strong></span> <span class='ocrx_word' id='word_1_103' title='bbox 448 2128 551 2214; x_wconf 80' lang='lat' dir='ltr'><strong>igitur</strong></span> <span class='ocrx_word' id='word_1_104' title='bbox 582 2129 615 2190; x_wconf 91' lang='lat' dir='ltr'><strong>in</strong></span> <span class='ocrx_word' id='word_1_105' title='bbox 648 2127 777 2210; x_wconf 89' lang='lat' dir='ltr'><strong>antiquo</strong></span> <span class='ocrx_word' id='word_1_106' title='bbox 801 2121 934 2201; x_wconf 77' lang='lat' dir='ltr'><strong>(lodice,</strong></span> <span class='ocrx_word' id='word_1_107' title='bbox 959 2115 1053 2210; x_wconf 91' lang='lat' dir='ltr'><strong>quem</strong></span> <span class='ocrx_word' id='word_1_108' title='bbox 1078 2124 1286 2191; x_wconf 76' lang='lat' dir='ltr'><strong>Tischendorf</strong></span> <span class='ocrx_word' id='word_1_109' title='bbox 1304 2124 1421 2190; x_wconf 89' lang='lat' dir='ltr'><strong>deseri·</strong></span> 
     </span>
    </p>

    <p class='ocr_par' dir='ltr' id='par_1_11' title="bbox 231 2228 1420 2317">
     <span class='ocr_line' id='line_1_18' title="bbox 231 2228 1420 2317; baseline -0.002 -20"><span class='ocrx_word' id='word_1_110' title='bbox 231 2233 342 2310; x_wconf 89' lang='lat' dir='ltr'><strong>bebat,</strong></span> <span class='ocrx_word' id='word_1_111' title='bbox 365 2253 428 2298; x_wconf 93' lang='lat' dir='ltr'><strong>non</strong></span> <span class='ocrx_word' id='word_1_112' title='bbox 449 2240 508 2296; x_wconf 88' lang='grc' dir='ltr'><strong>ΟΝ</strong></span> <span class='ocrx_word' id='word_1_113' title='bbox 528 2238 694 2297; x_wconf 83' lang='lat' dir='ltr'><strong>exaratum</strong></span> <span class='ocrx_word' id='word_1_114' title='bbox 713 2231 827 2314; x_wconf 81' lang='lat' dir='ltr'><strong>fuisse,</strong></span> <span class='ocrx_word' id='word_1_115' title='bbox 852 2231 936 2317; x_wconf 91' lang='lat' dir='ltr'><strong>quod</strong></span> <span class='ocrx_word' id='word_1_116' title='bbox 958 2234 1026 2316; x_wconf 94' lang='lat' dir='ltr'><strong>ipse</strong></span> <span class='ocrx_word' id='word_1_117' title='bbox 1048 2230 1257 2296; x_wconf 80' lang='lat' dir='ltr'><strong>Tischendorf</strong></span> <span class='ocrx_word' id='word_1_118' title='bbox 1274 2228 1420 2295; x_wconf 87' lang='lat' dir='ltr'><strong>dubitan-</strong></span> 
     </span>
    </p>

    <p class='ocr_par' dir='ltr' id='par_1_12' title="bbox 198 2331 1532 2660">
     <span class='ocr_line' id='line_1_19' title="bbox 198 2331 1416 2422; baseline -0.004 -19"><span class='ocrx_word' id='word_1_119' title='bbox 198 2364 201 2370; x_wconf 61' lang='grc'>’</span> <span class='ocrx_word' id='word_1_120' title='bbox 229 2343 279 2404; x_wconf 88' lang='lat' dir='ltr'><strong>ter</strong></span> <span class='ocrx_word' id='word_1_121' title='bbox 306 2338 413 2414; x_wconf 86' lang='lat' dir='ltr'><strong>dedit,</strong></span> <span class='ocrx_word' id='word_1_122' title='bbox 438 2337 493 2404; x_wconf 89' lang='lat' dir='ltr'><strong>sed</strong></span> <span class='ocrx_word' id='word_1_123' title='bbox 518 2347 594 2416; x_wconf 85' lang='grc' dir='ltr'><strong>ΟΠ,</strong></span> <span class='ocrx_word' id='word_1_124' title='bbox 619 2340 654 2403; x_wconf 92' lang='lat' dir='ltr'><strong>in</strong></span> <span class='ocrx_word' id='word_1_125' title='bbox 677 2357 739 2422; x_wconf 90' lang='lat' dir='ltr'><strong>quo</strong></span> <span class='ocrx_word' id='word_1_126' title='bbox 762 2331 829 2401; x_wconf 83' lang='grc' dir='ltr'><strong><em>ίπιι</em></strong></span> <span class='ocrx_word' id='word_1_127' title='bbox 852 2336 987 2415; x_wconf 87' lang='lat' dir='ltr'><strong>latebat,</strong></span> <span class='ocrx_word' id='word_1_128' title='bbox 1007 2341 1046 2401; x_wconf 90' lang='lat' dir='ltr'><strong>ut</strong></span> <span class='ocrx_word' id='word_1_129' title='bbox 1063 2335 1102 2402; x_wconf 90' lang='lat' dir='ltr'><strong>de</strong></span> <span class='ocrx_word' id='word_1_130' title='bbox 1120 2340 1227 2402; x_wconf 82' lang='lat' dir='ltr'><strong>vetere</strong></span> <span class='ocrx_word' id='word_1_131' title='bbox 1246 2337 1416 2421; x_wconf 88' lang='lat' dir='ltr'><strong>scriptura:</strong></span> 
     </span>
     <span class='ocr_line' id='line_1_20' title="bbox 547 2424 1071 2529; baseline -0.004 -21"><span class='ocrx_word' id='word_1_132' title='bbox 547 2445 599 2508; x_wconf 81' lang='grc' dir='ltr'><strong>ιοκ</strong></span> <span class='ocrx_word' id='word_1_133' title='bbox 623 2440 707 2523; x_wconf 72' lang='grc' dir='ltr'><strong><em>ἔχεις</em></strong></span> <span class='ocrx_word' id='word_1_134' title='bbox 729 2443 850 2507; x_wconf 77' lang='grc' dir='ltr'><strong><em>Ὅιιοι</em></strong></span> <span class='ocrx_word' id='word_1_135' title='bbox 878 2424 1071 2529; x_wconf 73' lang='lat' dir='ltr'><strong>(recuro),</strong></span> 
     </span>
    </p>
   </div>
   <div class='ocr_carea' id='block_1_4' title="bbox 230 2547 820 2636">
    <p class='ocr_par' dir='ltr' id='par_1_13' title="bbox 230 2547 820 2636">
     <span class='ocr_line' id='line_1_21' title="bbox 230 2547 820 2636; baseline 0 -22"><span class='ocrx_word' id='word_1_136' title='bbox 230 2549 321 2615; x_wconf 90' lang='lat' dir='ltr'><strong>nulla</strong></span> <span class='ocrx_word' id='word_1_137' title='bbox 344 2570 505 2636; x_wconf 84' lang='lat' dir='ltr'><strong>superesse</strong></span> <span class='ocrx_word' id='word_1_138' title='bbox 528 2551 627 2635; x_wconf 91' lang='lat' dir='ltr'><strong>possit</strong></span> <span class='ocrx_word' id='word_1_139' title='bbox 650 2547 820 2614; x_wconf 87' lang='lat' dir='ltr'><strong>dubitatio.</strong></span> 
     </span>
    </p>
   </div>
   <div class='ocr_carea' id='block_1_5' title="bbox 229 2756 1416 3376">
    <p class='ocr_par' dir='ltr' id='par_1_14' title="bbox 229 2756 1416 3059">
     <span class='ocr_line' id='line_1_22' title="bbox 277 2756 1416 2845; baseline -0.004 -20"><span class='ocrx_word' id='word_1_140' title='bbox 277 2758 373 2845; x_wconf 82' lang='lat' dir='ltr'><strong>Spem</strong></span> <span class='ocrx_word' id='word_1_141' title='bbox 403 2758 525 2823; x_wconf 92' lang='lat' dir='ltr'><strong>faciunt</strong></span> <span class='ocrx_word' id='word_1_142' title='bbox 554 2758 614 2823; x_wconf 91' lang='lat' dir='ltr'><strong>hae</strong></span> <span class='ocrx_word' id='word_1_143' title='bbox 646 2777 764 2843; x_wconf 82' lang='lat' dir='ltr'><strong>paucae</strong></span> <span class='ocrx_word' id='word_1_144' title='bbox 789 2757 958 2822; x_wconf 90' lang='lat' dir='ltr'><strong>Menandri</strong></span> <span class='ocrx_word' id='word_1_145' title='bbox 980 2756 1115 2822; x_wconf 78' lang='lat' dir='ltr'><strong>laciniae</strong></span> <span class='ocrx_word' id='word_1_146' title='bbox 1146 2759 1181 2820; x_wconf 91' lang='lat' dir='ltr'><strong>in</strong></span> <span class='ocrx_word' id='word_1_147' title='bbox 1209 2761 1313 2822; x_wconf 86' lang='lat' dir='ltr'><strong>vetere</strong></span> <span class='ocrx_word' id='word_1_148' title='bbox 1335 2756 1416 2821; x_wconf 92' lang='lat' dir='ltr'><strong>libro</strong></span> 
     </span>
     <span class='ocr_line' id='line_1_23' title="bbox 229 2863 1416 2951; baseline -0.005 -20"><span class='ocrx_word' id='word_1_149' title='bbox 229 2871 370 2951; x_wconf 88' lang='lat' dir='ltr'><strong>repertae</strong></span> <span class='ocrx_word' id='word_1_150' title='bbox 402 2864 532 2930; x_wconf 86' lang='lat' dir='ltr'><strong>fortasse</strong></span> <span class='ocrx_word' id='word_1_151' title='bbox 562 2863 655 2949; x_wconf 89' lang='lat' dir='ltr'><strong>plura</strong></span> <span class='ocrx_word' id='word_1_152' title='bbox 685 2867 783 2928; x_wconf 89' lang='lat' dir='ltr'><strong>etiam</strong></span> <span class='ocrx_word' id='word_1_153' title='bbox 814 2863 1009 2928; x_wconf 88' lang='lat' dir='ltr'><strong>Menandrea</strong></span> <span class='ocrx_word' id='word_1_154' title='bbox 1035 2868 1067 2928; x_wconf 90' lang='lat' dir='ltr'><strong>et</strong></span> <span class='ocrx_word' id='word_1_155' title='bbox 1090 2865 1263 2948; x_wconf 90' lang='lat' dir='ltr'><strong>copiosiora</strong></span> <span class='ocrx_word' id='word_1_156' title='bbox 1286 2869 1317 2927; x_wconf 91' lang='lat' dir='ltr'><strong>et</strong></span> <span class='ocrx_word' id='word_1_157' title='bbox 1338 2864 1416 2926; x_wconf 90' lang='lat' dir='ltr'><strong>inte·</strong></span> 
     </span>
     <span class='ocr_line' id='line_1_24' title="bbox 230 2971 677 3059; baseline -0.007 -23"><span class='ocrx_word' id='word_1_158' title='bbox 230 2975 337 3059; x_wconf 82' lang='lat' dir='ltr'><strong>griora</strong></span> <span class='ocrx_word' id='word_1_159' title='bbox 359 2975 394 3035; x_wconf 92' lang='lat' dir='ltr'><strong>in</strong></span> <span class='ocrx_word' id='word_1_160' title='bbox 417 2971 545 3036; x_wconf 90' lang='lat' dir='ltr'><strong>Oriente</strong></span> <span class='ocrx_word' id='word_1_161' title='bbox 567 2971 677 3034; x_wconf 89' lang='lat' dir='ltr'><strong>latere.</strong></span> 
     </span>
    </p>

    <p class='ocr_par' dir='ltr' id='par_1_15' title="bbox 229 3072 1415 3376">
     <span class='ocr_line' id='line_1_25' title="bbox 275 3072 1415 3160; baseline -0.004 -19"><span class='ocrx_word' id='word_1_162' title='bbox 275 3076 497 3152; x_wconf 79' lang='lat' dir='ltr'><strong>Tischendorf,</strong></span> <span class='ocrx_word' id='word_1_163' title='bbox 531 3077 587 3160; x_wconf 91' lang='lat' dir='ltr'><strong>qui</strong></span> <span class='ocrx_word' id='word_1_164' title='bbox 618 3079 704 3139; x_wconf 89' lang='lat' dir='ltr'><strong>totus</strong></span> <span class='ocrx_word' id='word_1_165' title='bbox 727 3079 795 3140; x_wconf 88' lang='lat' dir='ltr'><strong>erat</strong></span> <span class='ocrx_word' id='word_1_166' title='bbox 817 3079 851 3139; x_wconf 92' lang='lat' dir='ltr'><strong>in</strong></span> <span class='ocrx_word' id='word_1_167' title='bbox 878 3074 966 3140; x_wconf 91' lang='lat' dir='ltr'><strong>libris</strong></span> <span class='ocrx_word' id='word_1_168' title='bbox 990 3073 1104 3139; x_wconf 81' lang='lat' dir='ltr'><strong>Sacrae</strong></span> <span class='ocrx_word' id='word_1_169' title='bbox 1127 3072 1308 3159; x_wconf 81' lang='lat' dir='ltr'><strong>Scripturae</strong></span> <span class='ocrx_word' id='word_1_170' title='bbox 1329 3072 1415 3136; x_wconf 89' lang='lat' dir='ltr'><strong>inda-</strong></span> 
     </span>
     <span class='ocr_line' id='line_1_26' title="bbox 229 3180 1415 3270; baseline -0.004 -23"><span class='ocrx_word' id='word_1_171' title='bbox 229 3183 343 3270; x_wconf 82' lang='lat' dir='ltr'><strong>gandis</strong></span> <span class='ocrx_word' id='word_1_172' title='bbox 367 3187 398 3247; x_wconf 90' lang='lat' dir='ltr'><strong>et</strong></span> <span class='ocrx_word' id='word_1_173' title='bbox 422 3182 637 3256; x_wconf 85' lang='lat' dir='ltr'><strong>excutiendis,</strong></span> <span class='ocrx_word' id='word_1_174' title='bbox 662 3182 738 3246; x_wconf 88' lang='lat' dir='ltr'><strong>haec</strong></span> <span class='ocrx_word' id='word_1_175' title='bbox 757 3181 948 3261; x_wconf 73' lang='grc' dir='ltr'><strong><em>Φιλολονικοί</em></strong></span> <span class='ocrx_word' id='word_1_176' title='bbox 968 3202 1070 3265; x_wconf 91' lang='lat' dir='ltr'><strong>neque</strong></span> <span class='ocrx_word' id='word_1_177' title='bbox 1090 3180 1129 3246; x_wconf 89' lang='lat' dir='ltr'><strong>de</strong></span> <span class='ocrx_word' id='word_1_178' title='bbox 1148 3181 1304 3246; x_wconf 88' lang='lat' dir='ltr'><strong>industria</strong></span> <span class='ocrx_word' id='word_1_179' title='bbox 1323 3198 1415 3262; x_wconf 80' lang='lat' dir='ltr'><strong>quae</strong></span> 
     </span>
     <span class='ocr_line' id='line_1_27' title="bbox 230 3286 861 3376; baseline -0.002 -22"><span class='ocrx_word' id='word_1_180' title='bbox 230 3291 308 3354; x_wconf 80' lang='lat' dir='ltr'><strong>sivit</strong></span> <span class='ocrx_word' id='word_1_181' title='bbox 330 3309 432 3373; x_wconf 86' lang='lat' dir='ltr'><strong>neque</strong></span> <span class='ocrx_word' id='word_1_182' title='bbox 455 3289 519 3352; x_wconf 85' lang='lat' dir='ltr'><strong>nisi</strong></span> <span class='ocrx_word' id='word_1_183' title='bbox 543 3287 572 3350; x_wconf 90' lang='grc' dir='ltr'><strong><em>ε’ν</em></strong></span> <span class='ocrx_word' id='word_1_184' title='bbox 596 3286 716 3368; x_wconf 66' lang='lat' dir='ltr'><strong>eapite</strong></span> <span class='ocrx_word' id='word_1_185' title='bbox 740 3290 861 3376; x_wconf 77' lang='lat' dir='ltr'><strong>attigit.</strong></span> 
     </span>
    </p>
   </div>
   <div class='ocr_carea' id='block_1_6' title="bbox 230 3497 1413 4007">
    <p class='ocr_par' dir='ltr' id='par_1_16' title="bbox 230 3497 1413 4007">
     <span class='ocr_line' id='line_1_28' title="bbox 276 3497 1413 3585; baseline -0.004 -22"><span class='ocrx_word' id='word_1_186' title='bbox 276 3497 417 3563; x_wconf 88' lang='lat' dir='ltr'><strong>Obscura</strong></span> <span class='ocrx_word' id='word_1_187' title='bbox 440 3497 594 3582; x_wconf 89' lang='lat' dir='ltr'><strong>quaedam</strong></span> <span class='ocrx_word' id='word_1_188' title='bbox 617 3498 703 3563; x_wconf 88' lang='lat' dir='ltr'><strong>fama</strong></span> <span class='ocrx_word' id='word_1_189' title='bbox 727 3498 766 3563; x_wconf 90' lang='lat' dir='ltr'><strong>ad</strong></span> <span class='ocrx_word' id='word_1_190' title='bbox 788 3519 877 3563; x_wconf 89' lang='lat' dir='ltr'><strong>meas</strong></span> <span class='ocrx_word' id='word_1_191' title='bbox 897 3519 988 3564; x_wconf 87' lang='lat' dir='ltr'><strong>aures</strong></span> <span class='ocrx_word' id='word_1_192' title='bbox 1007 3500 1152 3585; x_wconf 87' lang='lat' dir='ltr'><strong>pervenit</strong></span> <span class='ocrx_word' id='word_1_193' title='bbox 1171 3518 1239 3564; x_wconf 87' lang='lat' dir='ltr'><strong>esse</strong></span> <span class='ocrx_word' id='word_1_194' title='bbox 1257 3499 1290 3562; x_wconf 92' lang='lat' dir='ltr'><strong>in</strong></span> <span class='ocrx_word' id='word_1_195' title='bbox 1306 3499 1413 3561; x_wconf 88' lang='lat' dir='ltr'><strong>monte</strong></span> 
     </span>
     <span class='ocr_line' id='line_1_29' title="bbox 230 3603 1411 3688; baseline -0.008 -17"><span class='ocrx_word' id='word_1_196' title='bbox 230 3606 316 3672; x_wconf 90' lang='lat' dir='ltr'><strong>Atho</strong></span> <span class='ocrx_word' id='word_1_197' title='bbox 336 3604 435 3669; x_wconf 91' lang='lat' dir='ltr'><strong>libros</strong></span> <span class='ocrx_word' id='word_1_198' title='bbox 454 3603 649 3687; x_wconf 90' lang='lat' dir='ltr'><strong>reconditos,</strong></span> <span class='ocrx_word' id='word_1_199' title='bbox 670 3604 786 3688; x_wconf 88' lang='lat' dir='ltr'><strong>quibus</strong></span> <span class='ocrx_word' id='word_1_200' title='bbox 805 3603 999 3669; x_wconf 90' lang='lat' dir='ltr'><strong>Menandrea</strong></span> <span class='ocrx_word' id='word_1_201' title='bbox 1016 3603 1172 3688; x_wconf 88' lang='lat' dir='ltr'><strong>quaedam</strong></span> <span class='ocrx_word' id='word_1_202' title='bbox 1189 3605 1411 3670; x_wconf 90' lang='lat' dir='ltr'><strong>contineantur.</strong></span> 
     </span>
     <span class='ocr_line' id='line_1_30' title="bbox 230 3705 1412 3796; baseline -0.007 -19"><span class='ocrx_word' id='word_1_203' title='bbox 230 3711 404 3796; x_wconf 75' lang='lat' dir='ltr'><strong>Explorent</strong></span> <span class='ocrx_word' id='word_1_204' title='bbox 435 3711 542 3774; x_wconf 89' lang='lat' dir='ltr'><strong>omnia</strong></span> <span class='ocrx_word' id='word_1_205' title='bbox 573 3719 605 3773; x_wconf 87' lang='lat' dir='ltr'><strong>et</strong></span> <span class='ocrx_word' id='word_1_206' title='bbox 636 3714 873 3794; x_wconf 90' lang='lat' dir='ltr'><strong>perscrutentur</strong></span> <span class='ocrx_word' id='word_1_207' title='bbox 901 3709 967 3787; x_wconf 89' lang='lat' dir='ltr'><strong>illi,</strong></span> <span class='ocrx_word' id='word_1_208' title='bbox 999 3711 1114 3795; x_wconf 90' lang='lat' dir='ltr'><strong>quibus</strong></span> <span class='ocrx_word' id='word_1_209' title='bbox 1144 3710 1222 3774; x_wconf 92' lang='lat' dir='ltr'><strong>haec</strong></span> <span class='ocrx_word' id='word_1_210' title='bbox 1243 3708 1308 3776; x_wconf 88' lang='lat' dir='ltr'><strong>loca</strong></span> <span class='ocrx_word' id='word_1_211' title='bbox 1324 3705 1412 3771; x_wconf 91' lang='lat' dir='ltr'><strong>adire</strong></span> 
     </span>
     <span class='ocr_line' id='line_1_31' title="bbox 232 3809 1412 3903; baseline -0.008 -21"><span class='ocrx_word' id='word_1_212' title='bbox 232 3819 414 3903; x_wconf 83' lang='lat' dir='ltr'><strong>continget,</strong></span> <span class='ocrx_word' id='word_1_213' title='bbox 447 3836 584 3900; x_wconf 91' lang='lat' dir='ltr'><strong>namque</strong></span> <span class='ocrx_word' id='word_1_214' title='bbox 613 3814 781 3881; x_wconf 86' lang='lat' dir='ltr'><strong>Menandri</strong></span> <span class='ocrx_word' id='word_1_215' title='bbox 815 3817 963 3900; x_wconf 88' lang='lat' dir='ltr'><strong>reliquias</strong></span> <span class='ocrx_word' id='word_1_216' title='bbox 994 3818 1091 3880; x_wconf 87' lang='lat' dir='ltr'><strong>etiam</strong></span> <span class='ocrx_word' id='word_1_217' title='bbox 1125 3820 1236 3881; x_wconf 88' lang='lat' dir='ltr'><strong>tenues</strong></span> <span class='ocrx_word' id='word_1_218' title='bbox 1265 3818 1294 3880; x_wconf 91' lang='lat' dir='ltr'><strong>et</strong></span> <span class='ocrx_word' id='word_1_219' title='bbox 1314 3809 1412 3877; x_wconf 80' lang='lat' dir='ltr'><strong>eriles</strong></span> 
     </span>
     <span class='ocr_line' id='line_1_32' title="bbox 230 3920 780 4007; baseline 0 -22"><span class='ocrx_word' id='word_1_220' title='bbox 230 3920 452 3986; x_wconf 88' lang='lat' dir='ltr'><strong>lubentissime</strong></span> <span class='ocrx_word' id='word_1_221' title='bbox 476 3923 636 4007; x_wconf 90' lang='lat' dir='ltr'><strong>accepturi</strong></span> <span class='ocrx_word' id='word_1_222' title='bbox 659 3942 780 3986; x_wconf 90' lang='lat' dir='ltr'><strong>sumus.</strong></span> 
     </span>
    </p>
   </div>
   <div class='ocr_carea' id='block_1_7' title="bbox 723 4229 917 4238">
    <p class='ocr_par' dir='ltr' id='par_1_17' title="bbox 723 4229 917 4238">
     <span class='ocr_line' id='line_1_33' title="bbox 723 4229 917 4238; baseline -0.005 0"><span class='ocrx_word' id='word_1_223' title='bbox 723 4229 917 4238; x_wconf 75' lang='grc'><strong>-----.-</strong></span> 
     </span>
    </p>
   </div>
   <div class='ocr_carea' id='block_1_8' title="bbox 0 0 1548 4968">
    <p class='ocr_par' dir='ltr' id='par_1_18' title="bbox 0 0 1548 4968">
     <span class='ocr_line' id='line_1_34' title="bbox 0 0 1548 4968; baseline 0 0"><span class='ocrx_word' id='word_1_224' title='bbox 0 0 1548 4968; x_wconf 95' lang='lat' dir='ltr'><strong> </strong></span> 
     </span>
    </p>
   </div>
  </div>
 </body>
</html>
