3026 4970
819 287 886 356 258

261 483 404 548 dixerant
426 502 483 567 pro
507 483 659 546 11111111
682 477 851 566 Apollonio
874 477 953 543 ibid.
976 498 1051 564 pag.
1077 472 1153 541 113.
1178 493 1210 540 1.
1252 472 1431 540 011111111-

259 593 310 656 rat
331 587 406 652 ibid.
447 586 635 671 Apollonius
659 606 711 651 eos
735 587 791 671 qui
814 585 861 657 τίς
887 582 945 663 rap
970 585 1055 665 σφωϊ
1075 582 1245 650 servabant
1267 602 1322 666 pro
1343 587 1431 666 σφωε,
1506 563 1507 600 l

259 695 313 760 sed
344 698 427 759 recte
456 713 566 758 eorum
589 690 785 758 ratiunculas
808 690 1005 767 confutavit,
1031 711 1111 775 qnae
1135 690 1299 755 neminem
1320 689 1431 774 posthac
1506 763 1507 798 p

256 801 293 868 in
316 801 548 866 dubitationem
568 799 773 864 induxerunt.
1427 869 1430 872 ,

278 937 281 972 ;
304 905 420 971 111111
443 905 553 970 eodem
576 923 692 992 genere
716 905 814 969 etiam
838 903 969 990 gravius
992 901 1148 970 mendum
1169 901 1205 968 in
1228 899 1359 968 Homeri
1382 895 1431 966 Oo-

261 1010 384 1077 dicibns
409 1020 447 1077 0.
475 1007 551 1074 155.

463 1117 504 1180 τὼ
528 1116 559 1180 tt
584 1114 700 1194 ratpert
725 1111 845 1180 ἐλθόντε
873 1114 945 1188 Διὸς
970 1113 1219 1196 νεφεληγερέταο

464 1221 577 1295 stirne·
601 1219 669 1286 otti
693 1225 808 1302 σΦωΙΝ
835 1220 901 1286 ἰδὼν
926 1219 1108 1304 ἕχολῶσκτᾳ
1130 1219 1226 1299 θυμῷ.

261 1349 318 1413 pro
348 1329 443 1392 tertia
472 1311 603 1411 persona
625 1328 754 1390 reconda
777 1328 922 1410 ponitur,
947 1347 1003 1412 pro
1027 1329 1206 1393 accusativo
1227 1325 1434 1410 pacilianensi

262 1434 382 1497 datione
410 1439 441 1498 et
472 1432 683 1497 Homericum
714 1428 795 1497 ratris
825 1435 860 1495 in
893 1433 959 1496 tado
987 1437 1133 1498 mutatur
1157 1437 1226 1498 tam
1248 1453 1386 1518 perverse
1405 1451 1434 1495 ec

261 1543 289 1604 si
312 1542 383 1624 quis
406 1539 520 1604 Latine
543 1558 599 1622 pro
629 1537 736 1601 Videre
757 1536 871 1602 mallet
894 1539 984 1602 Idere
1007 1539 1120 1603 dicere.
1167 1537 1286 1606 Omnes
1307 1540 1361 1604 has
1377 1556 1433 1601 mo·

261 1645 370 1710 lesbiae
399 1646 527 1729 penitus
559 1643 690 1709 sustulit
721 1641 843 1730 Heynii
875 1643 1052 1711 emendatio
1084 1642 1151 1710 οὐδὲ
1174 1642 1435 1727 «11111111

261 1750 353 1818 Iliad.
377 1769 408 1818 Δ.
435 1748 510 1832 330.

489 1857 550 1922 οὐδ’
574 1854 634 1937 ἄρα
658 1857 699 1920 τώ
724 1880 764 1935 γε
788 1855 869 1921 rabbu
892 1857 1025 1935 γήθησεν
1052 1857 1236 1936 Ἀχιλλεύς.

305 1965 377 2040 Non
407 1968 455 2028 est
485 1963 545 2029 hoc
576 1963 729 2028 mendum
761 1964 948 2047 antiquum,
979 1963 1033 2028 sed
1056 1965 1090 2028 in
1111 1963 1203 2028 libris
1226 1962 1435 2030 recentioribus

260 2076 374 2134 natum
398 2091 498 2154 quum
521 2075 644 2135 veteres
667 2074 765 2150 σφωε
788 2068 854 2132 italo
879 2069 1072 2134 exhiberent.
1112 2069 1360 2136 Innumerabiles
1380 2066 1437 2132 Hc

262 2177 344 2240 meri
364 2197 474 2240 versus
495 2177 529 2239 in
554 2177 693 2260 antiquis
717 2174 853 2240 Scholiis
877 2181 933 2240 aut
956 2175 1081 2240 Lexicie
1104 2180 1161 2240 eut
1184 2177 1268 2260 apud
1287 2178 1438 2260 scriptores

261 2286 384 2346 veteres
408 2281 598 2358 afferuntur,
623 2287 660 2347 ut
680 2287 765 2346 certa
784 2283 879 2346 sitin
898 2283 940 2345 iis
959 2281 1190 2347 Alexandrinae
1211 2284 1321 2348 aetatis
1337 2281 1437 2346 lectio:

262 2387 316 2451 aad
345 2387 498 2471 permulti
529 2392 603 2452 eunt
634 2387 704 2463 alii,
736 2407 814 2473 quos
845 2408 939 2451 nemo
961 2385 1120 2464 laudavit,
1144 2389 1179 2452 in
1204 2389 1317 2472 quibus
1338 2385 1440 2452 eadem

261 2492 418 2557 scribendi
437 2494 517 2556 vitia
536 2513 616 2577 quae
636 2495 671 2556 in
691 2495 821 2558 caeteris
840 2493 1047 2576 scriptoribus
1066 2512 1102 2556 ac
1121 2496 1225 2576 poetis
1239 2513 1295 2558 nos
1309 2493 1440 2579 legentes

259 2596 478 2675 ludificantur,
512 2602 544 2662 et
567 2600 603 2662 in
624 2598 675 2662 his
700 2599 885 2682 turpissima
909 2597 1065 2682 quaedam
1089 2602 1121 2662 et
1144 2598 1295 2674 barbara,
1320 2598 1357 2663 de
1380 2597 1441 2682 qui·

261 2704 320 2767 bns
343 2703 425 2768 alius
448 2703 576 2768 dabitur
600 2703 726 2768 dicendi
749 2703 850 2770 locus.

306 2809 406 2875 Venio
436 2829 520 2874 nunc
552 2809 592 2874 ad
623 2809 800 2874 Aristarchi
823 2829 960 2874 errorem
988 2811 1023 2873 in
1046 2808 1166 2874 talibus
1189 2813 1396 2876 commissum
1417 2809 1444 2870 et

261 2917 301 2982 ad
331 2921 438 2980 nostra
467 2919 612 2999 tempora
634 2920 866 3002 propagatum,
891 2935 986 3000 quem
1010 2919 1038 2980 ei
1060 2921 1168 3001 potero
1191 2917 1342 2982 radicitus
1367 2911 1443 2979 erel-

259 3022 336 3088 lam.
362 3020 564 3086 Aristarchus
582 3020 772 3107 pervulgato
791 3020 949 3087 librorum
969 3041 1071 3086 errore
1091 3023 1241 3106 deeeptus
1256 3025 1290 3088 in
1307 3023 1445 3087 animum

260 3126 388 3194 induxit
411 3135 479 3190 ΝΩ
504 3131 536 3190 11
561 3135 649 3190 ΟΦΩ
674 3128 820 3210 antiquae
841 3132 873 3192 et
895 3129 1031 3192 sinceras
1050 3127 1168 3192 formas
1188 3149 1255 3193 esse
1275 3133 1307 3194 11
1324 3124 1446 3213 perinde

260 3235 340 3300 bene
364 3235 398 3296 in
421 3233 614 3297 carminibus
637 3231 773 3297 Homeri
792 3238 824 3297 et
847 3232 1021 3319 disyllabus
1044 3233 1162 3298 formas
1185 3243 1271 3298 ΝΩΙ
1296 3239 1327 3299 11
1350 3238 1445 3298 conl

260 3341 337 3424 poni
360 3343 392 3403 et
414 3337 650 3424 monosyllabas
674 3345 742 3402 ΝΩ
767 3342 798 3402 11
824 3347 923 3402 ΕΦΩ.

307 3439 403 3529 Apud
433 3464 487 3508 me
515 3446 591 3508 satis
615 3448 738 3509 constat
760 3444 878 3510 formae
902 3445 938 3508 νώ
963 3449 995 3510 11
1016 3444 1085 3525 σφώ
1111 3445 1195 3530 apud
1218 3444 1400 3512 Homerum
1420 3447 1447 3507 et

260 3553 385 3618 Atticos
415 3551 533 3632 ubique
565 3569 630 3613 esse
657 3551 789 3614 vitiosas
813 3550 971 3616 tralaticio
994 3550 1052 3616 illo
1075 3551 1184 3617 mendi
1210 3573 1347 3639 genere,
1373 3547 1449 3636 quod

259 3659 295 3721 in
317 3655 480 3720 vocabulis
498 3653 647 3738 plurimis
668 3657 841 3720 sexcenties
862 3657 944 3741 apud
966 3677 1076 3722 omnes
1095 3659 1227 3742 impune
1244 3659 1448 3723 commissum

261 3781 327 3827 esse
358 3767 390 3826 11
421 3763 581 3825 committi
613 3760 717 3825 video.
765 3761 889 3846 Nempe
916 3762 1065 3828 inlibris
1089 3764 1288 3847 antiquiori
1312 3786 1448 3842 παραγε·

261 3864 439 3946 γραμμένον
472 3869 548 3931 isira
577 3887 640 3931 non
663 3865 757 3932 aliter
780 3864 879 3950 quani
900 3871 934 3932 in
957 3871 1016 3952 iis,
1041 3887 1119 3953 quos
1141 3868 1235 3934 hodie
1259 3889 1324 3934 non
1349 3870 1449 3935 admo·

261 3975 340 4044 dum
362 3977 504 4038 vetustos
527 3972 698 4048 habemus,
719 3991 783 4036 non
804 3973 956 4057 adscribi,
979 3975 1034 4038 sed
1053 3993 1181 4057 prorsus
1202 3977 1313 4040 omitti
1325 3977 1449 4042 solebat.

258 4079 371 4164 Itaque
401 4097 456 4162 pro
486 4077 716 4164 monosyllabis
748 4077 784 4159 νῴ
818 4084 850 4143 11
878 4078 946 4161 roa
973 4080 1171 4144 scribebatur
1194 4087 1262 4145 ΝΩ
1286 4087 1323 4146 11
1350 4089 1450 4162 con,

260 4186 357 4270 idque
387 4185 607 4248 Aristarchum
639 4183 770 4261 fefellit,
805 4188 861 4271 qui
892 4186 1010 4252 formas
1041 4190 1077 4250 νώ
1112 4191 1144 4251 11
1166 4186 1235 4266 σφώ
1258 4189 1405 4276 integras
1425 4191 1452 4250 et

189 4337 191 4340 -
262 4292 376 4375 probae
395 4310 461 4354 esse
480 4291 626 4372 opinatus
646 4295 703 4352 est.
739 4289 950 4375 Inspiciamus
969 4295 1113 4377 primum
1134 4313 1188 4368 ea,
1207 4312 1287 4377 quae
1311 4316 1354 4360 ex
1371 4294 1452 4360 illius

262 4396 498 4463 commentariis
522 4395 562 4458 ad
584 4399 725 4460 nostram
748 4398 899 4464 notitiem
923 4402 1143 4484 pervenerunt.
1191 4397 1288 4464 Iliad.
1316 4409 1355 4466 Ε.
1381 4399 1451 4466 218.
