<?xml version="1.0" encoding="UTF-8"?>
<!DOCTYPE html PUBLIC "-//W3C//DTD XHTML 1.0 Transitional//EN"
    "http://www.w3.org/TR/xhtml1/DTD/xhtml1-transitional.dtd">
<html xmlns="http://www.w3.org/1999/xhtml" xml:lang="en" lang="en">
 <head>
  <title>
</title>
<meta http-equiv="Content-Type" content="text/html;charset=utf-8" />
  <meta name='ocr-system' content='tesseract 3.04.00' />
  <meta name='ocr-capabilities' content='ocr_page ocr_carea ocr_par ocr_line ocrx_word'/>
</head>
<body>
  <div class='ocr_page' id='page_1' title='image "./miscellaneacrit02cobegoog_0595.png"; bbox 0 0 3096 4972; ppageno 0'>
   <div class='ocr_carea' id='block_1_1' title="bbox 698 241 762 330">
    <p class='ocr_par' dir='ltr' id='par_1_1' title="bbox 698 241 762 330">
     <span class='ocr_line' id='line_1_1' title="bbox 698 241 762 330; baseline -0.016 -11"><span class='ocrx_word' id='word_1_1' title='bbox 698 241 762 330; x_wconf 73' lang='lat'><strong>571</strong></span> 
     </span>
    </p>
   </div>
   <div class='ocr_carea' id='block_1_2' title="bbox 139 431 1322 632">
    <p class='ocr_par' dir='ltr' id='par_1_2' title="bbox 139 431 1322 632">
     <span class='ocr_line' id='line_1_2' title="bbox 140 431 1322 524; baseline 0.006 -20"><span class='ocrx_word' id='word_1_2' title='bbox 140 431 489 512; x_wconf 75' lang='lat' dir='ltr'><strong>oreoc*1&lt;0*HTe‚</strong></span> <span class='ocrx_word' id='word_1_3' title='bbox 512 438 547 502; x_wconf 91' lang='lat' dir='ltr'><strong>in</strong></span> <span class='ocrx_word' id='word_1_4' title='bbox 569 459 630 524; x_wconf 91' lang='lat' dir='ltr'><strong>quo</strong></span> <span class='ocrx_word' id='word_1_5' title='bbox 651 437 772 506; x_wconf 86' lang='lat' dir='ltr'><strong>latebat</strong></span> <span class='ocrx_word' id='word_1_6' title='bbox 794 443 879 522; x_wconf 81' lang='grc' dir='ltr'><strong><em>ίρίιῖρ</em></strong></span> <span class='ocrx_word' id='word_1_7' title='bbox 904 451 1057 519; x_wconf 59' lang='lat' dir='ltr'><strong>euenire.</strong></span> <span class='ocrx_word' id='word_1_8' title='bbox 1105 442 1189 524; x_wconf 78' lang='lat' dir='ltr'><strong>Quid</strong></span> <span class='ocrx_word' id='word_1_9' title='bbox 1212 445 1322 512; x_wconf 82' lang='lat' dir='ltr'><strong>tritius</strong></span> 
     </span>
     <span class='ocr_line' id='line_1_3' title="bbox 139 545 778 632; baseline -0.005 -16"><span class='ocrx_word' id='word_1_10' title='bbox 139 552 185 616; x_wconf 88' lang='lat' dir='ltr'><strong>est</strong></span> <span class='ocrx_word' id='word_1_11' title='bbox 207 549 242 612; x_wconf 91' lang='lat' dir='ltr'><strong>in</strong></span> <span class='ocrx_word' id='word_1_12' title='bbox 264 545 324 612; x_wconf 87' lang='lat' dir='ltr'><strong>tali</strong></span> <span class='ocrx_word' id='word_1_13' title='bbox 346 567 381 613; x_wconf 88' lang='lat' dir='ltr'><strong>re</strong></span> <span class='ocrx_word' id='word_1_14' title='bbox 404 567 501 632; x_wconf 87' lang='lat' dir='ltr'><strong>quam</strong></span> <span class='ocrx_word' id='word_1_15' title='bbox 523 548 609 628; x_wconf 77' lang='grc' dir='ltr'><strong><em>ὀρθῶς</em></strong></span> <span class='ocrx_word' id='word_1_16' title='bbox 633 546 778 614; x_wconf 82' lang='grc' dir='ltr'><strong><em>σαοπεῖνῖ</em></strong></span> 
     </span>
    </p>
   </div>
   <div class='ocr_carea' id='block_1_3' title="bbox 137 768 1322 1070">
    <p class='ocr_par' dir='ltr' id='par_1_3' title="bbox 137 768 1322 1070">
     <span class='ocr_line' id='line_1_4' title="bbox 182 768 1322 860; baseline 0.006 -26"><span class='ocrx_word' id='word_1_17' title='bbox 182 773 265 860; x_wconf 78' lang='lat' dir='ltr'><strong>Peg.</strong></span> <span class='ocrx_word' id='word_1_18' title='bbox 296 769 372 835; x_wconf 84' lang='lat'><strong>681.</strong></span> <span class='ocrx_word' id='word_1_19' title='bbox 405 768 438 840; x_wconf 90' lang='grc'><strong>9.</strong></span> <span class='ocrx_word' id='word_1_20' title='bbox 470 770 688 838; x_wconf 84' lang='lat' dir='ltr'><strong>scribendum:</strong></span> <span class='ocrx_word' id='word_1_21' title='bbox 720 771 772 837; x_wconf 77' lang='grc' dir='ltr'><strong><em>καὶ</em></strong></span> <span class='ocrx_word' id='word_1_22' title='bbox 807 771 990 854; x_wconf 76' lang='grc' dir='ltr'><strong><em>Ἀδριίςειαν</em></strong></span> <span class='ocrx_word' id='word_1_23' title='bbox 1021 775 1078 852; x_wconf 77' lang='grc' dir='ltr'><strong>μὲν</strong></span> <span class='ocrx_word' id='word_1_24' title='bbox 1109 773 1259 856; x_wconf 76' lang='grc' dir='ltr'><strong><em>ι’ίνίραπος</em></strong></span> <span class='ocrx_word' id='word_1_25' title='bbox 1283 775 1322 840; x_wconf 76' lang='grc' dir='ltr'><strong>ὢν</strong></span> 
     </span>
     <span class='ocr_line' id='line_1_5' title="bbox 137 875 1319 961; baseline 0.002 -17"><span class='ocrx_word' id='word_1_26' title='bbox 137 883 302 959; x_wconf 75' lang='grc' dir='ltr'><strong><em>προσκυνῶ.</em></strong></span> <span class='ocrx_word' id='word_1_27' title='bbox 348 875 386 941; x_wconf 95' lang='lat' dir='ltr'><strong>In</strong></span> <span class='ocrx_word' id='word_1_28' title='bbox 416 875 573 961; x_wconf 88' lang='lat' dir='ltr'><strong>plerisque</strong></span> <span class='ocrx_word' id='word_1_29' title='bbox 601 876 693 944; x_wconf 83' lang='lat' dir='ltr'><strong>libris</strong></span> <span class='ocrx_word' id='word_1_30' title='bbox 724 884 772 944; x_wconf 80' lang='lat' dir='ltr'><strong>esi</strong></span> <span class='ocrx_word' id='word_1_31' title='bbox 802 877 953 961; x_wconf 76' lang='grc' dir='ltr'><strong><em>ἄνθρωπος</em></strong></span> <span class='ocrx_word' id='word_1_32' title='bbox 985 880 1021 945; x_wconf 80' lang='grc' dir='ltr'><strong>ὢν</strong></span> <span class='ocrx_word' id='word_1_33' title='bbox 1044 879 1148 960; x_wconf 71' lang='grc' dir='ltr'><strong><em>ἔγωγε</em></strong></span> <span class='ocrx_word' id='word_1_34' title='bbox 1170 881 1223 949; x_wconf 83' lang='lat' dir='ltr'><strong>val</strong></span> <span class='ocrx_word' id='word_1_35' title='bbox 1246 882 1319 960; x_wconf 78' lang='grc' dir='ltr'><strong>ἐγώ.</strong></span> 
     </span>
     <span class='ocr_line' id='line_1_6' title="bbox 138 981 788 1070; baseline -0.005 -18"><span class='ocrx_word' id='word_1_36' title='bbox 138 983 267 1070; x_wconf 90' lang='lat' dir='ltr'><strong>Optime</strong></span> <span class='ocrx_word' id='word_1_37' title='bbox 290 981 313 1048; x_wconf 87' lang='grc'><strong>8</strong></span> <span class='ocrx_word' id='word_1_38' title='bbox 336 981 451 1049; x_wconf 87' lang='lat' dir='ltr'><strong>inutile</strong></span> <span class='ocrx_word' id='word_1_39' title='bbox 473 1002 646 1067; x_wconf 83' lang='lat' dir='ltr'>pronomen</span> <span class='ocrx_word' id='word_1_40' title='bbox 668 985 788 1049; x_wconf 87' lang='lat' dir='ltr'><strong>omisit.</strong></span> 
     </span>
    </p>
   </div>
   <div class='ocr_carea' id='block_1_4' title="bbox 137 1205 1321 1488">
    <p class='ocr_par' dir='ltr' id='par_1_4' title="bbox 137 1205 1321 1488">
     <span class='ocr_line' id='line_1_7' title="bbox 182 1205 1321 1296; baseline 0.001 -22"><span class='ocrx_word' id='word_1_41' title='bbox 182 1209 263 1296; x_wconf 85' lang='lat' dir='ltr'><strong>Peg.</strong></span> <span class='ocrx_word' id='word_1_42' title='bbox 290 1205 366 1275; x_wconf 90' lang='grc'><strong>786.</strong></span> <span class='ocrx_word' id='word_1_43' title='bbox 389 1205 443 1272; x_wconf 93' lang='grc'><strong>22.</strong></span> <span class='ocrx_word' id='word_1_44' title='bbox 468 1208 512 1283; x_wconf 69' lang='grc' dir='ltr'><strong>μὴ</strong></span> <span class='ocrx_word' id='word_1_45' title='bbox 535 1207 632 1272; x_wconf 81' lang='grc' dir='ltr'><strong><em>τοίνυν</em></strong></span> <span class='ocrx_word' id='word_1_46' title='bbox 655 1205 732 1285; x_wconf 80' lang='grc' dir='ltr'><strong><em>μηδὲ</em></strong></span> <span class='ocrx_word' id='word_1_47' title='bbox 755 1205 852 1288; x_wconf 81' lang='grc' dir='ltr'><strong><em>τούτῳ</em></strong></span> <span class='ocrx_word' id='word_1_48' title='bbox 876 1219 995 1276; x_wconf 78' lang='grc' dir='ltr'>ΔΟΤΕ</span> <span class='ocrx_word' id='word_1_49' title='bbox 1019 1215 1079 1276; x_wconf 81' lang='grc' dir='ltr'><strong>νῦν.</strong></span> <span class='ocrx_word' id='word_1_50' title='bbox 1126 1211 1234 1292; x_wconf 81' lang='lat' dir='ltr'><strong>Quum</strong></span> <span class='ocrx_word' id='word_1_51' title='bbox 1256 1231 1321 1276; x_wconf 90' lang='lat' dir='ltr'><strong>reo-</strong></span> 
     </span>
     <span class='ocr_line' id='line_1_8' title="bbox 137 1312 1320 1400; baseline 0.002 -20"><span class='ocrx_word' id='word_1_52' title='bbox 137 1318 261 1381; x_wconf 79' lang='lat' dir='ltr'><strong>tissime</strong></span> <span class='ocrx_word' id='word_1_53' title='bbox 290 1314 450 1400; x_wconf 85' lang='lat' dir='ltr'><strong>legeretur</strong></span> <span class='ocrx_word' id='word_1_54' title='bbox 481 1321 625 1391; x_wconf 78' lang='grc' dir='ltr'><strong>ΔΩΤΕ,</strong></span> <span class='ocrx_word' id='word_1_55' title='bbox 659 1333 698 1377; x_wconf 84' lang='lat' dir='ltr'><strong>er</strong></span> <span class='ocrx_word' id='word_1_56' title='bbox 728 1312 843 1379; x_wconf 83' lang='lat' dir='ltr'><strong>Oodioe</strong></span> <span class='ocrx_word' id='word_1_57' title='bbox 874 1313 897 1378; x_wconf 86' lang='grc'><strong>8</strong></span> <span class='ocrx_word' id='word_1_58' title='bbox 927 1315 1086 1382; x_wconf 90' lang='lat' dir='ltr'><strong>soloecum</strong></span> <span class='ocrx_word' id='word_1_59' title='bbox 1117 1318 1152 1391; x_wconf 78' lang='grc' dir='ltr'><strong>δη</strong></span> <span class='ocrx_word' id='word_1_60' title='bbox 1181 1315 1250 1380; x_wconf 75' lang='grc' dir='ltr'><strong>δότε</strong></span> <span class='ocrx_word' id='word_1_61' title='bbox 1272 1325 1320 1382; x_wconf 92' lang='lat' dir='ltr'><strong>est</strong></span> 
     </span>
     <span class='ocr_line' id='line_1_9' title="bbox 137 1422 361 1488; baseline -0.022 0"><span class='ocrx_word' id='word_1_62' title='bbox 137 1422 361 1488; x_wconf 86' lang='lat' dir='ltr'><strong>substitutum.</strong></span> 
     </span>
    </p>
   </div>
   <div class='ocr_carea' id='block_1_5' title="bbox 134 1640 1322 2260">
    <p class='ocr_par' dir='ltr' id='par_1_5' title="bbox 134 1640 1322 2260">
     <span class='ocr_line' id='line_1_10' title="bbox 181 1640 1321 1732; baseline 0 -21"><span class='ocrx_word' id='word_1_63' title='bbox 181 1646 261 1732; x_wconf 79' lang='lat' dir='ltr'><strong>Pag.</strong></span> <span class='ocrx_word' id='word_1_64' title='bbox 288 1641 364 1711; x_wconf 87' lang='grc'><strong>787.</strong></span> <span class='ocrx_word' id='word_1_65' title='bbox 390 1641 441 1706; x_wconf 89' lang='grc'><strong>19.</strong></span> <span class='ocrx_word' id='word_1_66' title='bbox 466 1640 584 1717; x_wconf 79' lang='grc' dir='ltr'><strong><em>ταύτην</em></strong></span> <span class='ocrx_word' id='word_1_67' title='bbox 606 1643 662 1716; x_wconf 75' lang='grc' dir='ltr'><strong>τὴν</strong></span> <span class='ocrx_word' id='word_1_68' title='bbox 684 1640 835 1721; x_wconf 74' lang='grc' dir='ltr'><strong><em>ἄνθρωπον</em></strong></span> <span class='ocrx_word' id='word_1_69' title='bbox 858 1645 913 1720; x_wconf 74' lang='grc' dir='ltr'><strong>την</strong></span> <span class='ocrx_word' id='word_1_70' title='bbox 933 1649 1050 1710; x_wconf 83' lang='grc' dir='ltr'><strong><em>τοιαῦτ’</em></strong></span> <span class='ocrx_word' id='word_1_71' title='bbox 1070 1645 1321 1726; x_wconf 67' lang='grc' dir='ltr'><strong><em>εὐεργετήσασαν</em></strong></span> 
     </span>
     <span class='ocr_line' id='line_1_11' title="bbox 136 1746 1319 1829; baseline 0.001 -13"><span class='ocrx_word' id='word_1_72' title='bbox 136 1750 289 1817; x_wconf 81' lang='grc' dir='ltr'><strong><em>αὐτὸν-</em></strong></span> <span class='ocrx_word' id='word_1_73' title='bbox 308 1746 512 1829; x_wconf 79' lang='grc' dir='ltr'><strong><em>μεμφομένην</em></strong></span> <span class='ocrx_word' id='word_1_74' title='bbox 531 1771 562 1811; x_wconf 91' lang='grc' dir='ltr'><strong>τι</strong></span> <span class='ocrx_word' id='word_1_75' title='bbox 582 1749 634 1812; x_wconf 80' lang='grc' dir='ltr'><strong><em>καί</em></strong></span> <span class='ocrx_word' id='word_1_76' title='bbox 655 1748 768 1814; x_wconf 80' lang='grc' dir='ltr'><strong><em>τούτων</em></strong></span> <span class='ocrx_word' id='word_1_77' title='bbox 785 1749 1073 1827; x_wconf 72' lang='grc' dir='ltr'><strong><em>ὑπομιμνήσκουσαν</em></strong></span> <span class='ocrx_word' id='word_1_78' title='bbox 1085 1751 1137 1814; x_wconf 75' lang='grc' dir='ltr'><strong><em>καὶ</em></strong></span> <span class='ocrx_word' id='word_1_79' title='bbox 1150 1751 1319 1829; x_wconf 72' lang='grc' dir='ltr'><strong><em>αξιοῦσΛΝ</em></strong></span> 
     </span>
     <span class='ocr_line' id='line_1_12' title="bbox 135 1852 1321 1933; baseline 0.001 -11"><span class='ocrx_word' id='word_1_80' title='bbox 135 1852 170 1922; x_wconf 80' lang='grc' dir='ltr'><strong>εὖ</strong></span> <span class='ocrx_word' id='word_1_81' title='bbox 201 1858 310 1921; x_wconf 80' lang='grc' dir='ltr'><strong><em>παθεῖν</em></strong></span> <span class='ocrx_word' id='word_1_82' title='bbox 328 1893 370 1904; x_wconf 91' lang='grc'>-</span> <span class='ocrx_word' id='word_1_83' title='bbox 389 1852 578 1933; x_wconf 73' lang='grc' dir='ltr'><strong><em>ἀπέπεμψεν</em></strong></span> <span class='ocrx_word' id='word_1_84' title='bbox 608 1853 670 1918; x_wconf 75' lang='grc' dir='ltr'><strong><em>απὸ</em></strong></span> <span class='ocrx_word' id='word_1_85' title='bbox 701 1862 756 1929; x_wconf 77' lang='grc' dir='ltr'><strong>τῆς</strong></span> <span class='ocrx_word' id='word_1_86' title='bbox 779 1857 888 1928; x_wconf 80' lang='grc' dir='ltr'><strong><em>οίκίας.</em></strong></span> <span class='ocrx_word' id='word_1_87' title='bbox 934 1855 1062 1920; x_wconf 75' lang='lat' dir='ltr'>Excidit</span> <span class='ocrx_word' id='word_1_88' title='bbox 1084 1859 1257 1922; x_wconf 86' lang='lat' dir='ltr'><strong>necessaria</strong></span> <span class='ocrx_word' id='word_1_89' title='bbox 1281 1857 1321 1923; x_wconf 86' lang='lat' dir='ltr'><strong>ad</strong></span> 
     </span>
     <span class='ocr_line' id='line_1_13' title="bbox 135 1958 1321 2047; baseline -0.001 -18"><span class='ocrx_word' id='word_1_90' title='bbox 135 1983 266 2030; x_wconf 88' lang='lat' dir='ltr'><strong>sensum</strong></span> <span class='ocrx_word' id='word_1_91' title='bbox 295 1963 483 2046; x_wconf 80' lang='lat' dir='ltr'><strong>praepositio</strong></span> <span class='ocrx_word' id='word_1_92' title='bbox 512 1958 747 2047; x_wconf 82' lang='lat' dir='ltr'><strong>legendumque</strong></span> <span class='ocrx_word' id='word_1_93' title='bbox 779 1959 925 2037; x_wconf 79' lang='grc' dir='ltr'><strong><em>ιίξιοῖισαν</em></strong></span> <span class='ocrx_word' id='word_1_94' title='bbox 949 1965 1210 2036; x_wconf 85' lang='grc' dir='ltr'><strong><em>ἈΝΤενταίεῖν,</em></strong></span> <span class='ocrx_word' id='word_1_95' title='bbox 1237 1965 1321 2047; x_wconf 92' lang='lat' dir='ltr'><strong>quod</strong></span> 
     </span>
     <span class='ocr_line' id='line_1_14' title="bbox 134 2066 1322 2156; baseline -0.003 -21"><span class='ocrx_word' id='word_1_96' title='bbox 134 2067 335 2156; x_wconf 87' lang='lat' dir='ltr'><strong>praecedenti</strong></span> <span class='ocrx_word' id='word_1_97' title='bbox 365 2066 615 2146; x_wconf 70' lang='grc' dir='ltr'><strong><em>εὐεργετήσασαν</em></strong></span> <span class='ocrx_word' id='word_1_98' title='bbox 641 2067 816 2151; x_wconf 80' lang='lat' dir='ltr'><strong>respondet.</strong></span> <span class='ocrx_word' id='word_1_99' title='bbox 862 2067 1050 2134; x_wconf 80' lang='lat' dir='ltr'><strong>Postulabat</strong></span> <span class='ocrx_word' id='word_1_100' title='bbox 1072 2066 1261 2134; x_wconf 78' lang='lat' dir='ltr'><strong>muliercula</strong></span> <span class='ocrx_word' id='word_1_101' title='bbox 1284 2073 1322 2132; x_wconf 90' lang='lat' dir='ltr'><strong>ut</strong></span> 
     </span>
     <span class='ocr_line' id='line_1_15' title="bbox 134 2171 844 2260; baseline -0.004 -19"><span class='ocrx_word' id='word_1_102' title='bbox 134 2176 199 2241; x_wconf 90' lang='lat' dir='ltr'><strong>sibi</strong></span> <span class='ocrx_word' id='word_1_103' title='bbox 219 2196 274 2258; x_wconf 73' lang='lat' dir='ltr'><strong>pro</strong></span> <span class='ocrx_word' id='word_1_104' title='bbox 297 2172 364 2236; x_wconf 77' lang='grc' dir='ltr'><strong><em>ν’ίίῖι</em></strong></span> <span class='ocrx_word' id='word_1_105' title='bbox 387 2172 501 2235; x_wconf 59' lang='lat' dir='ltr'><strong>meotis</strong></span> <span class='ocrx_word' id='word_1_106' title='bbox 523 2174 628 2260; x_wconf 81' lang='lat' dir='ltr'><strong>gratia</strong></span> <span class='ocrx_word' id='word_1_107' title='bbox 650 2171 844 2239; x_wconf 85' lang='lat' dir='ltr'><strong>redderetur.</strong></span> 
     </span>
    </p>
   </div>
   <div class='ocr_carea' id='block_1_6' title="bbox 132 2393 1322 2797">
    <p class='ocr_par' dir='ltr' id='par_1_6' title="bbox 132 2393 1322 2797">
     <span class='ocr_line' id='line_1_16' title="bbox 180 2393 1320 2484; baseline -0.001 -20"><span class='ocrx_word' id='word_1_108' title='bbox 180 2399 258 2464; x_wconf 91' lang='lat' dir='ltr'><strong>Post</strong></span> <span class='ocrx_word' id='word_1_109' title='bbox 281 2417 381 2482; x_wconf 88' lang='lat' dir='ltr'><strong>pauca</strong></span> <span class='ocrx_word' id='word_1_110' title='bbox 402 2396 441 2461; x_wconf 93' lang='lat' dir='ltr'><strong>de</strong></span> <span class='ocrx_word' id='word_1_111' title='bbox 464 2395 574 2462; x_wconf 87' lang='lat' dir='ltr'><strong>eadem</strong></span> <span class='ocrx_word' id='word_1_112' title='bbox 596 2417 630 2461; x_wconf 91' lang='lat' dir='ltr'><strong>re</strong></span> <span class='ocrx_word' id='word_1_113' title='bbox 652 2393 773 2484; x_wconf 77' lang='lat' dir='ltr'><strong>legltur</strong></span> <span class='ocrx_word' id='word_1_114' title='bbox 795 2397 946 2477; x_wconf 78' lang='grc' dir='ltr'><strong><em>ἐπέπρατ’</em></strong></span> <span class='ocrx_word' id='word_1_115' title='bbox 970 2397 1008 2462; x_wconf 85' lang='grc' dir='ltr'><strong>ῖιν</strong></span> <span class='ocrx_word' id='word_1_116' title='bbox 1028 2396 1077 2464; x_wconf 79' lang='grc' dir='ltr'><strong><em>διίι</em></strong></span> <span class='ocrx_word' id='word_1_117' title='bbox 1096 2401 1201 2462; x_wconf 81' lang='grc' dir='ltr'><strong><em>τοῦτον</em></strong></span> <span class='ocrx_word' id='word_1_118' title='bbox 1222 2393 1243 2480; x_wconf 79' lang='grc' dir='ltr'><em>ᾧ</em></span> <span class='ocrx_word' id='word_1_119' title='bbox 1264 2405 1320 2472; x_wconf 78' lang='grc' dir='ltr'><strong>της</strong></span> 
     </span>
     <span class='ocr_line' id='line_1_17' title="bbox 134 2500 1322 2583; baseline -0.002 -13"><span class='ocrx_word' id='word_1_120' title='bbox 134 2504 285 2583; x_wconf 74' lang='grc' dir='ltr'><strong><em>σωτηρίας</em></strong></span> <span class='ocrx_word' id='word_1_121' title='bbox 316 2503 396 2576; x_wconf 77' lang='grc' dir='ltr'><strong><em>αὕτη</em></strong></span> <span class='ocrx_word' id='word_1_122' title='bbox 428 2503 515 2567; x_wconf 88' lang='grc' dir='ltr'><strong><em>αίτία</em></strong></span> <span class='ocrx_word' id='word_1_123' title='bbox 547 2500 696 2580; x_wconf 74' lang='grc' dir='ltr'><strong><em>ἐγεγόνει.</em></strong></span> <span class='ocrx_word' id='word_1_124' title='bbox 742 2502 984 2570; x_wconf 81' lang='lat' dir='ltr'><strong>Incommodum</strong></span> <span class='ocrx_word' id='word_1_125' title='bbox 1016 2510 1048 2569; x_wconf 91' lang='lat' dir='ltr'><strong>et</strong></span> <span class='ocrx_word' id='word_1_126' title='bbox 1077 2504 1250 2569; x_wconf 90' lang='lat' dir='ltr'><strong>molestum</strong></span> <span class='ocrx_word' id='word_1_127' title='bbox 1274 2507 1322 2569; x_wconf 89' lang='lat' dir='ltr'><strong>est</strong></span> 
     </span>
     <span class='ocr_line' id='line_1_18' title="bbox 132 2599 1318 2693; baseline -0.004 -16"><span class='ocrx_word' id='word_1_128' title='bbox 132 2613 215 2687; x_wconf 80' lang='grc' dir='ltr'><strong><em>αὐτη</em></strong></span> <span class='ocrx_word' id='word_1_129' title='bbox 247 2611 330 2693; x_wconf 64' lang='lat' dir='ltr'><strong>ipso,</strong></span> <span class='ocrx_word' id='word_1_130' title='bbox 362 2608 416 2674; x_wconf 90' lang='lat' dir='ltr'><strong>sed</strong></span> <span class='ocrx_word' id='word_1_131' title='bbox 443 2609 571 2674; x_wconf 83' lang='lat' dir='ltr'><strong>videtur</strong></span> <span class='ocrx_word' id='word_1_132' title='bbox 600 2610 775 2693; x_wconf 79' lang='lat' dir='ltr'><strong>scripsisse,</strong></span> <span class='ocrx_word' id='word_1_133' title='bbox 813 2599 830 2682; x_wconf 71' lang='grc' dir='ltr'>ἢ</span> <span class='ocrx_word' id='word_1_134' title='bbox 860 2616 914 2682; x_wconf 77' lang='grc' dir='ltr'><strong>τῆς</strong></span> <span class='ocrx_word' id='word_1_135' title='bbox 946 2609 1094 2687; x_wconf 75' lang='grc' dir='ltr'><strong><em>σωτηρίας</em></strong></span> <span class='ocrx_word' id='word_1_136' title='bbox 1120 2610 1204 2690; x_wconf 78' lang='grc' dir='ltr'><strong><em>αὐτῷ</em></strong></span> <span class='ocrx_word' id='word_1_137' title='bbox 1229 2607 1318 2673; x_wconf 88' lang='grc' dir='ltr'><strong><em>αίτία</em></strong></span> 
     </span>
     <span class='ocr_line' id='line_1_19' title="bbox 133 2717 285 2797; baseline -0.02 -15"><span class='ocrx_word' id='word_1_138' title='bbox 133 2717 285 2797; x_wconf 73' lang='grc' dir='ltr'><strong><em>ἐγεγόνει.</em></strong></span> 
     </span>
    </p>
   </div>
   <div class='ocr_carea' id='block_1_7' title="bbox 133 2934 1319 3126">
    <p class='ocr_par' dir='ltr' id='par_1_7' title="bbox 133 2934 1319 3126">
     <span class='ocr_line' id='line_1_20' title="bbox 179 2934 1319 3028; baseline -0.004 -22"><span class='ocrx_word' id='word_1_139' title='bbox 179 2943 258 3028; x_wconf 80' lang='lat' dir='ltr'><strong>Peg.</strong></span> <span class='ocrx_word' id='word_1_140' title='bbox 286 2935 361 3004; x_wconf 92' lang='grc'><strong>788.</strong></span> <span class='ocrx_word' id='word_1_141' title='bbox 386 2934 440 3003; x_wconf 90' lang='grc'><strong>27.</strong></span> <span class='ocrx_word' id='word_1_142' title='bbox 465 2934 566 3011; x_wconf 67' lang='lat' dir='ltr'><strong>alaisa</strong></span> <span class='ocrx_word' id='word_1_143' title='bbox 590 2939 643 3001; x_wconf 87' lang='grc' dir='ltr'><strong><em>τοῖι</em></strong></span> <span class='ocrx_word' id='word_1_144' title='bbox 667 2936 701 3000; x_wconf 80' lang='grc' dir='ltr'><strong>τὸ</strong></span> <span class='ocrx_word' id='word_1_145' title='bbox 722 2943 941 3014; x_wconf 71' lang='grc' dir='ltr'><strong><em>γραμματεῖον</em></strong></span> <span class='ocrx_word' id='word_1_146' title='bbox 961 2936 1081 3016; x_wconf 83' lang='grc' dir='ltr'><strong><em>ἐρεννοῖν</em></strong></span> <span class='ocrx_word' id='word_1_147' title='bbox 1101 2936 1168 3018; x_wconf 83' lang='grc' dir='ltr'><strong><em>[καί</em></strong></span> <span class='ocrx_word' id='word_1_148' title='bbox 1189 2936 1319 3021; x_wconf 84' lang='grc' dir='ltr'><strong>ζητεῖν].</strong></span> 
     </span>
     <span class='ocr_line' id='line_1_21' title="bbox 133 3040 1319 3126; baseline -0.005 -15"><span class='ocrx_word' id='word_1_149' title='bbox 133 3052 170 3113; x_wconf 92' lang='lat' dir='ltr'><strong>In</strong></span> <span class='ocrx_word' id='word_1_150' title='bbox 202 3045 275 3111; x_wconf 89' lang='lat' dir='ltr'><strong>aliis</strong></span> <span class='ocrx_word' id='word_1_151' title='bbox 307 3045 323 3120; x_wconf 73' lang='grc' dir='ltr'><strong><em>η</em></strong></span> <span class='ocrx_word' id='word_1_152' title='bbox 356 3043 465 3124; x_wconf 83' lang='grc' dir='ltr'><strong><em>ζητεῖν.</em></strong></span> <span class='ocrx_word' id='word_1_153' title='bbox 514 3041 645 3117; x_wconf 77' lang='lat' dir='ltr'><strong>Reislrio</strong></span> <span class='ocrx_word' id='word_1_154' title='bbox 669 3047 736 3107; x_wconf 88' lang='lat' dir='ltr'><strong>erat</strong></span> <span class='ocrx_word' id='word_1_155' title='bbox 758 3041 1042 3126; x_wconf 88' lang='lat' dir='ltr'><strong>obtemperandum</strong></span> <span class='ocrx_word' id='word_1_156' title='bbox 1064 3040 1230 3108; x_wconf 87' lang='lat' dir='ltr'><strong>inficetum</strong></span> <span class='ocrx_word' id='word_1_157' title='bbox 1254 3062 1319 3107; x_wconf 91' lang='lat' dir='ltr'><strong>em·</strong></span> 
     </span>
    </p>
   </div>
   <div class='ocr_carea' id='block_1_8' title="bbox 131 3149 471 3237">
    <p class='ocr_par' dir='ltr' id='par_1_8' title="bbox 131 3149 471 3237">
     <span class='ocr_line' id='line_1_22' title="bbox 131 3149 471 3237; baseline -0.018 -18"><span class='ocrx_word' id='word_1_158' title='bbox 131 3155 243 3220; x_wconf 88' lang='lat' dir='ltr'><strong>blema</strong></span> <span class='ocrx_word' id='word_1_159' title='bbox 265 3149 471 3237; x_wconf 84' lang='lat' dir='ltr'><strong>expungenti.</strong></span> 
     </span>
    </p>
   </div>
   <div class='ocr_carea' id='block_1_9' title="bbox 131 3363 1320 3670">
    <p class='ocr_par' dir='ltr' id='par_1_9' title="bbox 131 3363 1320 3670">
     <span class='ocr_line' id='line_1_23' title="bbox 180 3363 1320 3459; baseline -0.002 -21"><span class='ocrx_word' id='word_1_160' title='bbox 180 3373 218 3438; x_wconf 90' lang='lat' dir='ltr'><strong>In</strong></span> <span class='ocrx_word' id='word_1_161' title='bbox 236 3374 355 3440; x_wconf 85' lang='lat' dir='ltr'><strong>vicinia</strong></span> <span class='ocrx_word' id='word_1_162' title='bbox 374 3393 446 3459; x_wconf 80' lang='lat' dir='ltr'><strong>pag.</strong></span> <span class='ocrx_word' id='word_1_163' title='bbox 470 3369 545 3438; x_wconf 84' lang='grc'><strong>789.</strong></span> <span class='ocrx_word' id='word_1_164' title='bbox 567 3368 599 3437; x_wconf 91' lang='lat' dir='ltr'><strong>l.</strong></span> <span class='ocrx_word' id='word_1_165' title='bbox 621 3370 674 3435; x_wconf 84' lang='grc' dir='ltr'><strong><em>καί</em></strong></span> <span class='ocrx_word' id='word_1_166' title='bbox 698 3371 782 3447; x_wconf 75' lang='grc' dir='ltr'><strong><em>μετα</em></strong></span> <span class='ocrx_word' id='word_1_167' title='bbox 802 3375 907 3435; x_wconf 81' lang='grc' dir='ltr'><strong><em>ταῦτα</em></strong></span> <span class='ocrx_word' id='word_1_168' title='bbox 926 3363 1114 3454; x_wconf 75' lang='grc' dir='ltr'><strong><em>ψηφίζονται</em></strong></span> <span class='ocrx_word' id='word_1_169' title='bbox 1135 3370 1200 3452; x_wconf 74' lang='grc' dir='ltr'><strong><em>περὶ</em></strong></span> <span class='ocrx_word' id='word_1_170' title='bbox 1224 3372 1320 3436; x_wconf 76' lang='grc' dir='ltr'><strong><em>αὐτοῦ</em></strong></span> 
     </span>
     <span class='ocr_line' id='line_1_24' title="bbox 136 3476 1320 3568; baseline -0.001 -24"><span class='ocrx_word' id='word_1_171' title='bbox 136 3480 270 3568; x_wconf 82' lang='grc' dir='ltr'><strong><em>[ταῦτα]</em></strong></span> <span class='ocrx_word' id='word_1_172' title='bbox 297 3479 321 3543; x_wconf 82' lang='grc' dir='ltr'><strong>οῖ</strong></span> <span class='ocrx_word' id='word_1_173' title='bbox 346 3478 376 3540; x_wconf 85' lang='grc' dir='ltr'><strong>ἕν</strong></span> <span class='ocrx_word' id='word_1_174' title='bbox 400 3479 440 3556; x_wconf 75' lang='grc' dir='ltr'><strong>τῷ</strong></span> <span class='ocrx_word' id='word_1_175' title='bbox 465 3476 609 3553; x_wconf 84' lang='grc' dir='ltr'><strong><em>οίκιίματι</em></strong></span> <span class='ocrx_word' id='word_1_176' title='bbox 630 3477 674 3554; x_wconf 81' lang='grc' dir='ltr'><strong>μίη</strong></span> <span class='ocrx_word' id='word_1_177' title='bbox 695 3476 804 3556; x_wconf 80' lang='grc' dir='ltr'><strong><em>πυρὸς,</em></strong></span> <span class='ocrx_word' id='word_1_178' title='bbox 826 3477 870 3553; x_wconf 73' lang='grc' dir='ltr'><strong>μη</strong></span> <span class='ocrx_word' id='word_1_179' title='bbox 890 3478 1005 3556; x_wconf 76' lang='grc' dir='ltr'><strong><em>λύχνου</em></strong></span> <span class='ocrx_word' id='word_1_180' title='bbox 1026 3476 1204 3554; x_wconf 73' lang='grc' dir='ltr'><strong><em>-μηδένα</em></strong></span> <span class='ocrx_word' id='word_1_181' title='bbox 1224 3477 1320 3560; x_wconf 81' lang='grc' dir='ltr'><strong><em>τούτῳ</em></strong></span> 
     </span>
     <span class='ocr_line' id='line_1_25' title="bbox 131 3582 1063 3670; baseline -0.003 -18"><span class='ocrx_word' id='word_1_182' title='bbox 131 3590 290 3652; x_wconf 86' lang='grc' dir='ltr'><strong><em>κοινωνεῖν.</em></strong></span> <span class='ocrx_word' id='word_1_183' title='bbox 338 3583 450 3649; x_wconf 82' lang='lat' dir='ltr'><strong>Deleto</strong></span> <span class='ocrx_word' id='word_1_184' title='bbox 473 3586 578 3648; x_wconf 83' lang='grc' dir='ltr'><strong><em>ταῦτα</em></strong></span> <span class='ocrx_word' id='word_1_185' title='bbox 602 3582 725 3668; x_wconf 88' lang='lat' dir='ltr'><strong>reliqua</strong></span> <span class='ocrx_word' id='word_1_186' title='bbox 747 3582 909 3648; x_wconf 85' lang='lat' dir='ltr'><strong>habebunt</strong></span> <span class='ocrx_word' id='word_1_187' title='bbox 932 3585 1063 3670; x_wconf 83' lang='lat' dir='ltr'><strong>optime.</strong></span> 
     </span>
    </p>
   </div>
   <div class='ocr_carea' id='block_1_10' title="bbox 87 3804 1324 4421">
    <p class='ocr_par' dir='ltr' id='par_1_10' title="bbox 87 3804 1324 4421">
     <span class='ocr_line' id='line_1_26' title="bbox 180 3804 1322 3895; baseline 0 -21"><span class='ocrx_word' id='word_1_188' title='bbox 180 3808 259 3895; x_wconf 81' lang='lat' dir='ltr'><strong>Pag.</strong></span> <span class='ocrx_word' id='word_1_189' title='bbox 288 3804 363 3875; x_wconf 88' lang='grc'><strong>789.</strong></span> <span class='ocrx_word' id='word_1_190' title='bbox 388 3805 441 3872; x_wconf 85' lang='grc'><strong>25.</strong></span> <span class='ocrx_word' id='word_1_191' title='bbox 466 3810 483 3882; x_wconf 75' lang='lat' dir='ltr'><strong>si</strong></span> <span class='ocrx_word' id='word_1_192' title='bbox 509 3810 581 3887; x_wconf 88' lang='grc' dir='ltr'><strong><em>παρ’</em></strong></span> <span class='ocrx_word' id='word_1_193' title='bbox 606 3809 692 3885; x_wconf 86' lang='grc' dir='ltr'><strong><em>ε’μΟῖ</em></strong></span> <span class='ocrx_word' id='word_1_194' title='bbox 716 3807 805 3884; x_wconf 74' lang='grc' dir='ltr'><strong><em>μόνον</em></strong></span> <span class='ocrx_word' id='word_1_195' title='bbox 826 3806 927 3874; x_wconf 81' lang='grc' dir='ltr'><strong><em>εὔνοια</em></strong></span> <span class='ocrx_word' id='word_1_196' title='bbox 945 3808 1045 3883; x_wconf 75' lang='grc' dir='ltr'><strong><em>λοιπή.</em></strong></span> <span class='ocrx_word' id='word_1_197' title='bbox 1067 3810 1133 3874; x_wconf 89' lang='lat' dir='ltr'><strong>imo</strong></span> <span class='ocrx_word' id='word_1_198' title='bbox 1154 3829 1229 3876; x_wconf 81' lang='lat' dir='ltr'><strong>vero</strong></span> <span class='ocrx_word' id='word_1_199' title='bbox 1250 3809 1322 3887; x_wconf 82' lang='grc' dir='ltr'><strong><em>παρ’</em></strong></span> 
     </span>
     <span class='ocr_line' id='line_1_27' title="bbox 132 3913 1322 3999; baseline -0.001 -18"><span class='ocrx_word' id='word_1_200' title='bbox 132 3917 229 3994; x_wconf 80' lang='grc' dir='ltr'><strong><em>ἐμοῦ,</em></strong></span> <span class='ocrx_word' id='word_1_201' title='bbox 253 3919 409 3998; x_wconf 86' lang='lat' dir='ltr'><strong>utsupra</strong></span> <span class='ocrx_word' id='word_1_202' title='bbox 432 3913 638 3978; x_wconf 80' lang='lat' dir='ltr'><strong>ostendimus,</strong></span> <span class='ocrx_word' id='word_1_203' title='bbox 666 3914 682 3987; x_wconf 79' lang='grc' dir='ltr'><strong><em>η</em></strong></span> <span class='ocrx_word' id='word_1_204' title='bbox 707 3917 780 3994; x_wconf 91' lang='grc' dir='ltr'><strong><em>παρ’</em></strong></span> <span class='ocrx_word' id='word_1_205' title='bbox 805 3915 869 3991; x_wconf 72' lang='grc' dir='ltr'><strong><em>ἐμοὶ</em></strong></span> <span class='ocrx_word' id='word_1_206' title='bbox 895 3913 993 3980; x_wconf 80' lang='grc' dir='ltr'><strong><em>εὔνοια</em></strong></span> <span class='ocrx_word' id='word_1_207' title='bbox 1016 3914 1145 3999; x_wconf 83' lang='lat' dir='ltr'><strong>perinde</strong></span> <span class='ocrx_word' id='word_1_208' title='bbox 1166 3916 1322 3980; x_wconf 85' lang='lat' dir='ltr'><strong>vitiosum</strong></span> 
     </span>
     <span class='ocr_line' id='line_1_28' title="bbox 131 4018 1324 4103; baseline -0.001 -16"><span class='ocrx_word' id='word_1_209' title='bbox 131 4026 184 4087; x_wconf 88' lang='lat' dir='ltr'><strong>est</strong></span> <span class='ocrx_word' id='word_1_210' title='bbox 208 4040 244 4084; x_wconf 89' lang='lat' dir='ltr'><strong>ao</strong></span> <span class='ocrx_word' id='word_1_211' title='bbox 267 4021 295 4083; x_wconf 90' lang='lat' dir='ltr'><strong>si</strong></span> <span class='ocrx_word' id='word_1_212' title='bbox 318 4020 389 4103; x_wconf 87' lang='lat' dir='ltr'><strong>quis</strong></span> <span class='ocrx_word' id='word_1_213' title='bbox 412 4020 429 4094; x_wconf 76' lang='lat' dir='ltr'><strong>si</strong></span> <span class='ocrx_word' id='word_1_214' title='bbox 456 4018 541 4099; x_wconf 77' lang='grc' dir='ltr'><strong><em>ταρίι</em></strong></span> <span class='ocrx_word' id='word_1_215' title='bbox 566 4026 628 4091; x_wconf 81' lang='grc' dir='ltr'><strong><em>τοῖο</em></strong></span> <span class='ocrx_word' id='word_1_216' title='bbox 653 4021 728 4092; x_wconf 74' lang='grc' dir='ltr'><strong><em>θεοῖς</em></strong></span> <span class='ocrx_word' id='word_1_217' title='bbox 751 4019 851 4085; x_wconf 82' lang='grc' dir='ltr'><strong><em>εὔνοια</em></strong></span> <span class='ocrx_word' id='word_1_218' title='bbox 875 4019 972 4086; x_wconf 86' lang='lat' dir='ltr'><strong>vellet</strong></span> <span class='ocrx_word' id='word_1_219' title='bbox 995 4021 1108 4086; x_wconf 88' lang='lat' dir='ltr'><strong>dicere.</strong></span> <span class='ocrx_word' id='word_1_220' title='bbox 1153 4019 1259 4086; x_wconf 79' lang='lat' dir='ltr'><strong>Sensit</strong></span> <span class='ocrx_word' id='word_1_221' title='bbox 1289 4024 1324 4086; x_wconf 91' lang='lat' dir='ltr'><strong>id</strong></span> 
     </span>
     <span class='ocr_line' id='line_1_29' title="bbox 87 4123 1323 4220; baseline -0.002 -26"><span class='ocrx_word' id='word_1_222' title='bbox 87 4211 92 4220; x_wconf 34' lang='grc' dir='ltr'>Ι</span> <span class='ocrx_word' id='word_1_223' title='bbox 130 4123 288 4207; x_wconf 76' lang='lat' dir='ltr'><strong>wolfius,</strong></span> <span class='ocrx_word' id='word_1_224' title='bbox 312 4126 409 4189; x_wconf 89' lang='lat' dir='ltr'><strong>sensit</strong></span> <span class='ocrx_word' id='word_1_225' title='bbox 432 4123 611 4208; x_wconf 89' lang='lat' dir='ltr'><strong>Dobraeus‚</strong></span> <span class='ocrx_word' id='word_1_226' title='bbox 636 4146 770 4210; x_wconf 91' lang='lat' dir='ltr'><strong>quorum</strong></span> <span class='ocrx_word' id='word_1_227' title='bbox 789 4132 922 4211; x_wconf 86' lang='lat' dir='ltr'><strong>uterque</strong></span> <span class='ocrx_word' id='word_1_228' title='bbox 942 4124 1016 4206; x_wconf 87' lang='grc' dir='ltr'><strong><em>παρ’</em></strong></span> <span class='ocrx_word' id='word_1_229' title='bbox 1038 4127 1112 4203; x_wconf 82' lang='grc' dir='ltr'><strong><em>ἐμοῦ</em></strong></span> <span class='ocrx_word' id='word_1_230' title='bbox 1133 4127 1323 4212; x_wconf 87' lang='lat' dir='ltr'><strong>requirebat.</strong></span> 
     </span>
     <span class='ocr_line' id='line_1_30' title="bbox 130 4228 1324 4308; baseline -0.002 -9"><span class='ocrx_word' id='word_1_231' title='bbox 130 4228 245 4299; x_wconf 87' lang='lat' dir='ltr'><strong>Wolfii</strong></span> <span class='ocrx_word' id='word_1_232' title='bbox 275 4232 488 4296; x_wconf 86' lang='lat' dir='ltr'><strong>coniecturam</strong></span> <span class='ocrx_word' id='word_1_233' title='bbox 520 4250 769 4297; x_wconf 87' lang='lat' dir='ltr'><strong>commemorans</strong></span> <span class='ocrx_word' id='word_1_234' title='bbox 801 4230 987 4297; x_wconf 81' lang='lat' dir='ltr'><strong>Sohaeferus</strong></span> <span class='ocrx_word' id='word_1_235' title='bbox 1018 4232 1147 4308; x_wconf 81' lang='lat' dir='ltr'><strong>„uellem</strong></span> <span class='ocrx_word' id='word_1_236' title='bbox 1178 4233 1324 4298; x_wconf 80' lang='grc' dir='ltr'><strong><em>ιιῖίιιείατ</em></strong></span> 
     </span>
     <span class='ocr_line' id='line_1_31' title="bbox 130 4335 1323 4421; baseline 0.001 -17"><span class='ocrx_word' id='word_1_237' title='bbox 130 4336 314 4404; x_wconf 62' lang='lat' dir='ltr'><strong>accusate</strong></span> <span class='ocrx_word' id='word_1_238' title='bbox 339 4335 504 4404; x_wconf 53' lang='lat' dir='ltr'><strong>Goeleon?</strong></span> <span class='ocrx_word' id='word_1_239' title='bbox 527 4337 641 4421; x_wconf 86' lang='lat' dir='ltr'><strong>inquit.</strong></span> <span class='ocrx_word' id='word_1_240' title='bbox 676 4336 813 4404; x_wconf 89' lang='lat' dir='ltr'><strong>Difficile</strong></span> <span class='ocrx_word' id='word_1_241' title='bbox 835 4341 883 4402; x_wconf 85' lang='lat' dir='ltr'><strong>eet</strong></span> <span class='ocrx_word' id='word_1_242' title='bbox 906 4337 946 4402; x_wconf 89' lang='lat' dir='ltr'><strong>ad</strong></span> <span class='ocrx_word' id='word_1_243' title='bbox 968 4337 1046 4403; x_wconf 86' lang='lat' dir='ltr'><strong>haec</strong></span> <span class='ocrx_word' id='word_1_244' title='bbox 1066 4358 1132 4405; x_wconf 89' lang='lat' dir='ltr'><strong>non</strong></span> <span class='ocrx_word' id='word_1_245' title='bbox 1149 4338 1323 4405; x_wconf 88' lang='lat' dir='ltr'><strong>subridere.</strong></span> 
     </span>
    </p>
   </div>
   <div class='ocr_carea' id='block_1_11' title="bbox 0 0 1552 4972">
    <p class='ocr_par' dir='ltr' id='par_1_11' title="bbox 0 0 1552 4972">
     <span class='ocr_line' id='line_1_32' title="bbox 0 0 1552 4972; baseline 0 2"><span class='ocrx_word' id='word_1_246' title='bbox 0 0 1552 4972; x_wconf 95' lang='lat' dir='ltr'><strong> </strong></span> 
     </span>
    </p>
   </div>
  </div>
 </body>
</html>
