3034 4970
791 215 857 294 212

229 413 437 482 ualevanruu
463 421 570 484 ortum
597 423 646 483 est
669 416 781 483 deinde
805 416 1013 499 εὐφημότερον
1036 409 1263 489 ammentum.
1303 413 1393 506 ltaque

229 520 325 587 nihili
355 530 404 589 est
432 521 586 610 Stephani
616 521 816 602 Μνλοεννοο,
841 529 874 589 et
899 528 1105 611 perspicuum
1127 533 1178 594 ast
1204 528 1278 594 olim
1301 527 1396 614 oppido

229 626 402 694 Μολόεντα
441 649 557 694 nomen
596 627 703 694 fuisse.
762 625 897 695 Contrua
845 635 932 695 reeta
965 632 1068 698 forma
1099 639 1231 708 Μαλοῦς
1265 635 1398 720 reperitur

230 733 315 820 apud
345 733 533 801 Strabonem
564 755 640 822 pag.
662 732 739 800 603.
786 736 928 823 Antiqua
950 738 1037 823 apud
1057 738 1316 863 Thucydidenl
1301 737 1351 804 Ill.
1373 736 1397 804 3.

229 838 260 912 ἐς
285 839 336 906 τὸν
358 840 457 907 Madd
456 863 531 906 εντοο
556 839 689 919 ἐξῆλθον.

335 1175 338 1184 γ
388 1175 391 1182 .
453 1081 681 1150 Revooandum
705 1083 741 1150 τὸ
765 1067 1076 1167 πορνογενροιροροὲνον
1092 1087 1220 1188 ’ὶῷτολι
1278 1101 1282 1105 ’
1356 1159 1359 1168 ,

275 1264 384 1328 titiam
401 1266 436 1329 in
458 1262 551 1331 libris
572 1264 804 1338 vetustie,'ubi
821 1266 857 1332 ri
881 1266 957 1333 tura
981 1270 1089 1335 vetere
1110 1287 1201 1335 more
1224 1268 1400 1355 adseriptun

232 1373 411 1453 comparet,
442 1366 606 1455 eomplura
627 1369 837 1437 voeabula'
805 1395 883 1437 νωτνο
905 1371 1107 1462 negligenter
1128 1376 1247 1442 omisso
1270 1373 1401 1442 mendosa
1506 1377 1508 1465 J

231 1483 314 1538 sunt.
362 1473 536 1561 Ittaque
498 1473 646 1542 Straboni
668 1478 789 1562 passim
810 1477 986 1546 reddendae
1009 1484 1087 1546 sunt
1104 1480 1184 1548 haee
1204 1481 1337 1550 formae

264 1579 431 1662 Ἀχελῷος.

279 1684 361 1768 tto·

274 1793 375 1878 Κῷος,
406 1792 571 1878 Μνρτῷος,
602 1795 738 1874 Γελῷος,
768 1795 921 1877 Νειλῷον,
955 1733 1121 1879 ’nepotata
1157 1798 1248 1886 (libri
1279 1800 1332 1879 οὶνρ
1333 1794 1400 1862 dion
1506 1773 1508 1822 ³

319 1918 394 1986 pag.
427 1896 518 1984 331).
550 1904 582 1965 et
611 1901 740 1967 omnino
762 1899 891 1966 nullum
915 1907 963 1967 est
981 1901 1181 1971 adieeuvun
1204 1900 1381 1972 Graeoum'
1370 1919 1400 1964 ru

231 2039 251 2054 -
265 2012 359 2069 noc
382 2005 506 2089 exiens,
530 2005 565 2069 in
589 2041 609 2056 -
624 2013 733 2072 aloc
758 2011 874 2072 exeunt
898 2009 1016 2075 omnia.
1048 2051 1050 2056 -

274 2108 385 2195 λοίδρρο.

275 2220 426 2301 Μητρῷον.

274 2323 393 2409 Mesala.

274 2430 383 2515 rate

276 2540 380 2621 νορῷροο
408 2561 483 2606 oum
514 2542 672 2627 componit
672 2541 700 2606 is
734 2539 952 2622 ἀνδροπριρροο,
988 2540 1181 2623 βούπρῳρος,
1217 2537 1402 2624 exalapato,

156 2651 167 2670 ‘
230 2643 293 2725 ὖψδ
293 2667 421 2728 apodas,
446 2650 521 2712 cett.

275 2754 390 2836 Πτῷον.

274 2860 420 2950 Taedia,

275 2970 411 3052 ὑπερῷον.

274 3075 320 3160 glai
344 3081 377 3142 et
400 3073 549 3158 ῷοτοκεῑν.

273 3179 439 3250 contrario
463 3199 567 3246 errore
589 3183 721 3266 peceant
744 3178 863 3245 scribae
887 3180 945 3246 ubi
967 3178 1123 3257 ᾰοήννοον,
1148 3178 1272 3260 didam
1294 3181 1407 3248 etaim.

229 3287 402 3365 dederunt,
427 3293 459 3353 et
482 3288 517 3352 in
540 3287 666 3352 aoristis
690 3278 774 3366 ἦνροο,
799 3282 931 3370 idaeam,
954 3285 1139 3372 reliquaque
1159 3285 1193 3352 id
1212 3307 1321 3376 genua.

272 3393 431 3480 Perpetuo
462 3393 583 3459 scribae
611 3391 782 3466 librorum,
816 3410 894 3476 quos
924 3392 1078 3458 habemus
1109 3394 1247 3478 optimos
1278 3398 1309 3460 et
1334 3391 1409 3458 anti-

228 3501 415 3590 quissimos,
436 3498 597 3572 Platonis,
617 3495 862 3572 Demosthenis,
883 3493 1056 3582 Herodoti,
1077 3496 1236 3565 adverbiis
1255 3501 1291 3564 in
1309 3481 1409 3577 -rsoo

228 3610 261 3672 et
293 3603 410 3669 -rairco
440 3607 587 3690 ineptum
618 3605 695 3668 ἱῶτοο
726 3603 840 3668 addere
872 3601 991 3681 solent,
1020 3602 1167 3684 οξνοτέρων
1192 3605 1361 3671 scribentes
1382 3606 1412 3667 at

228 3707 388 3776 νὶνωτοὲτων
412 3711 623 3795 similiterque
646 3709 680 3774 in
703 3711 835 3775 caderis
855 3709 1018 3775 omnibus.
1063 3709 1154 3774 Idem
1173 3710 1326 3775 mendum
1350 3730 1411 3773 οονν

227 3821 342 3882 stanter
365 3821 494 3901 apparet
519 3817 554 3880 in
577 3814 741 3881 Strabonis
764 3813 885 3899 optimo
908 3815 954 3878 A:
979 3813 1019 3881 ad
1041 3834 1116 3902 pag.
1141 3813 1161 3880 9
1186 3820 1314 3882 annotat
1336 3815 1413 3881 Kra

227 3937 353 3989 marus:
386 3920 578 4002 »ἐγγύτερον
606 3921 635 3986 Α
658 3927 686 3986 ei
707 3921 752 3984 aio
774 3915 959 3984 conataatefl'
982 3923 1015 3985 et
1036 3920 1220 3986 iterumad
1240 3925 1313 4009 pag.
1338 3917 1412 3987 289.

219 4025 430 4108 ..ἐγγυτάτω
453 4027 482 4092 Α
504 4048 540 4090 oo
560 4027 605 4090 aio
621 4023 825 4112 pleramqua.”
859 4023 944 4106 Quid
966 4029 1071 4112 potest
1093 4045 1168 4092 osso·
1182 4025 1243 4092 heo
1261 4028 1414 4114 scriptura

225 4129 384 4219 ineptius?
403 4128 483 4197 'Sed
512 4129 638 4197 librarii
665 4133 860 4197 imbiberant
889 4130 989 4196 semel
1011 4130 1092 4198 hano
1115 4133 1262 4218 opionem
1283 4153 1414 4221 eamque

224 4243 260 4306 in
283 4237 446 4305 scribendo
470 4238 692 4323 sequebantur.

271 4344 321 4412 Ad
343 4346 430 4410 idem
454 4363 555 4431 genus
578 4343 733 4410 uitiorum
756 4343 956 4410 referendum
981 4342 1098 4428 estid,
1118 4343 1254 4429 quodin
1267 4353 1414 4414 Afflzo·
