3026 4970
639 273 703 344 339

88 461 157 527 Vera
182 461 276 528 lectio
308 467 356 528 est
378 464 463 550 apud
487 463 736 532 Demosthenem
759 488 832 554 pag.
862 463 959 532 1385.
985 464 1017 530 2.
1041 463 1086 531 θτι
1100 505 1141 516 -
1156 463 1264 549 οίλρίοις

89 569 231 647 -ίερεῖον
263 565 383 646 ἔθυσεν,
415 569 473 634 ubi
496 568 527 635 S.
552 586 675 636 αλαιοισ
699 577 822 656 servat,
847 567 961 638 caeteri
987 571 1062 636 οίλῶι
1087 567 1144 638 οίσ.
1192 573 1265 638 Non

87 672 294 760 intelligebant
318 675 395 760 quid
418 679 500 740 esset
524 685 721 741 AAfflOlc.
762 675 879 743 Sedulo
903 677 1073 742 admonent
1096 675 1264 744 Gramma-

88 779 135 842 tici
162 782 242 866 apud
273 779 452 845 Homerum
486 789 655 846 AAfflAC
689 783 743 848 σὺν
774 785 815 864 τῷ
848 793 861 847 1
892 783 1093 848 scribendum
1122 793 1160 848 E.
1185 781 1263 848 499.

87 882 213 970 lltymol.
237 885 284 950 M.
312 884 365 952 74.
390 885 444 950 22.
468 887 523 952 sed
546 887 691 954 Hditores
715 909 778 954 non
801 889 945 954 audiunt.

125 999 229 1056 ΘΩΙΗ
259 1012 323 1057 non
353 993 431 1069 θωη,
463 998 495 1058 et
525 994 619 1071 οὶθῷος
650 1015 714 1060 non
736 995 828 1067 οίθῶος
853 1015 920 1060 esse
944 992 1103 1060 Graecum
1126 993 1202 1058 audi
1225 1014 1264 1058 ex

87 1093 266 1186 lltymologo
301 1098 348 1163 M.
384 1121 415 1166 v.
451 1099 611 1178 Ἀθῷοςτ
637 1137 680 1148 -
704 1099 773 1181 ἔχει
805 1101 835 1166 δὲ
868 1100 903 1164 τὸ
935 1109 949 1165 I
983 1101 1016 1164 ἐκ
1047 1097 1262 1182 παραδόσεως,

88 1200 178 1278 ἐπειδη
202 1202 318 1284 είρηται
343 1204 433 1278 θινίη
458 1206 497 1272 νίς
522 1207 596 1284 παρ’
619 1205 815 1287 Ἀρχιλόχῳ·

432 1313 471 1380 ὥς
496 1309 520 1374 δ’
545 1309 584 1374 σίν
608 1335 643 1374 σε
666 1311 758 1386 θωίη
782 1309 889 1388 λιίβοι.

124 1413 229 1502 Itaque
252 1416 394 1482 Homero
416 1415 589 1481 reddamus
611 1425 651 1481 N.
679 1415 755 1481 669.

232 1523 272 1604 τῷ
296 1522 322 1604 ῥ’
345 1518 418 1600 σ’ίμοι
440 1520 470 1585 τ’
493 1519 652 1602 οίργαλέην
677 1522 750 1603 θῳίην
774 1519 909 1588 οίλίεινεν
935 1521 1085 1601 Ἀχαιῶν.

87 1629 113 1690 ct
132 1626 163 1703 θ.
190 1625 266 1694 191.

387 1736 433 1800 σοί
457 1736 506 1809 δὲ,
533 1735 636 1816 γέρον,
662 1738 735 1818 θῳίιν
759 1735 951 1812 ἐπιθήσομεν.

122 1840 254 1906 Fallitur
284 1840 464 1927 Stephanus
491 1864 523 1909 v.
548 1843 649 1914 Ἄθως
681 1844 834 1910 scribens:
867 1842 900 1906 πθ
936 1839 1059 1904 τοπικθν
1089 1839 1261 1906 ἊΘΩΟΟ

85 1945 166 2024 χωρίς
198 1951 252 2012 τοῦ
285 1957 297 2010 1
322 1985 368 1997 -
390 1946 426 2010 τὸ
458 1948 489 2012 δὲ
522 1948 629 2023 δηλοῦν
654 1949 688 2013 πθ
713 1947 841 2028 οίζνίμιον
865 1949 1111 2027 προπερισπῖιται
1135 1945 1187 2012 καί
1213 1946 1262 2012 διὰ

85 2055 130 2114 τοῦ
158 2062 170 2115 1
203 2050 390 2141 (γροίΦεται)
425 2055 459 2118 ἐκ
490 2062 545 2127 τῆς
579 2056 663 2134 θῳιῑς.
710 2053 848 2118 Nullum
884 2059 931 2118 est
966 2054 1052 2118 enim
1086 2074 1202 2118 nomon
1230 2055 1265 2116 in

87 2193 121 2202 —
135 2166 224 2222 noc
255 2161 377 2235 exiens,
410 2164 448 2222 ut
478 2159 573 2224 modo
605 2159 765 2242 diximus,
798 2165 830 2223 et
853 2159 936 2245 apud
959 2158 1139 2224 Homerum
1161 2161 1264 2246 igitur

86 2270 117 2324 T.
148 2263 198 2328 11.
231 2263 355 2345 πρθτῳοι
379 2265 613 2331 emendandum
638 2270 670 2331 et
695 2276 741 2330 Ω.
766 2264 842 2330 238.
867 2264 998 2347 προτρίον
1023 2270 1055 2330 et
1078 2268 1149 2330 sim.
1175 2265 1263 2330 alibi.

84 2365 172 2435 Recte
204 2371 309 2436 editur
340 2371 448 2452 κιλῳθν
481 2381 518 2436 A.
555 2369 631 2436 575.
667 2378 698 2436 et
730 2369 845 2451 ἐκολῴα
878 2383 909 2434 Β.
936 2368 1012 2438 212.
1038 2371 1091 2436 sed
1114 2371 1264 2438 mendose

85 2477 159 2558 apud
181 2476 402 2564 Hesychium:
428 2477 511 2552 θοηε
536 2476 633 2558 ζημία
648 2517 689 2526 -
704 2473 767 2542 ίθεν
789 2477 803 2541 ὂ
827 2475 955 2557 οίζιίμιος
988 2479 1119 2549 οίθῶος.

515 2725 622 2782 hoel
636 2754 677 2765 -
693 2724 824 2780 holel.

122 2896 211 2965 snas.
235 2909 274 2965 κ.
301 2866 376 2964 129.

777 3006 812 3070 αί
835 3005 868 3072 κε’
893 3007 961 3070 ποθι
983 3005 1058 3078 Ζεθς

278 3121 401 3178 ΔΩΙΟΙ
425 3111 514 3178 πόλιν
537 3114 641 3192 Τρῳην
666 3113 824 3192 εὐτείχεον
847 3110 1062 3190 ἐξαλαπάξαι.

123 3215 226 3283 Sohol.
257 3220 292 3282 in
315 3228 354 3283 A.
380 3217 493 3291 Ζκίίλος
517 3218 530 3282 ὁ
554 3220 790 3298 Ἀμφιπολίτης
816 3218 865 3282 καί
890 3217 1065 3298 Χρύσιππος
1090 3217 1104 3282 θ
1130 3218 1263 3292 Στωϊκὸς

83 3322 250 3404 σολοικίζειν
278 3323 389 3389 οίονπαι
415 3325 465 3388 τὸν
489 3325 614 3398 ποιητὴν
638 3322 706 3387 οίντί
733 3324 828 3388 ἑνικοῦ
853 3323 1044 3404 πληθυντικῷ
1068 3321 1263 3403 χρησοίμενον

83 3428 201 3504 ῥήματι.
226 3431 259 3494 τὸ
284 3430 347 3510 γὰρ
369 3438 475 3494 ΔΩΕΙ
496 3428 578 3510 φασί
600 3428 810 3503 πληθυντικόν.
845 3427 1078 3494 Perabsurdam
1097 3429 1177 3494 huno
1197 3432 1262 3514 opi·

81 3534 201 3598 nionem
234 3534 322 3600 facili
352 3537 481 3621 negotio
512 3535 714 3599 Aristarchus
744 3534 863 3599 refutat
893 3534 1006 3600 docens
1030 3530 1074 3598 ίτι
1099 3533 1133 3597 τί
1158 3544 1171 3598 1
1197 3533 1264 3614 ἔχει

83 3642 288 3718 προσκείμενον
312 3645 344 3704 et
367 3660 552 3725 comparans
576 3648 720 3705 <l>HICIN
746 3641 922 3706 ἐλεύσεσθαι
949 3639 1113 3727 Odyssea.
1135 3638 1210 3705 168.
1231 3646 1264 3707 et

209 3745 309 3812 είσθκε
333 3769 383 3821 μοι
408 3744 502 3823 μοίλοι
525 3743 632 3810 ποίντα
656 3746 759 3826 πατηρ
783 3747 1004 3811 οίποΔΩΙΟΙΝ
1028 3743 1125 3810 ἔεδνα.

124 3849 234 3939 Odyss.
265 3851 290 3915 θ.
316 3848 391 3915 318.
438 3850 649 3917 Manifestum
673 3857 781 3918 autem
805 3857 853 3918 est
875 3854 910 3916 in
932 3850 1014 3918 Zoili
1036 3857 1069 3917 et
1092 3849 1265 3942 Chrysippi

79 3953 168 4021 libris
187 3956 221 4022 τὸ
245 3955 543 4038 προσγεγραμμένον
565 3959 641 4022 ίῶτα
665 3958 762 4023 firisse
789 3961 954 4024 omissum.
1002 3957 1106 4038 Quam
1129 3959 1264 4044 proclivi

81 4080 178 4127 errore
206 4062 286 4128 tales
317 4064 491 4149 scripturae
523 4066 679 4129 vitientur
709 4070 899 4151 argumento
929 4068 1003 4128 sunt
1032 4063 1084 4128 illi
1113 4065 1175 4148 ipsi
1201 4064 1265 4130 loci

80 4169 191 4250 quihus
223 4169 425 4236 Aristarchus
457 4189 535 4234 usus
570 4175 627 4234 est.
674 4169 711 4234 In
747 4168 859 4255 Odyss.
898 4193 930 4233 α.
968 4158 1034 4233 168
1064 4191 1159 4232 omnes
1186 4169 1263 4235 libri

61 4257 225 4340 'exhibent
256 4273 350 4356 Φησίν
376 4279 432 4339 aut
454 4274 568 4358 φησει,
592 4295 666 4340 vera
688 4275 784 4340 lectio
806 4278 841 4338 in
864 4274 1042 4339 Aristarchi
1063 4277 1264 4341 annotatione

81 4379 204 4444 tantum
233 4385 358 4448 serrata
386 4385 443 4446 est.
491 4379 649 4446 Similiter
679 4379 792 4467 Odyss.
826 4381 839 4445 θ
872 4379 947 4446 318.
979 4379 1087 4446 nullus
1113 4385 1161 4446 est
1183 4380 1264 4446 liber
