3026 4970
782 207 848 284 300

211 408 314 491 γῇθεν,
352 405 494 487 γεγόνει,
531 403 645 478 δεδῇεν.
684 405 871 481 εἰληλούθει,
908 403 1061 487 εεεόργει,
1098 406 1240 486 rescisset,
1276 401 1386 484 ὂλόλει,

211 517 345 593 ὀπώπεε,
367 517 462 595 ὀρώρει
482 517 540 578 000.
574 510 686 577 Solum
706 512 795 594 εῇδεοο
815 516 948 598 putatur
966 513 1082 579 habere
1105 515 1185 596 εῇδΗ
1210 535 1267 599 pro
1289 514 1388 596 εῇδΕΙ,

211 627 278 689 sine
308 623 397 710 lege,
429 622 496 686 sine
523 639 628 693 more,
661 622 770 683 eontra
797 617 979 706 analogiam
1003 622 1165 684 elusum.
1212 618 1287 684 Sine
1309 619 1391 685 offen·

211 733 298 795 sione
320 729 434 816 legunt
457 746 567 791 omnes
590 733 632 789 N.
658 721 733 788 355.

347 833 437 898 οὶλλοδ
462 833 538 904 Ζεὺς
563 827 703 911 πρότερος
728 829 866 907 γεγόνΕΙ
891 831 943 894 usi
968 831 1096 897 πλεόονοο
1121 831 1214 913 οῇδΗ.

212 924 303 1028 suasi
324 961 387 1005 non
409 943 583 1023 utrumque
605 935 730 1014 γεγόνει
753 941 786 1001 00
808 936 884 1019 εῇδεε
907 938 1049 1003 eiusdem
1068 936 1163 1022 plane
1182 937 1302 1003 formae
1321 942 1392 1002 esset

211 1053 244 1114 00
274 1046 447 1133 analogiae.
495 1043 611 1108 Forma
641 1041 746 1108 soluta
775 1042 857 1124 εῇδεε
891 1042 985 1132 (ᾔδεε)
1014 1042 1178 1109 nonnullis
1208 1042 1285 1109 loeis
1314 1042 1392 1108 salva
1504 1049 1505 1052 ’

212 1154 332 1228 evasit,
356 1156 394 1214 ut
418 1160 451 1214 B.
476 1147 553 1213 409.

349 1253 437 1336 ᾔδεε
469 1253 532 1334 γθορ
556 1251 641 1317 κοντοὶ
665 1251 756 1330 θυμὸν
779 1253 933 1335 οέδελΦεὸν
957 1256 997 1328 ὡς
1020 1255 1167 1320 ἐπονεῖτο.

212 1367 245 1428 00
266 1371 300 1424 Β.
324 1358 401 1425 832.
426 1364 458 1424 00
481 1368 522 1424 Α.
548 1357 624 1423 330.

349 1465 438 1548 ᾔδεε
467 1463 662 1542 μαντοσύνας
686 1465 751 1530 οὐδὲ
774 1461 823 1538 οὓς
845 1467 961 1538 παῖδας
985 1463 1106 1531 ἕνεκεν.

212 1577 244 1639 00
266 1584 300 1638 P.
325 1570 399 1636 402.

348 1678 409 1744 οὐδ’
432 1677 494 1758 ἄρον
519 1675 565 1742 πώ
589 1700 620 1742 τι
647 1676 783 1742 Ἤνδεε
812 1676 989 1759 Πάτροκλον
1010 1677 1190 1752 τεθνηκόποο.

212 1789 244 1850 00
266 1785 356 1851 alibi.
406 1784 604 1870 Suspiciosus
625 1783 714 1848 loeus
738 1787 786 1848 est
808 1789 845 1865 ψ.
869 1783 925 1851 29.

348 1890 543 1972 Τηλέμαχος
567 1890 592 1954 δ’
616 1887 679 1970 ἄρον
702 1912 755 1966 μιν
779 1890 881 1954 πόλον
909 1891 993 1973 ᾔδεεν
1017 1889 1096 1956 ἔνδον
1120 1890 1221 1956 ἐόντον.

211 2018 348 2082 namque
370 1997 433 2062 loci
456 2017 564 2075 omnes
582 1996 639 2060 ubi
657 1997 871 2060 necessarium
891 2004 918 2062 F
937 1999 1091 2062 omissum
1113 2001 1161 2061 est
1185 1985 1310 2062 su'mmo
1331 1998 1393 2059 iure

212 2108 268 2166 aut
288 2104 428 2186 corrupti
448 2108 504 2167 aut
523 2122 541 2166 a
561 2101 780 2173 dissuescere
801 2101 984 2187 interpolati
1002 2116 1069 2167 esse
1084 2102 1277 2168 iudicantur.
1307 2099 1392 2169 Ἑοῖδο

212 2207 422 2274 Homericum
452 2212 516 2292 est,
546 2228 610 2273 non
641 2203 727 2273 οῙδοοτ
755 2209 863 2293 itaque
886 2213 918 2273 et
940 2208 1039 2290 εῇδεεν
1061 2228 1125 2272 non
1150 2209 1246 2291 ᾔδεεν.
1292 2209 1393 2292 ltaque
1498 2175 1501 2260 0

212 2313 414 2385 scribendum
437 2324 471 2379 B.
496 2311 549 2378 38.

350 2421 452 2494 νῇπνοο
475 2419 540 2484 οὐδὲ
563 2418 606 2485 τόν
628 2419 703 2501 εῇδε’
726 2416 748 2486 όό
772 2423 809 2501 ,ia
834 2419 911 2492 Ζεὺς
934 2421 1051 2498 μῇδετο
1075 2421 1180 2501 εέργοε.

212 2547 269 2612 pro
298 2524 341 2592 τόν
373 2524 452 2606 εῇδη.
483 2529 516 2590 00
545 2535 578 2588 Β.
610 2522 687 2590 409.
717 2524 799 2607 εῇδεε
831 2525 894 2607 γὰρ
924 2526 1010 2592 aava
1041 2526 1151 2605 θυμόν,
1185 2548 1242 2613 pro
1265 2529 1343 2610 εῇδη.
1365 2529 1392 2590 00
1495 2523 1497 2591 ζ

213 2641 256 2697 Α.
280 2630 356 2698 741.
745 2663 747 2667 ·

302 2757 304 2762 ·
349 2731 366 2812 ᾔ
391 2734 469 2802 τόσον
493 2735 652 2817 Φόρμοοκοο
676 2735 751 2818 feld?
776 2734 833 2802 όσοο
857 2735 962 2818 τρέφεν
987 2739 1090 2818 εὐρεῖοο
1113 2737 1207 2818 χθών.

212 2865 269 2930 pro
291 2843 360 2927 εῇδη
384 2839 451 2909 ἴσον.
475 2849 508 2910 00
531 2854 567 2909 Τ.
595 2842 672 2908 466.

348 2952 450 3026 νῇπνος
475 2949 541 3016 οὐδὲ
564 2950 599 3014 τό
622 2952 699 3033 feld?
723 2946 792 3016 0-οο
816 2949 977 3014 πεότεσόοοο
1002 2945 1146 3027 ἔμελλεν.

212 3075 269 3142 pro
291 3055 360 3139 εῇδη
384 3052 406 3120 i.
434 3062 465 3122 et
490 3067 527 3122 Σ.
553 3057 629 3121 404.

349 3161 415 3228 οὐδὲ
438 3187 485 3237 τις
508 3159 604 3235 ἄλλος

348 3269 446 3352 εῇδεεν
470 3267 539 3334 οὔτε
564 3269 633 3332 θεῶν
656 3267 725 3334 οότε
749 3268 860 3341 θνητῶν
884 3267 1051 3346 ἀνθρώπων.

212 3396 269 3462 pro
298 3376 409 3457 εῇδεον,
442 3377 517 3460 quia
546 3373 707 3439 Homerus
737 3376 771 3438 in
797 3376 902 3458 prima
925 3374 1104 3438 hexametri
1128 3374 1202 3440 sede
1225 3375 1279 3439 uhi
1301 3373 1397 3438 libera

213 3485 299 3567 optio
331 3487 379 3547 est
410 3479 576 3566 dactylum
606 3483 709 3562 magis
739 3486 827 3546 amat
858 3501 953 3565 quam
985 3481 1180 3566 spondeum,
1206 3481 1306 3547 veluti
1329 3481 1396 3562 ᾔτεε
1501 3486 1503 3527 t

212 3609 269 3675 pro
293 3589 357 3671 ᾔτεε
382 3591 415 3652 00
438 3589 510 3651 sim.
535 3590 568 3652 00
589 3586 627 3663 β.
654 3585 731 3652 122.

348 3691 431 3758 τοόονν
454 3692 536 3764 οὔτις
560 3692 650 3766 iunia
673 3693 813 3769 νοῇμοοτοο
837 3692 1027 3774 Πηνελοπεόη

349 3799 443 3882 εῇδέ,
466 3800 548 3879 sirico
572 3799 629 3876 μὲν
652 3803 741 3864 τοῦτο
765 3800 829 3863 κτὲ.

212 3926 269 3992 pro
295 3905 364 3988 εῇδη
388 3907 480 3984 viratu
528 3904 666 3970 Omnino
690 3907 776 3970 enim
799 3904 901 3969 forma
924 3903 993 3986 εῇδη
1018 3909 1051 3969 00
1075 3904 1115 3970 ab
1138 3904 1307 3971 Homerico
1333 3926 1400 3970 oon·

213 4013 311 4078 stanti
333 4032 393 4077 usu
417 4013 564 4077 abhorret
585 4017 615 4076 et
639 4013 678 4077 ab
703 4010 849 4098 analogia
873 4011 1087 4098 redarguitur.
1112 4011 1162 4076 Ex
1176 4051 1217 4061 —
1233 4022 1284 4076 ΕΑ
1300 4014 1401 4077 nasci·

212 4125 320 4204 000-
336 4126 378 4202 H,
410 4123 447 4181 ut
476 4120 511 4182 in
541 4118 657 4182 Atticis
688 4115 836 4190 ἐπεπόνθη
847 4163 855 4194 ,
880 4117 1029 4194 ε’κεχῇνη,
1054 4117 1241 4198 ἐπεποοῇκη,
1265 4118 1317 4199 ᾔδη
1344 4123 1400 4183 eto.

212 4225 268 4293 sed
298 4246 336 4291 ex
349 4263 390 4273 -
406 4233 457 4288 ee
487 4227 663 4289 necessario
676 4261 717 4272 -
733 4233 771 4288 el
798 4224 940 4288 nascitur
965 4223 1096 4307 perinde
1120 4225 1205 4309 apud
1226 4222 1400 4290 Homerum

211 4331 439 4404 Atheniensem
464 4334 496 4395 00
515 4330 599 4414 apud
618 4328 753 4394 Homeri
772 4330 856 4394 sivos
871 4331 1054 4416 posterioris
1077 4332 1192 4397 aetatis
1216 4328 1400 4418 Sophoclem
