3096 4972
686 232 750 310 537

132 423 165 492 In
193 421 214 494 S
243 451 271 496 a.
302 445 350 517 pr.
371 449 417 496 m.
447 433 495 496 est
525 428 563 494 ἂν
587 429 652 506 ἐμοὶ
676 432 721 508 μή
747 428 909 507 πείθησθε,
935 433 967 494 et
990 431 1035 508 μή
1059 435 1092 496 in
1115 427 1228 496 multis
1251 449 1313 495 non

132 533 253 621 legitur.
301 537 373 602 Non
397 541 444 602 est
466 534 681 601 Demosthene
705 535 841 622 dignum
864 537 898 598 in
922 534 980 600 tali
1000 559 1034 602 re
1054 537 1174 602 dicere:
1194 536 1315 600 etmihi

130 663 185 704 οοιι
215 643 354 726 eraditis,
387 647 419 706 et
450 643 578 706 omnino
604 661 666 706 non
690 646 757 707 erat
779 662 828 706 res
851 642 1004 729 ambigua
1027 643 1066 708 de
1088 663 1150 728 qua
1173 642 1315 707 dubitari

47 805 49 808 .
129 753 238 833 posset.
284 747 405 814 Verum
437 768 504 813 esse
535 748 671 813 arbitror
699 745 738 811 θον
763 744 828 824 ἐμοὶ
854 747 977 823 πῖθνρσθε
1002 769 1100 834 eaque
1122 744 1219 814 verba
1241 751 1313 834 post

130 854 292 920 Ποτίδαιαν
316 854 544 935 προσαφείλετο
568 856 612 918 sic
636 852 866 938 transponenda
890 875 956 919 esse
979 860 1016 919 nt
1039 859 1124 920 arcte
1147 855 1314 919 coniuncta

128 980 187 1026 non
217 961 424 1026 dirimantur:
457 958 496 1024 θον
527 959 592 1037 ἐμοὶ
622 959 747 1032 πίθησθε
779 959 893 1033 ε’κεῖνήν
924 961 978 1034 τήν
1010 958 1093 1028 πθςιν
1125 958 1311 1038 βουλήσεσθ’

128 1063 208 1148 ἔχειν
231 1068 294 1131 κτὲ.
321 1070 359 1132 ut
381 1068 415 1135 in
438 1067 556 1131 vicinia
578 1085 652 1151 pag.
680 1062 756 1129 659.
782 1063 834 1129 14.
860 1063 899 1129 θον
923 1065 988 1143 ἐμοὶ
1009 1067 1124 1147 χρῆσθε
1144 1064 1312 1148 συμβούλῳ

127 1171 285 1254 φυλάξετε
308 1173 363 1245 τήν
387 1171 481 1241 πθςιν.
506 1177 538 1237 et
560 1177 634 1258 pagi
660 1167 737 1236 667.
762 1168 816 1235 20.
842 1171 892 1235 ἐπὶ
916 1173 1024 1237 τούτου
1050 1172 1103 1237 εὀδν
1125 1172 1189 1250 ἐμοὶ
1211 1170 1312 1246 πείθη-

126 1280 176 1343 σθε
206 1280 283 1366 (leg.
318 1277 456 1366 τῖθήοθε)
489 1274 687 1360 φυλάξεσθε,
721 1282 752 1343 et
783 1279 902 1363 passim
932 1277 1010 1343 alibi
1041 1298 1077 1344 eo
1111 1299 1203 1344 sensu
1239 1298 1313 1342 enm

126 1385 230 1450 futuro
255 1391 398 1472 tempore
423 1386 624 1470 componitur
648 1384 701 1448 ε’θιν
726 1389 918 1464 σωφρονῆτε,
943 1384 1026 1465 εἴπερ
1050 1380 1083 1449 εὖ
1104 1390 1260 1466 φρονεῖτε,
1282 1387 1314 1448 et

126 1494 193 1556 sim.
219 1511 301 1577 quae
324 1513 363 1556 ex
385 1493 455 1577 ipsa
476 1492 524 1556 rei
546 1495 661 1555 natura
683 1491 859 1554 arctissime
882 1491 1034 1576 coniungi
1057 1489 1168 1555 solent.

164 1699 245 1787 Peg.
272 1697 347 1765 659.
373 1699 404 1765 9.
427 1698 610 1765 luculentus
632 1697 721 1763 locus
743 1667 851 1784 inepto
875 1697 1067 1764 emblemate
1090 1700 1225 1764 vitiatus
1248 1703 1308 1764 est.

123 1805 272 1894 Legitur:
306 1806 358 1870 κα)
392 1808 455 1884 γὰρ
485 1806 595 1870 ἐκεῖνον
629 1803 870 1890 (Philocratem)
902 1803 1001 1883 φασὶν
1034 1803 1258 1882 ἐξαπατώντων
1281 1829 1311 1870 τι

123 1919 178 1977 τῶν
210 1909 463 1989 Λακεδαιμονίαν
494 1909 546 1976 καὶ
579 1908 789 1990 προτεινόντων
812 1910 897 1978 πθςιν
922 1906 1025 1984 ήντινα
1049 1909 1199 1987 βούλεται
1224 1925 1311 1987 λαμ-

15 2101 16 2108 ¹
123 2016 248 2102 βθνειν,
272 2019 368 2082 εἰπεῖν
392 2015 438 2083 θ’τι
461 2017 546 2086 alsa
570 2016 608 2082 θον
629 2015 724 2081 οἴεται
749 2015 890 2095 γενέσθαι
915 2015 1008 2094 μθνήν
1032 2017 1057 2081 εἰ
1082 2015 1211 2096 δείξειαν
1231 2011 1310 2088 ὅπως

122 2123 159 2191 θον
182 2125 300 2200 ἀδικεῖν
322 2124 495 2202 βούλωνται
520 2124 564 2200 μή
589 2122 783 2198 δυνήσονται,
810 2123 875 2186 ε’πεδ
901 2117 946 2187 ὅτι
970 2120 1003 2201 γ’
1027 2121 1074 2186 olel
1105 2120 1310 2200 βουλήσονται

122 2227 153 2296 εὖ
184 2228 307 2297 εἰδέναι.
339 2226 408 2312 [ἕως
440 2228 478 2295 θον
510 2226 558 2294 οὖν
587 2228 733 2294 δύνωνται
759 2230 842 2296 σι’ςιν
867 2230 919 2294 οὐκ
940 2224 1042 2312 εἷναι].
1066 2227 1192 2294 Ultima
1214 2229 1311 2295 verba

121 2340 187 2402 tam
209 2341 319 2422 inepte
342 2336 523 2415 abundant,
547 2339 585 2400 nt
608 2356 627 2400 a
649 2335 792 2421 quolibet
814 2338 922 2420 potius
942 2356 1039 2420 quem
1060 2356 1078 2400 a
1096 2334 1310 2401 Demosthene

120 2443 242 2508 adiecta
266 2463 333 2508 esse
356 2442 536 2508 videantur.

162 2550 258 2615 Nunc
289 2549 374 2633 apud
404 2547 585 2615 Dobraeum
614 2550 707 2616 video
731 2551 892 2615 annotari:
919 2548 1037 2626 „Debeo
1061 2545 1115 2620 ἕως
1139 2555 1193 2612 ete.
1220 2569 1311 2632 ταρυο

119 2656 159 2718 od
181 2651 292 2720 εἷναι.”

161 2863 245 2951 Pag.
279 2862 355 2929 661.
388 2862 420 2930 9.
452 2866 478 2930 εἰ
511 2865 542 2930 δὲ
570 2865 612 2946 rol
637 2865 693 2944 μὲν
717 2873 779 2938 τοῖς
803 2865 829 2930 δ’
854 2861 902 2940 οὔ,
926 2861 1049 2936 δικαίας
1074 2861 1311 2939 ἕνκαλΕΟουσιν

116 2973 142 3035 οῖ
166 2971 213 3049 μή
238 2970 399 3050 τυχόντες.
446 2971 512 3037 Diu
535 2977 603 3057 post
628 2971 854 3036 Demosthenis
877 2973 1014 3034 mortem
1037 2971 1114 3033 nata
1138 2972 1186 3034 est
1210 2969 1313 3036 forma

115 3075 291 3155 ἐγκαλέσαι.
339 3075 467 3164 Repone
491 3078 688 3156 ἐγκαλοῦσιν,
735 3077 849 3144 Evasit
871 3075 1043 3163 διαβιβᾶτε
1061 3094 1136 3160 pag.
1158 3072 1235 3142 672.
1257 3075 1310 3141 13.

159 3284 245 3372 Pagi
270 3284 346 3352 661.
372 3286 426 3352 14.
453 3286 504 3351 καὶ
531 3287 563 3352 σι’
584 3283 744 3371 Φήσομεν,
768 3282 790 3362 ὦ
815 3284 920 3366 ἄνδρες
946 3283 1115 3360 Ἀθηναῖοι,
1141 3287 1261 3371 [καλὸν]
1279 3287 1324 3352 εἰ·

118 3398 178 3457 τῶν
214 3392 368 3469 Ἐλλήνων
401 3392 451 3457 ἐπ’
480 3392 633 3474 ἐλευθερία
657 3390 821 3473 προεςθναι
845 3390 1021 3471 φάσκοντες
1045 3389 1115 3464 τοὺς
1139 3391 1201 3476 ἰδία
1225 3390 1313 3457 δυνιὶ-

114 3523 186 3576 μεις
220 3498 270 3562 ἐπὶ
304 3506 367 3571 τοῖς
395 3499 524 3572 πλήθεσι
549 3497 750 3575 κεκτημένους
775 3498 1005 3580 δορυφοροῦντες
1029 3495 1229 3576 φανούμεθα;
1275 3498 1313 3563 In

114 3605 266 3692 margine
285 3604 384 3694 lector
403 3605 519 3690 aliquis
535 3604 785 3671 admirabundus
797 3604 963 3688 adscripsit
975 3600 1079 3670 καλθν.
1103 3602 1230 3670 Habeat
1241 3604 1313 3669 sibi.

162 3811 246 3899 Pag.
276 3809 352 3877 661.
381 3811 432 3877 19.
464 3812 562 3878 δοτέον
585 3838 615 3879 τι
640 3815 772 3879 τοιοῦτον
792 3849 834 3864 ω-
852 3813 1048 3894 πρῶτονμὲν
1072 3812 1113 3894 τῷ
1137 3814 1230 3890 μηδὲν
1255 3814 1314 3889 ήδι-
1372 3878 1375 3884 .

113 3916 224 3995 κνκθτι
249 3917 373 3983 πώποτε
381 3966 390 3997 ,
415 3917 551 3999 δεύτερον
576 3920 607 3985 δὲ
631 3919 697 4006 (τῷ)
725 3919 798 3997 μήδ’
822 3919 860 3984 θν
883 3919 998 3984 οὶδικεῖν
1017 3918 1171 3996 βοθλήται
1193 3920 1312 3994 δυνήσο·

112 4023 216 4106 μένῳ,
248 4020 341 4088 ἔπειθ’
365 4026 404 4097 ὥς
429 4025 547 4098 θλήθῶς
572 4021 633 4098 θςις
659 4021 778 4090 ἅπασιν
801 4025 964 4107 ἀνθρώποις
989 4023 1056 4092 ἕςαι
1081 4025 1211 4106 φανερὸς
1237 4026 1311 4108 ὑπὲρ

111 4134 171 4195 τοῦ
203 4130 248 4207 μή
279 4130 388 4195 παθεῖν
419 4135 526 4195 ταῦτα
557 4131 764 4213 εὑρισκόμενος
796 4130 848 4196 καὶ
881 4133 935 4196 οὐκ
967 4130 1017 4195 ε’πδ
1048 4132 1091 4212 τῷ
1123 4139 1218 4197 ποιεῖν
1242 4133 1312 4211 μετ’

111 4234 225 4306 οὶδείας
252 4233 367 4316 ἑτέρους
391 4242 491 4309 κακῶς
518 4235 628 4321 [τοθτιρ
654 4235 780 4324 bertoo}
828 4237 993 4302 Bekherus
1016 4238 1059 4318 τῷ
1082 4238 1235 4315 inseruit,
1258 4240 1313 4305 sed

111 4361 294 4430 perperam.
341 4340 520 4408 Delendnm
545 4348 593 4409 est
616 4341 752 4425 δεύτερον
776 4340 807 4406 δέ
868 4341 1071 4432 Respondent
1095 4345 1157 4410 sibi
1175 4347 1259 4410 inter
1279 4367 1312 4412 se
