3086 4968
660 245 725 323 473

151 442 226 535 Peg.
262 445 337 516 147.
377 447 405 513 l.
441 447 495 513 ε’όιν
529 447 586 524 μὲν
618 448 705 534 ὑμεῖς
738 444 928 524 ὁμοθυμαδὸν
963 443 1011 531 [ix
1042 449 1118 522 μιοῖς
1145 438 1285 527 γνώμης]

114 553 255 619 Φίλιππον
286 553 460 638 άμθνησθε,
491 553 698 619 manifestum
729 557 761 618 et
791 551 940 638 putidum
971 550 1130 616 emblema
1158 548 1288 614 tandem

112 659 269 744 aliquando
290 659 497 746 expellamus.
542 658 627 724 Setis
650 665 763 726 notum
787 662 820 724 et
841 657 987 741 frequens
1011 660 1059 720 est
1081 652 1288 733 όμοθυμαδόν,

112 771 144 828 nt
170 764 226 828 tali
256 765 473 831 additamento
502 786 605 831 carere
635 768 744 851 possit.
773 785 842 850 pag.
869 761 945 827 188.
971 760 1024 827 18.
1048 763 1074 827 εί
1099 759 1289 838 ὁμοθυμαδὸν

112 865 140 942 ἦν
161 871 241 946 μετά
265 870 388 935 πάντων
412 870 564 936 ἐπιθέσθαι
590 870 680 949 μόνῳ.

149 965 244 1042 Video
273 975 473 1043 Dindorfium
506 997 629 1062 quoque
660 980 694 1041 in
725 979 849 1042 minore
879 975 1017 1042 editione
1047 974 1207 1062 glossema
1237 993 1289 1037 ex·

109 1101 259 1165 punxisse.

147 1274 222 1364 Peg.
257 1276 332 1342 153.
366 1277 419 1342 21.
454 1279 479 1343 οί
507 1277 590 1343 κατά
615 1280 669 1352 την
692 1277 803 1343 Ἀσίαν
825 1276 987 1358 σατράπαι
1012 1275 1143 1352 -ξίνους
1173 1276 1290 1364 [μισθο-

110 1381 221 1470 φόρους]
250 1384 481 1463 εἰσπέμψαντες
505 1385 660 1449 ἕκάλυσαν
684 1385 947 1464 ἐκπολιορκηθῆναι
973 1382 1119 1463 Πέρινθον.
1169 1383 1288 1446 Milites

109 1491 228 1552 mercede
258 1492 412 1554 οοαθαοθοο
443 1491 652 1556 Athenienses
686 1511 749 1556 non
783 1489 980 1570 μισθοφόρους
1018 1487 1202 1574 appellant,
1236 1486 1291 1552 sed

109 1591 262 1660 blandiore
280 1600 312 1660 et
331 1596 509 1662 honestiore
529 1599 656 1663 nomine
675 1595 793 1673 ξένους,
815 1596 898 1660 unde
917 1593 1107 1671 ξενολογεῖν,
1128 1593 1287 1671 ξεναγεῒν,

108 1695 225 1776 ξεναγοί
247 1701 407 1767 dicuntur.

145 1805 260 1873 Multis
291 1806 368 1873 locis
398 1808 487 1874 scioli
516 1809 573 1874 ubi
600 1829 636 1875 eo
660 1830 753 1874 sensu
776 1806 851 1883 ξένοι
878 1810 1170 1873 commemorantur
1193 1826 1287 1870 suum

106 1914 274 1994 μισθοφόροι
305 1914 504 1993 adscribunt,
537 1915 621 2000 quod
651 1917 726 2000 quia
757 1934 865 1979 omnes
896 1912 972 1989 ξένοι
1005 1918 1079 1978 sunt
1112 1911 1287 1993 μισθοφόροι

105 2022 213 2087 vitiose
236 2020 387 2086 abundat.

145 2198 223 2288 Pag.
260 2198 336 2264 155.
365 2198 418 2263 12.
442 2205 501 2264 τῶν
524 2199 581 2277 μὲν
605 2205 728 2264 πολλῶν
751 2201 806 2264 ε’άν
830 2199 955 2282 άμάρτη
979 2223 1025 2272 τις
1051 2197 1180 2280 {natac
1203 2198 1289 2265 κατά

105 2304 154 2376 την
176 2304 271 2381 άξίαν
293 2303 431 2384 είληφεν.
479 2308 530 2370 Sic
554 2304 577 2370 8
600 2327 656 2391 pro
680 2305 805 2387 ζημίαν.
854 2305 1069 2394 incongruum
1100 2313 1147 2371 est
1173 2307 1292 2393 perfec·

104 2413 170 2474 tum
193 2411 324 2492 εἴληφεν
343 2432 447 2497 neque
470 2416 554 2477 recte
572 2412 669 2476 habet
688 2413 802 2492 ζημίαν
823 2412 1000 2492 λαμβάνειν
1020 2434 1077 2499 pro
1097 2411 1289 2494 ζημιοῦσθαι.

104 2512 249 2603 Suspicor
279 2515 358 2582 olim
385 2517 482 2582 fuisse
506 2515 620 2597 ζημίας
645 2519 730 2582 κατά
755 2520 809 2594 την
834 2517 926 2594 άξίαν
942 2506 1148 2596 1(ΞΤΤΧΕΝ,
1177 2518 1290 2584 deinde

103 2642 198 2706 quum
222 2622 336 2704 ἔτυχεν
361 2622 566 2709 expalluisset
589 2628 646 2688 aut
669 2624 733 2690 alia
756 2645 818 2710 qua
841 2625 880 2690 de
904 2646 998 2690 causa
1019 2645 1082 2690 non
1105 2628 1183 2690 satis
1206 2645 1290 2690 com-

102 2727 190 2793 mode
214 2727 283 2816 legi
306 2733 429 2813 posset,
453 2749 471 2793 a
495 2737 667 2795 correctore
693 2731 857 2810 ΕἷληφΕΝ
883 2751 950 2795 esse
973 2729 1167 2815 suppletum.

143 2837 267 2908 Ζημίαι
300 2832 410 2912 ἔτυχεν
443 2838 490 2898 est
515 2833 677 2916 ἐζημιώθη,
702 2839 740 2899 ut
762 2837 882 2921 passim
905 2835 1079 2915 τυγχάνειν
1102 2837 1231 2921 ponitur
1253 2837 1289 2899 in

100 2941 187 3005 verbi
210 2942 332 3027 passivi
354 2939 540 3025 periphrasi.
566 2943 611 3005 sic
636 2942 774 3013 όουόοσό,
798 2941 1004 3017 ἐπαινεῖσθαι,
1026 2940 1144 3005 dicitur
1167 2942 1291 3005 ε’παίνου

100 3045 289 3126 τυγχάνειν,
321 3045 487 3128 vituperari
495 3093 503 3123 ‚
536 3047 709 3126 ψέγεσθαι,
732 3049 832 3125 ψόγου
857 3045 1047 3126 τυγχάνειν,
1075 3050 1107 3111 et
1130 3048 1175 3111 sic
1198 3053 1291 3123 τιμῆς

99 3152 290 3235 τυγχάνειν,
315 3149 501 3228 συγγνοίμθς
527 3151 713 3234 τυγχάνειν,
738 3161 770 3218 et
791 3152 897 3218 multa
920 3152 1040 3218 similia
1064 3153 1223 3218 dicuntur.

141 3333 224 3418 Pag.
260 3328 334 3394 156.
368 3328 422 3396 20.
454 3331 577 3402 πλείους
609 3333 757 3412 άφορμάς
790 3332 862 3411 πρὸς
893 3332 948 3405 την
980 3338 1038 3397 τῶν
1073 3333 1143 3396 θεῶν
1179 3330 1293 3396 εὔνοιαν

99 3438 223 3519 ἔχομεν.
292 3435 402 3502 Solent
437 3438 644 3503 Athenienses
680 3445 859 3504 constanter
894 3441 948 3514 την
980 3449 1093 3504 ΠΑΡΑ
1129 3444 1187 3503 τῶν
1223 3437 1293 3502 θεῶν

99 3527 215 3610 εθνοιαν
241 3563 371 3618 vocare,
396 3548 434 3607 ut
455 3542 537 3608 infra
561 3543 771 3608 ostendemus.
807 3543 905 3609 Recte
924 3544 1046 3631 legitur
1064 3565 1138 3630 pag.
1160 3542 1215 3607 24.
1238 3542 1293 3606 20.

99 3651 182 3717 unde
213 3651 293 3715 haec
325 3655 432 3713 sumta
463 3653 555 3714 sunt:
589 3649 667 3713 πολὺ
699 3649 762 3730 γάρ
794 3652 917 3721 πλείους
942 3652 1089 3730 ἀφορμάς
1114 3653 1155 3722 είς
1180 3648 1214 3713 τὸ
1240 3649 1295 3722 την

98 3758 186 3837 παρά
206 3761 266 3820 τῶν
287 3755 355 3818 θεῶν
376 3754 492 3820 εὔνοιαν
512 3752 596 3835 ἔχειν
617 3757 668 3836 όρῶ
692 3757 763 3831 ὑμῖν
782 3756 875 3829 οὔσας
898 3760 972 3845 (non
993 3755 1129 3841 ἐνούσας)
1151 3755 1293 3835 θέιιείνῳ.

142 3938 226 4024 Pag.
255 3932 330 3999 179.
356 3932 409 3998 15.
434 3935 447 3999 θ
473 3935 529 4011 μὲν
548 3972 590 3982 -
606 3935 761 4013 χρήματα
785 3934 870 3999 δώσει
890 3935 970 4000 τισίν
991 3938 1090 4000 αὐτῶν
1111 3933 1163 3998 καί
1184 3935 1294 4016 φιλίαν

97 4048 334 4124 προτενεΐΓΛΙ,
356 4041 482 4124 requiro
502 4049 654 4119 προτενεΐ,
677 4047 714 4105 ut
735 4042 897 4120 προτείνειν
916 4042 970 4117 την
991 4049 1100 4121 χεῖρα,
1122 4044 1177 4116 την
1193 4040 1295 4117 δεξιάν

95 4155 127 4213 et
158 4146 285 4214 similia
316 4145 483 4224 dicuntur,
517 4152 548 4212 et
579 4147 743 4224 προτείνειν
775 4147 859 4215 πίςιν
890 4168 963 4235 pag.
992 4145 1070 4211 659.
1093 4145 1126 4211 8.
1151 4147 1190 4212 cf.
1215 4148 1294 4213 Noc.

94 4255 190 4320 lectt.
225 4257 300 4338 pag.
332 4249 409 4316 601.
459 4251 531 4318 Non
555 4253 703 4318 differunt
727 4250 956 4338 significatione
978 4253 1141 4332 προτείνειν
1166 4260 1199 4318 et
1223 4278 1294 4334 προ·

92 4359 253 4441 βάλλειν,
285 4361 324 4421 ut
354 4359 389 4421 in
422 4362 533 4439 γρῖφον
563 4358 755 4440 προβάλλειν
778 4359 846 4426 siue
870 4359 1045 4441 προτείνειν.
1094 4358 1184 4425 Idem
1208 4380 1296 4426 men·
