3026 4970
635 253 703 330 281'

88 447 186 523 ένεσθον
216 458 303 523 enim
333 473 392 540 pro
418 452 538 527 ἱκέσθην
560 452 625 517 clici
646 472 709 518 non
731 455 855 539 poterat
878 451 933 516 sed
958 447 1099 529 „crocco
1120 471 1261 536 reponere·

89 563 143 626 θννν
181 568 224 627 cat
257 558 407 639 i'cclictcv,
442 566 477 624 ccl
510 557 551 624 cic
588 556 626 623 θον
660 555 779 633 ἵκησθον
803 558 953 644 futorum
986 555 1175 622 Homericum
1203 579 1262 642 pro

88 664 215 743 ἵξεσθνν.”

123 775 171 839 Ad
202 774 284 838 hanc
317 771 423 837 lucem
453 771 559 836 multa
589 770 747 836 librorum
777 773 954 836 inveterata
984 771 1065 837 vitia
1095 772 1264 839 manifesto

89 879 365 964 deprehenduntur,
397 883 435 942 ut
466 880 501 942 in
530 878 712 958 Ενθθρεθσννο
742 897 816 965 pag.
849 876 926 942 273.
960 895 988 942 rr.
1025 876 1050 940 ri
1084 876 1115 941 δὲ
1146 878 1265 953 ἀληθῶς

89 989 192 1061 ταύτην
223 987 277 1059 την
311 985 466 1060 ε’πνςύμην
497 981 604 1063 ἔχετον
635 981 705 1048 ἵλεω
738 982 884 1055 εθητΟΝ·
909 983 1050 1062 ἀτεχνῶς
1074 983 1138 1063 γὰρ
1162 981 1265 1061 έγαγε

88 1091 144 1172 σφῲ
176 1089 273 1171 ύστερ
305 1091 358 1156 θεὼ
391 1091 622 1169 προσαγορεύω,
655 1088 889 1154 restituendum
924 1093 972 1153 est
1006 1089 1153 1166 εθητΗΝ,
1191 1091 1268 1174 quia

89 1196 172 1270 cicccc
202 1196 375 1263 barbarum
406 1202 470 1270 est,
503 1201 535 1260 et
570 1215 641 1283 pag.
667 1193 744 1260 274.
767 1214 790 1260 A
823 1196 898 1260 αλλ’
922 1195 1029 1271 ὁρᾶτον
1052 1232 1095 1243 -
1118 1196 1143 1259 εἰ
1167 1196 1266 1270 ἀληθῆ

89 1301 268 1381 ἕλε’γετΟΝ,
300 1303 472 1368 barbarum
504 1307 552 1367 est
583 1303 744 1380 ἑλέγετσν,
777 1301 834 1366 sed
864 1301 958 1366 Plato
982 1300 1110 1377 λέγετον
1133 1301 1266 1367 dixerat.

87 1407 152 1474 Post
177 1426 295 1495 pauca:
326 1410 401 1473 ἀλλ’
433 1403 466 1472 εύ
498 1407 573 1484 troc,
603 1404 624 1472 ύ
656 1409 834 1488 Σώκρατες,
866 1406 1035 1489 ἔφατΟΝ,
1061 1413 1149 1472 τοῦτο
1173 1405 1266 1481 ούτωρ

88 1512 170 1594 ἔχον,
193 1515 366 1581 barbarum
390 1519 439 1579 est
462 1513 579 1594 ἔφατον
602 1533 658 1599 pro
682 1514 820 1596 ε’φθτην,
845 1513 900 1578 sed
922 1516 950 1577 si
970 1513 1077 1578 locum
1097 1513 1268 1601 diligenter

88 1622 320 1687 consideraveris
348 1622 465 1685 senties
497 1619 613 1697 ἔφατον
635 1639 905 1704 supervacaneum
930 1639 996 1684 osse
1021 1624 1052 1684 et
1076 1621 1114 1685 ab
1140 1620 1267 1686 indocto

89 1723 234 1793 Graeculo
253 1725 491 1811 interpolatum.
539 1723 648 1790 Habet
670 1735 778 1790 tamen
801 1727 829 1789 is
852 1745 937 1790 error
960 1724 1083 1808 aliquid
1111 1728 1266 1792 excusati·

89 1836 161 1909 onis,
182 1837 217 1898 in
238 1852 334 1917 quem
357 1831 578 1896 Aristarchum
600 1833 709 1916 ipsum
732 1829 930 1916 implicitum
953 1830 1050 1895 fuisse
1073 1831 1231 1896 videmus.

126 1939 279 2024 Frequens
311 1943 343 2002 et
373 1937 518 2002 assiduus
548 1942 606 2001 τῶν
638 1937 743 2002 δνϊκῶν
767 1956 844 2001 usus
866 1935 1008 2003 Homero
1032 1958 1106 2003 cum
1129 1938 1265 2013 Atticis,

88 2047 261 2126 praesertim
292 2043 504 2128 Aristophane
534 2049 566 2109 et
588 2043 738 2121 Platone,
764 2043 945 2108 communis
968 2047 1025 2107 est.
1071 2043 1158 2108 Audi
1180 2044 1268 2108 Aris·

90 2151 222 2215 torollum
246 2151 286 2216 ad
309 2147 401 2214 Iliad.
425 2156 468 2214 N.
494 2147 558 2216 197
583 2149 640 2214 ubi
662 2154 710 2214 est
733 2147 860 2214 AiacrE
884 2147 1037 2226 μεμαθτΕ
1063 2148 1187 2230 θούριδος
1210 2150 1266 2214 θλ·

90 2261 152 2330 κοῖς,
181 2259 218 2328 cic
250 2256 281 2321 δὲ
316 2254 361 2321 δύ’
391 2250 474 2333 αἶγα
505 2257 622 2320 λε’σντθ
647 2291 688 2303 -
706 2253 908 2335 'conoscere
928 2255 1090 2336 φέρητΟΝ
1114 2291 1159 2306 -
1181 2256 1267 2334 μετὰ

90 2370 286 2446 γαμφηλῇσιν
310 2360 432 2442 έχοντθ

255 2465 293 2540 cle
317 2471 356 2549 ῥα
378 2465 429 2532 τὸν
455 2465 532 2545 ύψοῦ
557 2464 678 2549 ἔχοντε
702 2466 760 2533 δύο)
784 2467 913 2534 Αἴαντε
935 2476 1054 2550 κσρντΑ

256 2572 378 2653 τεύχεα
402 2576 574 2647 συλητΗΝ.

91 2676 124 2740 ad
153 2677 225 2746 haec
253 2679 469 2746 Aristonicus:
495 2681 512 2755 η
536 2679 629 2753 διπλῆ
653 2677 698 2746 ύτν
723 2687 860 2762 συνεχῶς
884 2679 1035 2762 κέχρηται
1059 2689 1121 2752 τοῖς
1146 2679 1265 2752 δνϊνιοῑς.

90 2782 105 2854 ἧ
130 2781 159 2847 δὲ
179 2784 321 2865 θναφορσὶ
345 2787 416 2863 πρὸς
440 2785 483 2850 cci
507 2786 574 2863 περὶ
599 2775 654 2861 τῆς
674 2787 829 2864 auriolos.
855 2786 1073 2859 Ἀθηναίων
1098 2786 1160 2866 cop
1181 2786 1266 2851 θδνον.

91 2882 211 2958 Summo
233 2893 304 2957 iuro
326 2890 456 2956 videtur
477 2890 665 2957 Pisistratus
687 2893 726 2958 de
749 2890 891 2958 Homero
914 2893 1044 2958 dixisse:

258 3001 401 3074 ἡμέτερος
426 2996 489 3075 γθιρ
514 3005 609 3066 κεῖνος
634 2998 647 3062 θ
671 3001 801 3079 χρύσεος
823 2995 856 3072 ἦν
881 3004 1041 3072 τολνητης.

90 3098 226 3181 plurimis
255 3107 342 3169 enim
375 3123 414 3168 ex
444 3102 556 3190 lingua
579 3101 751 3169 Homerica
774 3104 903 3168 indiciis
926 3101 1111 3190 colligimus
1134 3103 1268 3169 Athenis

90 3208 246 3274 oriundum
268 3211 365 3275 luisse
383 3213 531 3294 poetam,
554 3210 592 3274 de
612 3231 674 3295 qua
694 3229 728 3275 re
748 3212 872 3294 saepius
891 3210 975 3275 infra
996 3208 1125 3273 dabitur
1144 3209 1269 3274 dicendi

89 3308 178 3378 locus.
222 3315 283 3397 Qui
312 3323 386 3380 sunt
408 3314 541 3380 Doricae
565 3318 699 3402 originis
724 3336 743 3381 a
766 3307 912 3380 duellum
936 3336 996 3379 usu
1019 3334 1147 3400 prorsus
1172 3315 1268 3380 absti-

89 3425 168 3483 nent.
211 3426 319 3509 Itaque
343 3422 440 3486 homo
462 3419 718 3508 Megarensium
741 3421 981 3486 Actcrnccaibue
999 3441 1047 3487 vs.
1068 3417 1144 3486 733.
1166 3420 1269 3485 dicero

88 3541 147 3586 non
166 3531 285 3611 potuit:

303 3635 478 3701 θκσύετΟΝ
502 3636 538 3710 δη
562 3635 711 3718 ποτέχετ’
736 3634 803 3714 iccio
825 3633 884 3699 cciv
908 3633 1040 3715 γαςέρα.

90 3733 143 3798 ubi
164 3740 298 3805 nondum
322 3744 464 3826 poenitet
487 3744 675 3808 correxisse:

303 3845 393 3912 ύκονε
419 3847 454 3922 δη
480 3845 598 3929 τθτεχέ
622 3847 651 3913 τ’
674 3847 742 3927 iccio
768 3847 828 3915 cclv
852 3845 986 3928 γαςέρα.

640 4059 697 4126 XI.

348 4209 473 4277 ’nores
499 4251 540 4262 -
565 4209 723 4277 ’erroer
748 4250 789 4262 -
814 4209 999 4281 ’enrnom

134 4352 288 4442 Opinionis
318 4381 421 4429 errore
447 4362 613 4430 Beklcerus
634 4362 771 4430 Homeri
793 4365 936 4430 carmina
958 4365 1080 4454 passim
1103 4370 1272 4453 tamquam
