3080 4972
340 1037 790 1126 ADVERSARIA
827 1037 1125 1130 CRITIOA.

596 1345 876 1380 ψ-

570 1607 612 1655 nn
634 1588 887 1656 Dnnosrnnnnn.

667 1829 744 1918 Dap.
768 1831 793 1896 1.

515 2045 565 2111 Du
588 2041 709 2111 Oonrcn
729 2044 885 2112 Prmsnvo
908 2043 940 2112 S.

175 2291 284 2371 Quum
319 2308 422 2373 nuper
450 2287 582 2354 feriatus
615 2289 717 2354 animi
746 2287 909 2355 relaxandi
939 2294 971 2356 et
1001 2289 1199 2358 exhilarandi
1229 2316 1323 2362 causa

124 2398 269 2464 Parisios
312 2397 450 2461 viserem
493 2392 737 2461 celeberrimum
778 2416 881 2461 unum
920 2398 1065 2462 omnium
1098 2396 1322 2467 Demosthenis

126 2500 283 2570 Godicem
318 2504 417 2568 otiose
451 2521 523 2566 mec
554 2501 710 2567 arbitratu
738 2522 794 2586 per
824 2499 891 2568 dies
922 2501 1155 2589 complusculos
1184 2511 1320 2575 versavi.

124 2610 201 2676 Non
252 2607 443 2694 quaerebam
493 2627 591 2673 novas
643 2605 812 2685 lectiones,
868 2629 949 2694 qnae
994 2609 1074 2676 forte
1120 2614 1320 2698 superiorum

125 2717 230 2782 aciem
264 2715 433 2802 fugissent.
485 2711 564 2779 ram
597 2711 755 2797 praeclare
790 2719 822 2779 et
855 2712 1033 2780 luculenter
1067 2719 1205 2783 eximius
1238 2719 1321 2786 liber

125 2819 429 2901 κεκαλλιγράφηται
463 2823 496 2884 et
526 2823 616 2884 tanta
649 2839 724 2884 cura
753 2816 918 2883 Behlrerus
947 2841 1086 2887 messem
1116 2828 1149 2888 et
1178 2827 1213 2888 in
1242 2825 1319 2892 Din-

125 2926 220 2994 dorlii
249 2928 389 3014 gratiam
419 2925 604 2990 Fredericus
634 2923 804 2989 Dubnerus
833 2945 942 3003 meus,
976 2928 1052 3011 (quo
1081 2948 1182 3013 nequo
1213 2932 1318 2997 candi·

125 3035 250 3099 diorem
285 3051 479 3117 quemquam
512 3051 613 3115 neque
645 3032 752 3118 magis
784 3031 978 3097 industrium
1013 3038 1045 3098 et
1080 3036 1114 3099 in
1148 3032 1318 3104 (lodicibus

126 3136 326 3206 excutiendis
368 3136 575 3202 oculatiorem
608 3135 772 3202 hominem
806 3136 914 3203 videre
948 3159 1001 3204 me
1033 3141 1180 3225 memini)
1216 3146 1319 3228 spicas

128 3244 260 3332 collegit
283 3240 367 3308 nihil
388 3242 618 3327 propemodum
640 3247 679 3307 ut
702 3241 776 3307 addi
799 3264 889 3328 posse
906 3245 1069 3324 videatur,
1092 3246 1147 3312 scd
1165 3248 1224 3314 hoc
1244 3271 1317 3338 age-

126 3353 201 3417 bam
234 3350 439 3435 potissimum
470 3350 613 3434 primurn
643 3352 680 3414 ut
711 3370 750 3414 ex
781 3345 907 3414 Codicis
936 3352 1037 3435 ipsius
1060 3354 1253 3438 inspectione
1276 3357 1316 3423 ad

125 3455 376 3522 Demosthenem
418 3452 651 3519 emendandum
692 3458 800 3538 mente
839 3453 986 3523 liberiore
1024 3462 1056 3522 et
1089 3462 1316 3544 perspicaciore

124 3567 231 3630 uterer
264 3561 336 3650 (qui
370 3562 508 3625 eximius
541 3559 663 3625 fructus
698 3562 746 3624 est
775 3558 1054 3650 palaeographicae
1084 3563 1246 3633 facultatis
1277 3591 1316 3636 ex

125 3668 277 3734 diuturna
318 3666 475 3731 librorum
509 3669 655 3730 veterum
688 3664 825 3731 lectione
857 3673 966 3752 partae
1002 3674 1034 3734 et
1068 3672 1313 3762 corroboratae),

125 3772 237 3838 deinde
259 3777 297 3837 ut
319 3777 529 3838 correctorum
553 3775 636 3835 artes
657 3770 837 3836 et-fraudes
859 3793 956 3857 quam
979 3773 1225 3862 diligentissime
1242 3801 1312 3867 pos·

126 3899 193 3943 sem
214 3880 462 3966 investigarem,
487 3876 525 3942 de
548 3877 664 3961 quibus
685 3878 745 3942 erit
767 3877 849 3942 infra
872 3876 997 3944 dicendi
1019 3879 1117 3948 locus.

171 3984 318 4050 Primum
352 3986 387 4047 in
420 3984 558 4070 gratiam
594 3987 626 4046 st
662 3982 866 4048 commodum
901 4003 1027 4059 eorum,
1060 3989 1176 4072 quibus
1203 3998 1313 4076 postea

125 4091 434 4174 praestantissimum
463 4089 608 4152 omnium
635 4086 756 4153 librum
781 4088 866 4155 adire
890 4094 922 4154 et
946 4092 1106 4159 consulere
1130 4097 1310 4184 continget,

126 4194 203 4280 quid
234 4197 269 4259 in
302 4214 339 4259 eo
371 4195 569 4258 contineatur
601 4195 648 4258 ita
681 4193 828 4260 indicabo
861 4199 900 4260 ut
930 4195 1023 4262 facile
1058 4201 1100 4264 ait
1134 4199 1312 4285 quemlibet

125 4299 345 4366 Demosthenis
368 4297 476 4363 locum
499 4300 609 4364 statim
633 4301 769 4383 reperire
792 4305 825 4366 et
847 4300 1018 4386 explorare.

1155 4415 1165 4458 1
