3034 4970
786 209 852 285 als

223 409 307 498 quod
336 410 430 498 plane
459 409 546 473 idem
570 413 618 472 est
643 412 738 493 atque
764 408 849 493 apud
874 406 1131 493 Theophrastum
1156 407 1189 472 τί
1213 407 1351 488 sistram
1370 413 1402 474 nt

223 515 406 599 άτοκιρράξει
430 511 462 600 ί,
484 539 515 579 τι
540 512 577 580 άν
603 511 732 593 άλΦάνρι
759 518 807 577 est
829 511 1026 578 druidarum
1050 515 1104 576 τοῦ
1128 512 1275 592 εὑρόντος.

270 622 428 703 Quoniam
456 622 560 708 igitur
583 617 758 684 solemnem
783 639 820 683 ao
844 618 994 683 stabilem
1016 620 1051 682 in
1074 639 1111 682 ea
1134 641 1167 684 re
1190 621 1298 688 sedem
1319 622 1404 688 habet

223 729 359 798 verbum
378 727 533 808 άλφάνειν
554 726 758 809 consequitur
780 724 992 805 άλΦεσιβοίας
1013 723 1077 789 diei
1097 724 1253 793 formosas
1274 727 1404 815 puellas,

225 830 270 901 ῦτι
293 840 595 900 ΠΩΛΟΤΜΕΝΛῙ
619 831 661 911 τῷ
687 829 780 911 πατρί
802 829 883 908 βίας
910 827 1118 912 σίλφάνονσιν,

585 937 666 1024 quod
689 943 755 1000 erat
777 938 1057 1014 demonstrandum,

225 1052 263 1112 nt
283 1044 459 1131 loquuntur
482 1044 716 1109 mathematici.

272 1149 424 1236 Sequitur
448 1172 487 1215 ex
509 1152 579 1236 ipsa
601 1153 717 1214 natura
740 1149 773 1213 οῦ
797 1155 1024 1228 γεωμετρικαῖς
1048 1148 1124 1212 άλλ’
1144 1149 1302 1229 ἐρωτικαῖς
1321 1151 1409 1230 άνάγ-

227 1281 297 1331 καις
331 1258 382 1342 (ut
410 1254 505 1321 Plato
536 1256 661 1320 iooatnr
690 1255 727 1318 άο
759 1254 836 1337 Rep.
867 1274 941 1340 pag.
973 1251 1051 1318 458.
1087 1254 1133 1338 n.)
1155 1275 1266 1340 procos
1288 1257 1410 1344 puellis,

228 1385 363 1451 quarum
394 1364 524 1447 nuptias
557 1361 730 1437 ambirent,
765 1360 846 1425 dona
877 1380 912 1425 ae
941 1380 1075 1425 munera
1107 1362 1248 1427 mittere.
1295 1361 1412 1428 Sedes

228 1490 291 1536 non
313 1466 385 1534 ἕδνα
409 1467 463 1533 sed
488 1488 545 1533 suo
569 1467 699 1532 nomine
723 1465 800 1546 δῶρα
825 1463 1038 1551 appellantur.
1076 1464 1236 1553 Penelope
1259 1488 1331 1534 sues
1350 1488 1412 1554 pro

230 1595 282 1642 eos
303 1576 469 1660 increpans
491 1574 539 1637 ita
562 1573 643 1638 dioit
666 1568 780 1658 Odyss.
808 1581 846 1636 Σ.
872 1569 950 1636 275.

388 1679 545 1759 μνιρςιίρων
570 1679 631 1759 οὐχ
655 1677 706 1756 ἥδε
730 1677 796 1750 δίκη
821 1677 856 1742 τὸ
879 1677 1001 1757 τάροιίε
1024 1675 1175 1763 τέτυκτο,

387 1783 419 1852 οὲ
436 1785 466 1850 τ’
490 1784 614 1862 άγαίῆν
638 1807 679 1862 γε
704 1791 841 1860 γυναῖκα
866 1783 919 1847 καί
944 1784 1081 1865 άφνσιοίο
1105 1783 1249 1865 ίάγατρα

390 1891 550 1970 μνκςεύειν
576 1889 699 1955 ἕίὲλωσι
724 1889 775 1954 καί
802 1889 951 1964 άλλάλοις
976 1891 1119 1969 ἐρίσωσιν.

390 1997 478 2063 αὐτοί
502 1996 584 2074 τοίγ’
609 1995 761 2074 άνάγουσι
786 1993 866 2072 βίας
892 1994 944 2060 καί
969 1995 1042 2076 ίφια
1067 2003 1156 2073 μῆλα

392 2103 496 2183 κοῦρος
520 2102 616 2167 δαῖτα
641 2102 759 2184 φίλοισι
784 2100 835 2165 καί
860 2101 977 2179 άγλαά
1001 2109 1124 2166 ΔΩΡΑ
1149 2101 1286 2166 διδοῦσιν.

234 2207 346 2274 deindo
377 2211 471 2293 potis
499 2208 540 2273 τά
573 2207 651 2289 δῶρα
683 2207 721 2272 ad
753 2206 934 2291 Penelopen
964 2204 1070 2271 delata
1098 2212 1281 2284 enumerat,
1304 2211 1415 2274 vestem

234 2312 447 2397 splendidam,
468 2311 603 2391 fibulas,
623 2319 790 2398 torquem,
812 2314 957 2396 inaures,
982 2314 1090 2378 omnia
1108 2333 1148 2378 ex
1168 2333 1246 2378 auro
1263 2319 1320 2379 aut
1338 2332 1416 2402 pem·

234 2420 298 2484 mis
322 2418 482 2483 distinata.

242 2565 246 2570 -
347 2522 428 2590 άλλο
452 2524 478 2588 δ’
502 2521 550 2604 ἄρ’
574 2521 671 2595 άλλος
696 2531 850 2589 ΔΩΡΟΝ
875 2525 1014 2607 Ἀχαιῶν
1039 2527 1135 2590 καλὸν
1159 2524 1283 2592 ἕνεικεν.

236 2629 348 2707 κίσμον
377 2638 549 2707 γυναικεῖον
581 2638 652 2702 ταῖς
685 2627 926 2710 μνκςσυομίναις
956 2631 1129 2716 ἐδωροῦντο,
1153 2649 1217 2697 n'on
1239 2638 1371 2698 αττκοαίο
1391 2634 1418 2694 et

232 2757 344 2818 ρνοροσ.

282 2839 335 2906 sic
358 2843 461 2929 igitur
484 2844 560 2928 quid
584 2847 668 2909 inter
689 2840 759 2908 ἕδνα
785 2848 817 2909 et
837 2843 944 2921 μείλια
969 2848 1001 2908 et
1023 2843 1102 2924 δῶρα
1127 2847 1285 2909 constanti
1313 2845 1419 2909 Poetae

236 2968 298 3012 usu
320 2949 447 3012 intersit
469 2947 592 3033 liquido
616 2969 764 3033 apparere
788 2949 932 3014 arbitror.

281 3051 399 3118 Poetae
421 3053 531 3140 Lyriei
554 3060 586 3120 et
609 3053 753 3142 Tragici,
775 3055 830 3139 qui
849 3074 968 3142 magno
989 3052 1122 3120 artifieio
1143 3056 1290 3141 linguam
1310 3054 1420 3120 Home

235 3161 337 3225 rieam
360 3164 392 3224 et
414 3159 547 3245 Epioam
571 3159 801 3236 imitabantur,
827 3180 928 3244 quum
949 3157 1054 3231 multa
1076 3165 1179 3224 essent
1200 3160 1358 3226 voeabula
1375 3159 1436 3224 an·‘

236 3268 326 3350 tiqua
360 3266 438 3350 ipsis
473 3267 653 3352 incognita,
690 3264 862 3330 utebantur
896 3268 937 3330 iis
969 3285 1005 3330 eo
1036 3285 1148 3348 sensu,
1179 3285 1275 3349 quem
1309 3262 1423 3330 indocti

237 3368 481 3451 γλωσσογράφοι
505 3377 561 3434 ant
584 3369 774 3458 pervulgata
797 3369 980 3456 aequalium
1004 3372 1110 3457 opinio
1135 3370 1310 3435 tribuisset.
1359 3368 1425 3453 Opi·

236 3477 395 3542 nubantur
416 3476 563 3541 homines
586 3478 662 3542 vivo
683 3475 821 3542 Pindaro
841 3482 873 3542 et
892 3476 1051 3563 Aesehylo
1071 3475 1158 3541 idem
1180 3476 1265 3560 quod
1284 3477 1344 3541 din
1361 3477 1424 3560 post

238 3581 459 3648 Aristarchum
486 3582 645 3647 meantem
669 3582 835 3647 audimus:
862 3585 987 3661 ,κυρίως
1013 3583 1070 3660 μὲν
1093 3581 1136 3646 τά
1169 3577 1255 3648 ἕδνα
1286 3577 1365 3646 εἶναι
1388 3577 1424 3642 τά

238 3684 379 3765 διδόμενα
404 3686 462 3752 ὑπὸ
484 3691 537 3752 τοῦ
560 3692 735 3766 γαμοῦντος
761 3697 799 3763 τῆ
820 3687 1020 3769 γαμουμὲνρ,
1041 3686 1097 3752 sed
1115 3687 1278 3752 interdum
1297 3688 1342 3752 τά
1362 3683 1426 3750 ἕδνα

238 3792 332 3856 dotem
355 3813 478 3878 quoque
501 3792 705 3880 significaret
744 3793 855 3879 Itaque
877 3793 1036 3858 Pindarus
1061 3792 1099 3858 de
1118 3793 1185 3856 dote
1203 3795 1315 3878 posuit
1340 3792 1427 3872 θίγον

232 3898 319 3982 ρίου.
344 3896 402 3962 ΙΧ.
428 3895 458 3966 7.

468 4003 648 4083 άκρωτάριον
668 4004 798 4077 Ἄλιδος
823 4005 858 4070 τὸ
883 4005 998 4081 δήποτε
1021 4001 1131 4083 Πέλοψ

469 4107 600 4188 ἐξάρατο
625 4110 771 4179 κάλλιςον
793 4110 959 4176 ἘΔΝΟΝ
985 4108 1225 4187 Ἱπποδαμείας.

240 4215 298 4281 ubi
328 4214 440 4280 doetus
469 4217 637 4302 interpres:
669 4212 748 4282 ἕδνον
769 4225 858 4282 N'rN
883 4219 916 4282 οὐ
939 4218 975 4284 τδ
1000 4215 1086 4297 ταρά
1109 4219 1164 4281 τοῦ
1187 4216 1293 4298 άνδρδς
1318 4215 1427 4295 διδίμι·

241 4345 287 4392 νον
305 4329 344 4406 τῇ
365 4319 549 4401 γαμουμίνρ
569 4320 676 4407 λέγει,
697 4323 772 4388 άλλ’
789 4319 803 4386 ὃ
823 4322 916 4397 αῦτδς
938 4323 1050 4398 ἐκείνην
1070 4321 1178 4400 λαβὼν
1190 4325 1426 4403 προσεκτήσατο.
