3086 4968
664 257 728 328 467

113 437 203 525 λάόριρ
225 438 382 520 ςρατεάειν
404 441 457 510 vel
480 445 574 511 urbes
598 449 643 511 sie
665 467 817 534 occupare
837 455 871 511 αό
888 470 969 512 nemo
988 449 1123 514 sentiat?
1155 451 1287 518 Dixerat

112 543 329 612 Demosthenes
359 549 410 612 τὸν
441 547 516 615 οὕτω
550 556 686 632 φανερῶς
718 553 900 630 ἀδικοῦνται,
932 552 1044 618 deinde
1074 575 1153 640 quae
1184 563 1287 624 essent
1389 620 1391 624 .

110 649 161 714 illa
187 651 369 731 άδικάματα
401 656 566 741 adscripsit
596 660 700 724 neseio
728 662 798 744 quis
821 657 1030 739 ςρατεάοντα,
1057 660 1162 734 πόλεις
1184 687 1285 727 κατα-

110 758 321 834 λαμβάνοντα.
367 761 491 847 Nempe
514 761 679 840 falsarius,
707 767 761 848 qui
785 765 986 849 Ptibippirom
1008 774 1143 851 quartam
1163 789 1286 834 oonsar·

109 866 235 940 riserit,
268 865 345 931 haee
376 869 423 930 ita
451 868 643 934 formaverat
666 890 740 957 pag.
768 869 843 934 146.
868 870 922 936 20.
947 871 979 936 τό
1002 875 1070 938 ποτ’
1095 870 1142 939 οὖν
1168 913 1211 923 -
1235 875 1287 940 τδν

107 970 158 1046 μὲν
188 969 262 1036 οὕτω
294 976 433 1054 Φανερῶς
465 972 629 1039 άδικοῶντα
662 977 714 1040 καὶ
746 976 850 1048 πόλεις
874 979 1171 1058 καταλαμβάνοντα
1190 981 1286 1054 οὐδεὶς

108 1077 222 1141 πώποτε
255 1075 340 1144 εἶπεν
370 1082 407 1153 ῶς
440 1080 540 1145 άδικεῒ
569 1083 621 1148 καὶ
650 1093 862 1162 πολεμοποιεῖ;
884 1084 956 1151 Hae
977 1088 1079 1173 igitur
1101 1089 1288 1175 contagione

106 1205 192 1249 verus
210 1184 443 1251 >Demosthenes
466 1187 619 1274 impletus
643 1194 700 1255 est.

144 1393 222 1482 Peg.
258 1391 332 1460 107.
367 1393 422 1459 21.
450 1397 540 1461 άλλά
571 1397 702 1475 διαμένοι
734 1397 835 1476 λόγων
863 1397 898 1475 ἐξ
928 1397 966 1464 ῶν
993 1401 1054 1479 ἕνῶ
1086 1403 1144 1481 μὲν
1167 1410 1289 1469 πολλῶν

105 1499 236 1566 ἐλάττων
267 1498 331 1579 εἰμὶ
365 1501 437 1581 παρ’
470 1505 540 1580 ὑμῖν
573 1504 638 1568 κτὲ.
685 1505 789 1570 Nemo
823 1526 978 1590 umquam
1014 1505 1207 1574 Graecorum
1242 1512 1289 1576 ita

104 1603 221 1672 locutus
255 1611 303 1672 est
334 1606 465 1685 διαμένω
498 1609 610 1687 λέγων.
659 1609 697 1674 111
727 1609 750 1674 S
780 1609 917 1696 legitur:
948 1613 1035 1676 άλλά
1066 1613 1168 1691 λέγειν
1195 1621 1228 1680 et
1252 1617 1286 1680 in

103 1715 242 1799 margine
269 1734 369 1778 manu
400 1716 530 1798 antiqua
560 1715 703 1780 διατελῶ.
753 1715 823 1808 Hoo
854 1737 967 1782 verum
1001 1723 1032 1782 et
1062 1720 1146 1804 apud
1176 1741 1285 1786 omnes

102 1821 254 1884 usitatum
282 1823 347 1886 est:
373 1821 461 1884 άλλῶ
492 1820 667 1886 διατελῶ
698 1820 809 1899 λέγων.
857 1821 949 1887 Nihil
971 1829 1019 1888 est
1041 1827 1075 1888 'm
1098 1827 1207 1890 Attica
1229 1829 1286 1891 tri·

102 1925 162 1988 tius
193 1945 292 2011 qnam
324 1927 453 1990 διατελῶ
481 1926 598 2004 λέγων,
631 1925 795 2006 πράττων,
828 1927 929 1999 εὔνους
963 1929 1000 1993 ῶν
1036 1935 1081 1998 et.
1101 1932 1173 1995 sim.
1204 1931 1285 2019 Peg.

102 2029 174 2095 225.
209 2032 244 2096 2.
275 2027 345 2106 άτνν
378 2032 538 2097 εάνοιαν
570 2030 672 2113 ἔχων
703 2035 763 2112 ἐγὼ
795 2034 968 2099 διατελῶ
999 2045 1037 2118 τῇ
1062 2059 1097 2100 τε
1122 2036 1209 2101 πόλει
1232 2037 1285 2102 καὶ

102 2141 189 2201 πῶοιν
218 2139 305 2216 ὑμῖν,
330 2141 399 2222 ipse
422 2137 539 2203 decreti
562 2140 658 2204 verba
681 2137 909 2205 Demosthenes
927 2143 1052 2226 posuit,
1071 2163 1151 2226 quae
1171 2143 1287 2209 diserte

101 2241 268 2309 laudantur
288 2265 362 2330 pag.
384 2241 461 2310 244.
485 2243 536 2309 12.
557 2249 610 2308 τοῦ
633 2246 689 2323 μὲν
709 2243 757 2311 οὖν
780 2244 904 2326 γράψαι
930 2247 1195 2329 »πράττοντα
1219 2250 1286 2315 καὶ

99 2348 277 2426 λέγοντα
310 2348 359 2414 τά
390 2348 573 2428 esseae
604 2376 653 2429 με
684 2353 735 2432 τῷ
768 2351 875 2434 δάμῳ
908 2354 1142 2421 διατελεῖν”
1174 2357 1237 2421 κτέ.

138 2559 218 2648 Peg.
256 2557 332 2624 108.
356 2558 411 2625 21.
434 2561 460 2624 εἷ
484 2559 510 2624 δ’
535 2561 548 2624 ό
573 2563 629 2638 μὲν
654 2557 738 2626 εἶπεν
761 2565 798 2634 ῶς
824 2558 881 2627 οἷόν
905 2588 941 2627 τε
968 2565 1038 2648 [τά]
1062 2559 1165 2642 άριτα.
1213 2565 1286 2631 Non

98 2665 155 2730 fert
186 2668 224 2738 ῶς
258 2660 316 2730 οἷόν
349 2690 384 2730 τε
416 2665 563 2730 additum
594 2668 776 2734 articulum.
824 2668 901 2734 Erat
927 2677 1284 2736 ssCOIONTAPICTA

98 2771 128 2836 id
152 2778 200 2838 est
225 2773 265 2845 ῶς
291 2767 351 2836 οἷόν
374 2770 402 2835 τ’
427 2768 536 2852 άριςα,
561 2773 645 2839 unde
667 2772 804 2858 proclivi.
827 2794 929 2839 errore
952 2772 1087 2861 vulgata
1107 2781 1182 2840 nata
1205 2780 1260 2840 est.

136 2979 322 3046 Reseoande
352 3001 461 3046 censeo
491 3001 565 3069 pag.
592 2979 667 3046 116.
696 2981 750 3048 28.
774 2982 871 3068 verba
894 2984 1003 3064 [ποιεῖν
1026 2977 1045 3046 ό
1065 3005 1094 3047 τι
1118 2984 1285 3063 βοόλεσόε,

95 3083 117 3148 S
149 3085 325 3171 βοόλοιοόε]
359 3086 550 3171 permoleste
580 3090 766 3173 interposita
790 3092 822 3152 et
844 3088 993 3152 mendose
1016 3091 1151 3174 repetita
1175 3111 1213 3156 ex
1235 3114 1283 3159 vs.

98 3191 148 3255 18.
174 3193 210 3257 τό
236 3199 330 3257 ποιεῖν
355 3188 373 3256 ό
394 3216 424 3256 τι
448 3192 609 3270 βούλεται.

136 3400 219 3488 Peg.
255 3399 331 3466 117.
363 3399 416 3466 25.
450 3402 520 3481 οὐχ)
553 3402 613 3474 τάς
645 3401 804 3476 πολιτεόας
839 3401 904 3488 [καὶ
937 3401 997 3474 τάς
1029 3400 1149 3487 πόλεις]
1185 3406 1285 3471 αὐτῶν

93 3508 289 3589 παρρρνταις
314 3506 414 3572 Vetus
437 3513 485 3572 est
508 3508 735 3596 dittographia.
782 3507 953 3594 Phiiippus
974 3510 1009 3574 in
1033 3507 1196 3574 Thessalia
1214 3510 1283 3584 τοὺς

92 3614 146 3689 μὲν
185 3614 301 3690 δήμους
336 3614 504 3686 κατέλυσε,
542 3615 600 3686 τάς
634 3614 665 3679 δὲ
696 3612 800 3686 πόλεις
834 3615 886 3679 οὐκ
923 3614 1061 3688 ἕποι’ντεν
1096 3614 1283 3690 άναςάτους.

90 3721 175 3786 Nota
200 3740 252 3784 res
275 3723 323 3784 est
346 3724 378 3783 et
400 3722 550 3784 continuo
574 3722 732 3804 sequitur:
758 3717 806 3784 ἵνα
830 3722 874 3798 μὴ
894 3718 983 3798 μόνον
1006 3720 1115 3785 κατά
1139 3720 1282 3797 πόλεις

90 3827 179 3890 άλλά
214 3823 269 3889 καὶ
300 3825 373 3889 κατ’
406 3823 470 3899 ἕόννρ
501 3824 689 3890 δουλεύωσιν.
737 3824 807 3890 Iam
839 3824 917 3890 olim
950 3827 975 3891 oi
1008 3828 1050 3899 εἰς
1081 3826 1181 3907 τάχος
1205 3829 1283 3909 γρά-

89 3938 203 4013 φοντες
230 3923 271 3998 τό
295 3932 473 3996 scribebant
497 3938 552 3996 aut
574 3951 631 4016 pro
655 3929 743 4003 πόλις
768 3936 824 3995 eut
846 3952 903 4016 pro
924 3931 1084 4017 πολιτεία,
1104 3934 1186 3998 unde
1207 3936 1284 4002 haee

89 4039 270 4105 sexcenties
287 4039 370 4101 inter
391 4059 424 4102 se
442 4042 567 4123 praeter
586 4039 746 4122 scriptoris
767 4041 958 4103 sententiam
978 4040 1106 4104 confusa
1125 4040 1282 4110 videmus.

87 4148 176 4212 Audi
198 4143 372 4208 Isocratem
396 4165 469 4231 pag.
495 4142 549 4208 85.
569 4163 599 4208 Β.
623 4143 693 4214 τοὺς
718 4145 774 4220 μὲν
799 4141 913 4217 ἄλλους
938 4144 1030 4224 ἑώρων
1054 4146 1124 4218 τοὺς
1149 4146 1283 4225 ἐνδόξους

88 4258 146 4316 τῶν
181 4250 296 4328 άνδρῶν
329 4249 385 4314 ὑπὸ
417 4259 577 4315 ΠΟΛΕΟΙ
609 4250 660 4314 καὶ
694 4247 792 4325 νόμοις
824 4249 979 4320 οἰκοῦντας
1016 4250 1068 4315 καὶ
1104 4253 1185 4317 οὐδὲν
1219 4255 1286 4333 ἕξδν

88 4360 198 4430 αὐτοῖς
227 4354 309 4420 άλλο
334 4357 483 4436 πράττειν
506 4358 587 4431 πλὴν
610 4355 645 4419 τδ
670 4353 945 4436 προσταττόμενον.
987 4354 1023 4422 si
1043 4378 1106 4424 non
1129 4360 1286 4450 intelligis
