<?xml version="1.0" encoding="UTF-8"?>
<!DOCTYPE html PUBLIC "-//W3C//DTD XHTML 1.0 Transitional//EN"
    "http://www.w3.org/TR/xhtml1/DTD/xhtml1-transitional.dtd">
<html xmlns="http://www.w3.org/1999/xhtml" xml:lang="en" lang="en">
 <head>
  <title>
</title>
<meta http-equiv="Content-Type" content="text/html;charset=utf-8" />
  <meta name='ocr-system' content='tesseract 3.04.00' />
  <meta name='ocr-capabilities' content='ocr_page ocr_carea ocr_par ocr_line ocrx_word'/>
</head>
<body>
  <div class='ocr_page' id='page_1' title='image "./miscellaneacrit02cobegoog_0443.png"; bbox 0 0 3052 4970; ppageno 0'>
   <div class='ocr_carea' id='block_1_1' title="bbox 679 241 742 310">
    <p class='ocr_par' dir='ltr' id='par_1_1' title="bbox 679 241 742 310">
     <span class='ocr_line' id='line_1_1' title="bbox 679 241 742 310; baseline 0.016 -1"><span class='ocrx_word' id='word_1_1' title='bbox 679 241 742 310; x_wconf 80' lang='lat'><em>421</em></span> 
     </span>
    </p>
   </div>
   <div class='ocr_carea' id='block_1_2' title="bbox 113 432 1303 1888">
    <p class='ocr_par' dir='ltr' id='par_1_2' title="bbox 113 432 1303 1888">
     <span class='ocr_line' id='line_1_2' title="bbox 160 432 405 502; baseline 0 0"><span class='ocrx_word' id='word_1_2' title='bbox 160 432 253 502; x_wconf 84' lang='lat' dir='ltr'><strong>Iliad.</strong></span> <span class='ocrx_word' id='word_1_3' title='bbox 278 444 324 502; x_wconf 82' lang='grc' dir='ltr'><strong>Ω.</strong></span> <span class='ocrx_word' id='word_1_4' title='bbox 351 433 405 502; x_wconf 87' lang='grc'><strong>16.</strong></span> 
     </span>
     <span class='ocr_line' id='line_1_3' title="bbox 296 541 741 624; baseline -0.007 -17"><span class='ocrx_word' id='word_1_5' title='bbox 296 543 359 624; x_wconf 77' lang='grc' dir='ltr'><em>τρίς</em></span> <span class='ocrx_word' id='word_1_6' title='bbox 382 542 406 607; x_wconf 75' lang='grc' dir='ltr'><em>δ’</em></span> <span class='ocrx_word' id='word_1_7' title='bbox 429 542 538 622; x_wconf 79' lang='grc' dir='ltr'><em>ἕριίσοος</em></span> <span class='ocrx_word' id='word_1_8' title='bbox 563 541 628 622; x_wconf 83' lang='grc' dir='ltr'><em>περί</em></span> <span class='ocrx_word' id='word_1_9' title='bbox 653 549 741 618; x_wconf 76' lang='grc' dir='ltr'><em>σήμοο</em></span> 
     </span>
     <span class='ocr_line' id='line_1_4' title="bbox 296 642 1100 731; baseline 0 -18"><span class='ocrx_word' id='word_1_10' title='bbox 296 642 383 721; x_wconf 78' lang='grc' dir='ltr'><em>οιῦτισ</em></span> <span class='ocrx_word' id='word_1_11' title='bbox 409 649 449 713; x_wconf 85' lang='grc' dir='ltr'><em>ε’νί</em></span> <span class='ocrx_word' id='word_1_12' title='bbox 475 648 577 731; x_wconf 72' lang='grc' dir='ltr'><em>κλισίη</em></span> <span class='ocrx_word' id='word_1_13' title='bbox 601 648 795 722; x_wconf 75' lang='grc' dir='ltr'><em>παυέσκετο,</em></span> <span class='ocrx_word' id='word_1_14' title='bbox 822 645 908 710; x_wconf 75' lang='grc' dir='ltr'><em>τόνδε</em></span> <span class='ocrx_word' id='word_1_15' title='bbox 931 645 956 709; x_wconf 74' lang='grc' dir='ltr'><em>δ’</em></span> <span class='ocrx_word' id='word_1_16' title='bbox 979 645 1100 713; x_wconf 83' lang='grc' dir='ltr'><em>ἔοισκευ.</em></span> 
     </span>
     <span class='ocr_line' id='line_1_5' title="bbox 117 750 1301 840; baseline 0.003 -25"><span class='ocrx_word' id='word_1_17' title='bbox 117 754 160 816; x_wconf 83' lang='lat' dir='ltr'>sic</span> <span class='ocrx_word' id='word_1_18' title='bbox 192 751 375 840; x_wconf 86' lang='lat' dir='ltr'>legendum.</span> <span class='ocrx_word' id='word_1_19' title='bbox 421 754 586 819; x_wconf 83' lang='lat' dir='ltr'>Bekkerus</span> <span class='ocrx_word' id='word_1_20' title='bbox 617 753 702 818; x_wconf 86' lang='lat' dir='ltr'>male</span> <span class='ocrx_word' id='word_1_21' title='bbox 735 752 786 817; x_wconf 86' lang='grc' dir='ltr'><em>τὸν</em></span> <span class='ocrx_word' id='word_1_22' title='bbox 822 750 853 815; x_wconf 78' lang='grc' dir='ltr'><em>δέ</em></span> <span class='ocrx_word' id='word_1_23' title='bbox 888 753 918 815; x_wconf 93' lang='grc' dir='ltr'><em>τ’</em></span> <span class='ocrx_word' id='word_1_24' title='bbox 949 750 1070 816; x_wconf 83' lang='grc' dir='ltr'><em>ἔοισιιεν.</em></span> <span class='ocrx_word' id='word_1_25' title='bbox 1117 753 1301 820; x_wconf 82' lang='lat' dir='ltr'>Haerebent</span> 
     </span>
     <span class='ocr_line' id='line_1_6' title="bbox 117 857 1300 945; baseline 0.002 -23"><span class='ocrx_word' id='word_1_26' title='bbox 117 857 193 922; x_wconf 89' lang='lat' dir='ltr'>olim</span> <span class='ocrx_word' id='word_1_27' title='bbox 226 861 261 922; x_wconf 89' lang='lat' dir='ltr'><em>in</em></span> <span class='ocrx_word' id='word_1_28' title='bbox 293 868 644 925; x_wconf 79' lang='lat' dir='ltr'><strong>TONAeAeAcKeN</strong></span> <span class='ocrx_word' id='word_1_29' title='bbox 680 862 712 923; x_wconf 82' lang='lat' dir='ltr'><em>et</em></span> <span class='ocrx_word' id='word_1_30' title='bbox 747 858 876 922; x_wconf 82' lang='lat' dir='ltr'>fuerunt</span> <span class='ocrx_word' id='word_1_31' title='bbox 910 860 965 942; x_wconf 87' lang='lat' dir='ltr'><em>qui</em></span> <span class='ocrx_word' id='word_1_32' title='bbox 995 861 1157 945; x_wconf 86' lang='lat' dir='ltr'>perinepte</span> <span class='ocrx_word' id='word_1_33' title='bbox 1187 861 1238 924; x_wconf 85' lang='grc' dir='ltr'><em>τὸν</em></span> <span class='ocrx_word' id='word_1_34' title='bbox 1269 861 1300 925; x_wconf 76' lang='grc' dir='ltr'><em>δὲ</em></span> 
     </span>
     <span class='ocr_line' id='line_1_7' title="bbox 118 962 1301 1051; baseline 0.003 -25"><span class='ocrx_word' id='word_1_35' title='bbox 118 962 243 1028; x_wconf 73' lang='grc' dir='ltr'><em>δέοισκεν</em></span> <span class='ocrx_word' id='word_1_36' title='bbox 266 964 426 1051; x_wconf 85' lang='lat' dir='ltr'>legebant.</span> <span class='ocrx_word' id='word_1_37' title='bbox 471 965 627 1030; x_wconf 79' lang='lat' dir='ltr'>Restituit</span> <span class='ocrx_word' id='word_1_38' title='bbox 649 984 718 1030; x_wconf 90' lang='lat' dir='ltr'><em>rem</em></span> <span class='ocrx_word' id='word_1_39' title='bbox 742 964 958 1028; x_wconf 74' lang='lat' dir='ltr'>Aristarchus:</span> <span class='ocrx_word' id='word_1_40' title='bbox 981 964 1088 1042; x_wconf 79' lang='grc' dir='ltr'><em>ὁμοίως</em></span> <span class='ocrx_word' id='word_1_41' title='bbox 1109 964 1301 1042; x_wconf 73' lang='grc' dir='ltr'><em>οίνοογνωςὲον</em></span> 
     </span>
     <span class='ocr_line' id='line_1_8' title="bbox 116 1069 495 1154; baseline 0.003 -20"><span class='ocrx_word' id='word_1_42' title='bbox 116 1072 245 1154; x_wconf 80' lang='lat' dir='ltr'>(Inquit)</span> <span class='ocrx_word' id='word_1_43' title='bbox 268 1070 303 1133; x_wconf 78' lang='grc' dir='ltr'><em>τὸ</em></span> <span class='ocrx_word' id='word_1_44' title='bbox 327 1069 411 1134; x_wconf 75' lang='grc' dir='ltr'><em>τόνδε</em></span> <span class='ocrx_word' id='word_1_45' title='bbox 435 1071 495 1151; x_wconf 76' lang='grc' dir='ltr'><em>τῷ·</em></span> 
     </span>
     <span class='ocr_line' id='line_1_9' title="bbox 276 1173 1119 1264; baseline 0 -25"><span class='ocrx_word' id='word_1_46' title='bbox 276 1175 358 1240; x_wconf 75' lang='grc' dir='ltr'><em>τίνδε</em></span> <span class='ocrx_word' id='word_1_47' title='bbox 384 1177 410 1241; x_wconf 76' lang='grc' dir='ltr'><em>δ’</em></span> <span class='ocrx_word' id='word_1_48' title='bbox 433 1177 510 1254; x_wconf 73' lang='grc' dir='ltr'><em>ἐγὼν</em></span> <span class='ocrx_word' id='word_1_49' title='bbox 534 1174 661 1242; x_wconf 82' lang='grc' dir='ltr'><em>ε’πιίντοο</em></span> <span class='ocrx_word' id='word_1_50' title='bbox 688 1173 891 1264; x_wconf 68' lang='grc' dir='ltr'><em>(δεδέξομαι),</em></span> <span class='ocrx_word' id='word_1_51' title='bbox 917 1174 955 1239; x_wconf 92' lang='lat' dir='ltr'><em>Il.</em></span> <span class='ocrx_word' id='word_1_52' title='bbox 979 1184 1017 1241; x_wconf 89' lang='grc' dir='ltr'><em>Ε.</em></span> <span class='ocrx_word' id='word_1_53' title='bbox 1042 1174 1119 1240; x_wconf 75' lang='grc'><strong>238.</strong></span> 
     </span>
     <span class='ocr_line' id='line_1_10' title="bbox 115 1281 187 1349; baseline 0.056 -4"><span class='ocrx_word' id='word_1_54' title='bbox 115 1281 187 1349; x_wconf 87' lang='grc' dir='ltr'><em>κοοί·</em></span> 
     </span>
     <span class='ocr_line' id='line_1_11' title="bbox 274 1384 883 1471; baseline 0.003 -22"><span class='ocrx_word' id='word_1_55' title='bbox 274 1386 357 1452; x_wconf 75' lang='grc' dir='ltr'><em>τόνδε</em></span> <span class='ocrx_word' id='word_1_56' title='bbox 381 1387 406 1452; x_wconf 75' lang='grc' dir='ltr'><em>δ’</em></span> <span class='ocrx_word' id='word_1_57' title='bbox 431 1387 492 1464; x_wconf 72' lang='grc' dir='ltr'><em>ἐγὼ</em></span> <span class='ocrx_word' id='word_1_58' title='bbox 517 1388 632 1471; x_wconf 79' lang='grc' dir='ltr'><em>κομιῶ,</em></span> <span class='ocrx_word' id='word_1_59' title='bbox 657 1386 715 1452; x_wconf 86' lang='lat' dir='ltr'><em>Od.</em></span> <span class='ocrx_word' id='word_1_60' title='bbox 742 1398 781 1452; x_wconf 94' lang='grc' dir='ltr'><strong>Ο.</strong></span> <span class='ocrx_word' id='word_1_61' title='bbox 807 1384 883 1451; x_wconf 81' lang='grc'><strong>575.</strong></span> 
     </span>
     <span class='ocr_line' id='line_1_12' title="bbox 158 1489 1303 1580; baseline -0.002 -20"><span class='ocrx_word' id='word_1_62' title='bbox 158 1495 302 1579; x_wconf 85' lang='lat' dir='ltr'>Apposui</span> <span class='ocrx_word' id='word_1_63' title='bbox 324 1494 401 1559; x_wconf 85' lang='lat' dir='ltr'>heeo</span> <span class='ocrx_word' id='word_1_64' title='bbox 423 1497 461 1558; x_wconf 86' lang='lat' dir='ltr'><em>ut</em></span> <span class='ocrx_word' id='word_1_65' title='bbox 482 1494 683 1558; x_wconf 80' lang='lat' dir='ltr'><strong>emendarem</strong></span> <span class='ocrx_word' id='word_1_66' title='bbox 703 1492 811 1557; x_wconf 87' lang='lat' dir='ltr'>locum</span> <span class='ocrx_word' id='word_1_67' title='bbox 831 1491 976 1556; x_wconf 69' lang='grc' dir='ltr'><strong>111σά.1“.</strong></span> <span class='ocrx_word' id='word_1_68' title='bbox 997 1489 1074 1557; x_wconf 81' lang='grc'><strong>207.</strong></span> <span class='ocrx_word' id='word_1_69' title='bbox 1094 1493 1152 1558; x_wconf 90' lang='lat' dir='ltr'><em>ubi</em></span> <span class='ocrx_word' id='word_1_70' title='bbox 1167 1493 1303 1580; x_wconf 77' lang='lat' dir='ltr'>legiler:</span> 
     </span>
     <span class='ocr_line' id='line_1_13' title="bbox 274 1597 1133 1678; baseline -0.001 -15"><span class='ocrx_word' id='word_1_71' title='bbox 274 1598 343 1670; x_wconf 81' lang='grc' dir='ltr'><em>τοὺς</em></span> <span class='ocrx_word' id='word_1_72' title='bbox 367 1599 393 1663; x_wconf 76' lang='grc' dir='ltr'><em>δ’</em></span> <span class='ocrx_word' id='word_1_73' title='bbox 418 1599 478 1676; x_wconf 73' lang='grc' dir='ltr'><em>ἐγὼ</em></span> <span class='ocrx_word' id='word_1_74' title='bbox 503 1597 655 1674; x_wconf 82' lang='grc' dir='ltr'><em>ἐξείνισσοο</em></span> <span class='ocrx_word' id='word_1_75' title='bbox 680 1597 731 1662; x_wconf 83' lang='grc' dir='ltr'><em>κοοί</em></span> <span class='ocrx_word' id='word_1_76' title='bbox 756 1599 786 1661; x_wconf 84' lang='grc' dir='ltr'><em>ἕν</em></span> <span class='ocrx_word' id='word_1_77' title='bbox 810 1597 972 1678; x_wconf 70' lang='grc' dir='ltr'><em>μεγάροισι</em></span> <span class='ocrx_word' id='word_1_78' title='bbox 999 1598 1133 1678; x_wconf 75' lang='grc' dir='ltr'><em>Φίλησοο.</em></span> 
     </span>
     <span class='ocr_line' id='line_1_14' title="bbox 113 1703 453 1792; baseline 0 -23"><span class='ocrx_word' id='word_1_79' title='bbox 113 1703 169 1769; x_wconf 89' lang='lat' dir='ltr'>sod</span> <span class='ocrx_word' id='word_1_80' title='bbox 191 1703 365 1792; x_wconf 86' lang='lat' dir='ltr'>legendum</span> <span class='ocrx_word' id='word_1_81' title='bbox 388 1709 453 1769; x_wconf 89' lang='lat' dir='ltr'>est:</span> 
     </span>
     <span class='ocr_line' id='line_1_15' title="bbox 273 1809 687 1888; baseline 0 -14"><span class='ocrx_word' id='word_1_82' title='bbox 273 1811 380 1876; x_wconf 78' lang='grc' dir='ltr'><em>τούσδε</em></span> <span class='ocrx_word' id='word_1_83' title='bbox 404 1809 431 1873; x_wconf 76' lang='grc' dir='ltr'><em>δ’</em></span> <span class='ocrx_word' id='word_1_84' title='bbox 455 1811 515 1888; x_wconf 73' lang='grc' dir='ltr'><em>ἐγὼ</em></span> <span class='ocrx_word' id='word_1_85' title='bbox 539 1810 687 1888; x_wconf 77' lang='grc' dir='ltr'><em>ξείνισσοι.</em></span> 
     </span>
    </p>
   </div>
   <div class='ocr_carea' id='block_1_3' title="bbox 160 2017 1107 2108">
    <p class='ocr_par' dir='ltr' id='par_1_3' title="bbox 160 2017 1107 2108">
     <span class='ocr_line' id='line_1_16' title="bbox 160 2017 1107 2108; baseline -0.002 -24"><span class='ocrx_word' id='word_1_86' title='bbox 160 2020 216 2085; x_wconf 85' lang='lat' dir='ltr'>B1&#39;s</span> <span class='ocrx_word' id='word_1_87' title='bbox 237 2019 359 2108; x_wconf 81' lang='lat' dir='ltr'>legitur</span> <span class='ocrx_word' id='word_1_88' title='bbox 383 2029 428 2085; x_wconf 84' lang='grc' dir='ltr'><strong>Ω.</strong></span> <span class='ocrx_word' id='word_1_89' title='bbox 455 2019 530 2085; x_wconf 84' lang='grc'><strong>348.</strong></span> <span class='ocrx_word' id='word_1_90' title='bbox 557 2024 589 2085; x_wconf 89' lang='lat' dir='ltr'><em>et</em></span> <span class='ocrx_word' id='word_1_91' title='bbox 612 2044 640 2083; x_wconf 87' lang='grc' dir='ltr'><strong>κ.</strong></span> <span class='ocrx_word' id='word_1_92' title='bbox 668 2017 746 2087; x_wconf 79' lang='grc'><strong>279.</strong></span> <span class='ocrx_word' id='word_1_93' title='bbox 770 2040 881 2086; x_wconf 87' lang='lat' dir='ltr'>versus</span> <span class='ocrx_word' id='word_1_94' title='bbox 904 2020 1107 2107; x_wconf 80' lang='lat' dir='ltr'><strong>perelegans:</strong></span> 
     </span>
    </p>
   </div>
   <div class='ocr_carea' id='block_1_4' title="bbox 109 2125 1308 3482">
    <p class='ocr_par' dir='ltr' id='par_1_4' title="bbox 109 2125 1308 3482">
     <span class='ocr_line' id='line_1_17' title="bbox 343 2125 1050 2207; baseline -0.003 -16"><span class='ocrx_word' id='word_1_95' title='bbox 343 2133 457 2207; x_wconf 83' lang='grc' dir='ltr'><em>πρῶτον</em></span> <span class='ocrx_word' id='word_1_96' title='bbox 482 2127 617 2206; x_wconf 82' lang='grc' dir='ltr'><em>ὑπηνήτη</em></span> <span class='ocrx_word' id='word_1_97' title='bbox 641 2129 753 2204; x_wconf 79' lang='grc' dir='ltr'><em>τοῦπερ</em></span> <span class='ocrx_word' id='word_1_98' title='bbox 775 2125 951 2206; x_wconf 79' lang='grc' dir='ltr'><em>χοιριεςοίτη</em></span> <span class='ocrx_word' id='word_1_99' title='bbox 976 2126 1050 2203; x_wconf 83' lang='grc' dir='ltr'><em>ήβη.</em></span> 
     </span>
     <span class='ocr_line' id='line_1_18' title="bbox 113 2228 1307 2317; baseline -0.003 -19"><span class='ocrx_word' id='word_1_100' title='bbox 113 2237 284 2298; x_wconf 77' lang='lat' dir='ltr'>annotetur</span> <span class='ocrx_word' id='word_1_101' title='bbox 314 2232 354 2296; x_wconf 85' lang='lat' dir='ltr'><em>ad</em></span> <span class='ocrx_word' id='word_1_102' title='bbox 385 2230 580 2317; x_wconf 86' lang='lat' dir='ltr'>Odysseum:</span> <span class='ocrx_word' id='word_1_103' title='bbox 614 2231 764 2306; x_wconf 80' lang='grc' dir='ltr'><em>ὑπηνήτης</em></span> <span class='ocrx_word' id='word_1_104' title='bbox 800 2233 813 2296; x_wconf 83' lang='grc' dir='ltr'>ὁ</span> <span class='ocrx_word' id='word_1_105' title='bbox 838 2233 871 2296; x_wconf 79' lang='grc' dir='ltr'><em>τὸ</em></span> <span class='ocrx_word' id='word_1_106' title='bbox 896 2240 1004 2313; x_wconf 80' lang='grc' dir='ltr'><em>χεῖλος</em></span> <span class='ocrx_word' id='word_1_107' title='bbox 1030 2237 1144 2310; x_wconf 79' lang='grc' dir='ltr'><em>πρῶτον</em></span> <span class='ocrx_word' id='word_1_108' title='bbox 1167 2228 1307 2311; x_wconf 79' lang='grc' dir='ltr'><em>χνοοίζων</em></span> 
     </span>
     <span class='ocr_line' id='line_1_19' title="bbox 112 2336 1307 2424; baseline -0.003 -21"><span class='ocrx_word' id='word_1_109' title='bbox 112 2339 235 2420; x_wconf 76' lang='grc' dir='ltr'><em>γενείῳ,</em></span> <span class='ocrx_word' id='word_1_110' title='bbox 266 2339 324 2403; x_wconf 88' lang='lat' dir='ltr'><em>ubi</em></span> <span class='ocrx_word' id='word_1_111' title='bbox 351 2339 452 2403; x_wconf 79' lang='lat' dir='ltr'>scribe</span> <span class='ocrx_word' id='word_1_112' title='bbox 476 2338 617 2424; x_wconf 79' lang='grc' dir='ltr'><em>(πρῶτον)</em></span> <span class='ocrx_word' id='word_1_113' title='bbox 645 2337 809 2412; x_wconf 83' lang='grc' dir='ltr'><em>ὑπηνήτης.</em></span> <span class='ocrx_word' id='word_1_114' title='bbox 856 2338 1021 2402; x_wconf 88' lang='lat' dir='ltr'>Admoneo</span> <span class='ocrx_word' id='word_1_115' title='bbox 1044 2336 1188 2402; x_wconf 85' lang='lat' dir='ltr'>Platonis</span> <span class='ocrx_word' id='word_1_116' title='bbox 1213 2357 1307 2401; x_wconf 83' lang='lat' dir='ltr'>oeuse</span> 
     </span>
     <span class='ocr_line' id='line_1_20' title="bbox 112 2441 1308 2530; baseline -0.003 -21"><span class='ocrx_word' id='word_1_117' title='bbox 112 2444 199 2530; x_wconf 79' lang='lat' dir='ltr'>apud</span> <span class='ocrx_word' id='word_1_118' title='bbox 221 2464 317 2528; x_wconf 90' lang='lat' dir='ltr'>quem</span> <span class='ocrx_word' id='word_1_119' title='bbox 341 2448 455 2524; x_wconf 80' lang='grc' dir='ltr'><em>πρῶτον</em></span> <span class='ocrx_word' id='word_1_120' title='bbox 480 2446 635 2508; x_wconf 89' lang='lat' dir='ltr'>omissum</span> <span class='ocrx_word' id='word_1_121' title='bbox 659 2464 787 2508; x_wconf 90' lang='lat' dir='ltr'>omnem</span> <span class='ocrx_word' id='word_1_122' title='bbox 808 2443 871 2509; x_wconf 87' lang='lat' dir='ltr'>looi</span> <span class='ocrx_word' id='word_1_123' title='bbox 895 2443 1035 2529; x_wconf 90' lang='lat' dir='ltr'>leporem</span> <span class='ocrx_word' id='word_1_124' title='bbox 1057 2443 1198 2508; x_wconf 91' lang='lat' dir='ltr'>sustulit.</span> <span class='ocrx_word' id='word_1_125' title='bbox 1232 2441 1308 2506; x_wconf 79' lang='lat' dir='ltr'>udi-</span> 
     </span>
     <span class='ocr_line' id='line_1_21' title="bbox 111 2547 1307 2637; baseline -0.002 -23"><span class='ocrx_word' id='word_1_126' title='bbox 111 2554 167 2615; x_wconf 90' lang='lat' dir='ltr'><em>tur</em></span> <span class='ocrx_word' id='word_1_127' title='bbox 190 2547 277 2614; x_wconf 87' lang='lat' dir='ltr'>enim</span> <span class='ocrx_word' id='word_1_128' title='bbox 300 2552 334 2614; x_wconf 92' lang='lat' dir='ltr'><em>in</em></span> <span class='ocrx_word' id='word_1_129' title='bbox 357 2551 523 2632; x_wconf 79' lang='grc' dir='ltr'><em>Ροοίοροοο</em></span> <span class='ocrx_word' id='word_1_130' title='bbox 546 2571 619 2637; x_wconf 82' lang='lat' dir='ltr'>pag.</span> <span class='ocrx_word' id='word_1_131' title='bbox 647 2548 725 2615; x_wconf 84' lang='lat'><strong>309.</strong></span> <span class='ocrx_word' id='word_1_132' title='bbox 751 2567 781 2613; x_wconf 79' lang='lat' dir='ltr'><em>A.</em></span> <span class='ocrx_word' id='word_1_133' title='bbox 809 2551 841 2614; x_wconf 80' lang='grc' dir='ltr'><em>οὐ</em></span> <span class='ocrx_word' id='word_1_134' title='bbox 866 2551 903 2615; x_wconf 85' lang='grc' dir='ltr'><em>σὺ</em></span> <span class='ocrx_word' id='word_1_135' title='bbox 929 2551 1034 2627; x_wconf 75' lang='grc' dir='ltr'><em>μέντοι</em></span> <span class='ocrx_word' id='word_1_136' title='bbox 1058 2551 1193 2629; x_wconf 79' lang='grc' dir='ltr'><em>Ὀμήρου</em></span> <span class='ocrx_word' id='word_1_137' title='bbox 1219 2549 1307 2613; x_wconf 85' lang='grc' dir='ltr'><em>ε’ποοι-</em></span> 
     </span>
     <span class='ocr_line' id='line_1_22' title="bbox 111 2649 1305 2736; baseline -0.003 -16"><span class='ocrx_word' id='word_1_138' title='bbox 111 2655 200 2730; x_wconf 81' lang='grc' dir='ltr'><em>νίτης</em></span> <span class='ocrx_word' id='word_1_139' title='bbox 233 2651 275 2733; x_wconf 84' lang='grc' dir='ltr'><em>εί,</em></span> <span class='ocrx_word' id='word_1_140' title='bbox 310 2651 341 2726; x_wconf 79' lang='grc' dir='ltr'><em>ὃς</em></span> <span class='ocrx_word' id='word_1_141' title='bbox 374 2651 435 2736; x_wconf 76' lang='grc' dir='ltr'><em>ἔφη</em></span> <span class='ocrx_word' id='word_1_142' title='bbox 465 2653 659 2734; x_wconf 78' lang='grc' dir='ltr'><em>χοιριεςοίτην</em></span> <span class='ocrx_word' id='word_1_143' title='bbox 692 2651 769 2732; x_wconf 74' lang='grc' dir='ltr'><em>ήβην</em></span> <span class='ocrx_word' id='word_1_144' title='bbox 803 2649 878 2719; x_wconf 86' lang='grc' dir='ltr'><em>είνοοι</em></span> <span class='ocrx_word' id='word_1_145' title='bbox 912 2661 964 2720; x_wconf 87' lang='grc' dir='ltr'><em>τοῦ</em></span> <span class='ocrx_word' id='word_1_146' title='bbox 999 2656 1169 2730; x_wconf 80' lang='grc' dir='ltr'><em>ὑπηνήτου,</em></span> <span class='ocrx_word' id='word_1_147' title='bbox 1194 2651 1229 2728; x_wconf 84' lang='grc' dir='ltr'><em>ήν</em></span> <span class='ocrx_word' id='word_1_148' title='bbox 1254 2658 1305 2718; x_wconf 82' lang='grc' dir='ltr'><em>νῦν</em></span> 
     </span>
     <span class='ocr_line' id='line_1_23' title="bbox 111 2758 1304 2845; baseline -0.003 -19"><span class='ocrx_word' id='word_1_149' title='bbox 111 2759 318 2838; x_wconf 72' lang='grc' dir='ltr'><em>Ἀλκιβιάδης</em></span> <span class='ocrx_word' id='word_1_150' title='bbox 344 2758 427 2840; x_wconf 66' lang='lat' dir='ltr'><em>lxm</em></span> <span class='ocrx_word' id='word_1_151' title='bbox 451 2760 535 2845; x_wconf 89' lang='lat' dir='ltr'>quod</span> <span class='ocrx_word' id='word_1_152' title='bbox 553 2763 661 2845; x_wconf 82' lang='lat' dir='ltr'>inepte</span> <span class='ocrx_word' id='word_1_153' title='bbox 681 2760 805 2824; x_wconf 66' lang='lat' dir='ltr'>(fiotum</span> <span class='ocrx_word' id='word_1_154' title='bbox 825 2762 887 2824; x_wconf 76' lang='lat' dir='ltr'><em>erIt</em></span> <span class='ocrx_word' id='word_1_155' title='bbox 910 2759 1007 2824; x_wconf 88' lang='lat' dir='ltr'>doneo</span> <span class='ocrx_word' id='word_1_156' title='bbox 1031 2759 1228 2845; x_wconf 83' lang='lat' dir='ltr'><em>suppleveris</em></span> <span class='ocrx_word' id='word_1_157' title='bbox 1252 2763 1304 2824; x_wconf 84' lang='grc' dir='ltr'><em>τοῦ</em></span> 
     </span>
     <span class='ocr_line' id='line_1_24' title="bbox 113 2865 1307 2955; baseline -0.003 -24"><span class='ocrx_word' id='word_1_158' title='bbox 113 2867 256 2955; x_wconf 81' lang='grc' dir='ltr'><em>(πρῶτον)</em></span> <span class='ocrx_word' id='word_1_159' title='bbox 281 2868 447 2943; x_wconf 85' lang='grc' dir='ltr'><em>ὑπηνήτου.</em></span> <span class='ocrx_word' id='word_1_160' title='bbox 494 2865 566 2931; x_wconf 82' lang='grc' dir='ltr'><em>Νου</em></span> <span class='ocrx_word' id='word_1_161' title='bbox 591 2871 638 2930; x_wconf 86' lang='lat' dir='ltr'>est</span> <span class='ocrx_word' id='word_1_162' title='bbox 662 2865 797 2930; x_wconf 89' lang='lat' dir='ltr'>dubium</span> <span class='ocrx_word' id='word_1_163' title='bbox 822 2867 900 2949; x_wconf 88' lang='lat' dir='ltr'>quin</span> <span class='ocrx_word' id='word_1_164' title='bbox 921 2865 985 2929; x_wconf 83' lang='lat' dir='ltr'><em>huo</em></span> <span class='ocrx_word' id='word_1_165' title='bbox 1009 2867 1181 2950; x_wconf 86' lang='lat' dir='ltr'>respexerit</span> <span class='ocrx_word' id='word_1_166' title='bbox 1203 2867 1231 2929; x_wconf 91' lang='lat' dir='ltr'>is</span> <span class='ocrx_word' id='word_1_167' title='bbox 1252 2866 1307 2949; x_wconf 90' lang='lat' dir='ltr'><em>qui</em></span> 
     </span>
     <span class='ocr_line' id='line_1_25' title="bbox 109 2969 1308 3055; baseline -0.006 -15"><span class='ocrx_word' id='word_1_168' title='bbox 109 2975 151 3040; x_wconf 80' lang='lat' dir='ltr'><em>ad</em></span> <span class='ocrx_word' id='word_1_169' title='bbox 184 2972 302 3037; x_wconf 84' lang='lat' dir='ltr'>Iliados</span> <span class='ocrx_word' id='word_1_170' title='bbox 325 2973 347 3037; x_wconf 91' lang='lat' dir='ltr'><em>l.</em></span> <span class='ocrx_word' id='word_1_171' title='bbox 373 2972 394 3037; x_wconf 92' lang='lat' dir='ltr'><em>I.</em></span> <span class='ocrx_word' id='word_1_172' title='bbox 420 2971 604 3055; x_wconf 82' lang='lat' dir='ltr'>adscripsit:</span> <span class='ocrx_word' id='word_1_173' title='bbox 631 2977 745 3050; x_wconf 84' lang='grc' dir='ltr'><em>πρῶτον</em></span> <span class='ocrx_word' id='word_1_174' title='bbox 772 2970 926 3050; x_wconf 75' lang='grc' dir='ltr'><em>ὑπηνήτήε</em></span> <span class='ocrx_word' id='word_1_175' title='bbox 954 2969 1088 3049; x_wconf 78' lang='grc' dir='ltr'><em>μεθόριον</em></span> <span class='ocrx_word' id='word_1_176' title='bbox 1112 2971 1233 3045; x_wconf 77' lang='grc' dir='ltr'><em>ήλικίοιι</em></span> <span class='ocrx_word' id='word_1_177' title='bbox 1257 2972 1308 3033; x_wconf 73' lang='grc' dir='ltr'><em>οἰν-</em></span> 
     </span>
     <span class='ocr_line' id='line_1_26' title="bbox 111 3074 1306 3161; baseline -0.003 -17"><span class='ocrx_word' id='word_1_178' title='bbox 111 3080 180 3161; x_wconf 79' lang='grc' dir='ltr'><em>δρὸς</em></span> <span class='ocrx_word' id='word_1_179' title='bbox 212 3077 264 3141; x_wconf 71' lang='lat' dir='ltr'><em>nol</em></span> <span class='ocrx_word' id='word_1_180' title='bbox 296 3077 414 3150; x_wconf 73' lang='grc' dir='ltr'><em>παιδός.</em></span> <span class='ocrx_word' id='word_1_181' title='bbox 440 3115 482 3126; x_wconf 79' lang='lat'><em>-</em></span> <span class='ocrx_word' id='word_1_182' title='bbox 508 3076 574 3156; x_wconf 84' lang='grc' dir='ltr'><em>περί</em></span> <span class='ocrx_word' id='word_1_183' title='bbox 607 3076 677 3148; x_wconf 81' lang='grc' dir='ltr'><em>τοὺς</em></span> <span class='ocrx_word' id='word_1_184' title='bbox 709 3076 860 3147; x_wconf 83' lang='grc' dir='ltr'><em>τοιούτους</em></span> <span class='ocrx_word' id='word_1_185' title='bbox 885 3077 916 3140; x_wconf 76' lang='grc' dir='ltr'><em>δὲ</em></span> <span class='ocrx_word' id='word_1_186' title='bbox 940 3074 974 3151; x_wconf 85' lang='grc' dir='ltr'><em>ήν</em></span> <span class='ocrx_word' id='word_1_187' title='bbox 1000 3075 1051 3139; x_wconf 85' lang='grc' dir='ltr'><em>κοιί</em></span> <span class='ocrx_word' id='word_1_188' title='bbox 1076 3075 1089 3139; x_wconf 83' lang='grc' dir='ltr'><em>ὃ</em></span> <span class='ocrx_word' id='word_1_189' title='bbox 1116 3077 1306 3156; x_wconf 76' lang='grc' dir='ltr'><em>Σοκροιτικίς</em></span> 
     </span>
     <span class='ocr_line' id='line_1_27' title="bbox 111 3181 1307 3270; baseline -0.004 -20"><span class='ocrx_word' id='word_1_190' title='bbox 111 3185 195 3268; x_wconf 79' lang='grc' dir='ltr'><strong>ἔρως.</strong></span> <span class='ocrx_word' id='word_1_191' title='bbox 243 3184 281 3248; x_wconf 92' lang='lat' dir='ltr'><em>In</em></span> <span class='ocrx_word' id='word_1_192' title='bbox 312 3183 447 3250; x_wconf 71' lang='lat' dir='ltr'>Scholiu</span> <span class='ocrx_word' id='word_1_193' title='bbox 475 3183 514 3248; x_wconf 87' lang='lat' dir='ltr'><em>ad</em></span> <span class='ocrx_word' id='word_1_194' title='bbox 536 3181 681 3248; x_wconf 81' lang='lat' dir='ltr'>Platonis</span> <span class='ocrx_word' id='word_1_195' title='bbox 705 3182 728 3248; x_wconf 86' lang='lat' dir='ltr'><em>l.</em></span> <span class='ocrx_word' id='word_1_196' title='bbox 751 3181 774 3248; x_wconf 91' lang='lat' dir='ltr'><em>l.</em></span> <span class='ocrx_word' id='word_1_197' title='bbox 801 3182 939 3270; x_wconf 77' lang='lat' dir='ltr'>legitur:</span> <span class='ocrx_word' id='word_1_198' title='bbox 963 3190 1017 3257; x_wconf 72' lang='grc' dir='ltr'><em>τήν</em></span> <span class='ocrx_word' id='word_1_199' title='bbox 1043 3183 1140 3256; x_wconf 72' lang='grc' dir='ltr'><em>αὐτῆς</em></span> <span class='ocrx_word' id='word_1_200' title='bbox 1165 3181 1307 3263; x_wconf 82' lang='grc' dir='ltr'><em>φροίσεως</em></span> 
     </span>
     <span class='ocr_line' id='line_1_28' title="bbox 110 3286 1307 3372; baseline -0.008 -13"><span class='ocrx_word' id='word_1_201' title='bbox 110 3295 166 3358; x_wconf 70' lang='lat' dir='ltr'><em>nal</em></span> <span class='ocrx_word' id='word_1_202' title='bbox 204 3293 238 3358; x_wconf 78' lang='grc' dir='ltr'><em>τὸ</em></span> <span class='ocrx_word' id='word_1_203' title='bbox 275 3289 344 3370; x_wconf 87' lang='grc' dir='ltr'><em>ίίρτι</em></span> <span class='ocrx_word' id='word_1_204' title='bbox 377 3288 516 3369; x_wconf 82' lang='grc' dir='ltr'><em>χνοοίζυν</em></span> <span class='ocrx_word' id='word_1_205' title='bbox 551 3288 610 3358; x_wconf 79' lang='grc' dir='ltr'><em>τίοι</em></span> <span class='ocrx_word' id='word_1_206' title='bbox 645 3286 795 3372; x_wconf 81' lang='grc' dir='ltr'><em>ποιρειοίσ,</em></span> <span class='ocrx_word' id='word_1_207' title='bbox 827 3288 879 3353; x_wconf 81' lang='grc' dir='ltr'><em>κοοί</em></span> <span class='ocrx_word' id='word_1_208' title='bbox 914 3288 949 3352; x_wconf 83' lang='grc' dir='ltr'><em>τὸ</em></span> <span class='ocrx_word' id='word_1_209' title='bbox 984 3288 1161 3369; x_wconf 80' lang='grc' dir='ltr'><em>οίρτίχνοος,</em></span> <span class='ocrx_word' id='word_1_210' title='bbox 1190 3288 1242 3352; x_wconf 78' lang='grc' dir='ltr'><em>κοί</em></span> <span class='ocrx_word' id='word_1_211' title='bbox 1273 3287 1307 3351; x_wconf 83' lang='grc' dir='ltr'><em>τὸ</em></span> 
     </span>
     <span class='ocr_line' id='line_1_29' title="bbox 109 3393 1306 3482; baseline -0.005 -15"><span class='ocrx_word' id='word_1_212' title='bbox 109 3401 223 3472; x_wconf 76' lang='grc' dir='ltr'><em>ἰούλοις</em></span> <span class='ocrx_word' id='word_1_213' title='bbox 248 3395 504 3477; x_wconf 81' lang='grc' dir='ltr'><em>ὑποσκιοιζόμενος</em></span> <span class='ocrx_word' id='word_1_214' title='bbox 530 3394 604 3470; x_wconf 77' lang='grc' dir='ltr'><em>ήδη,</em></span> <span class='ocrx_word' id='word_1_215' title='bbox 631 3393 683 3458; x_wconf 73' lang='lat' dir='ltr'><em>nal</em></span> <span class='ocrx_word' id='word_1_216' title='bbox 703 3393 738 3457; x_wconf 79' lang='grc' dir='ltr'><em>τὸ</em></span> <span class='ocrx_word' id='word_1_217' title='bbox 760 3401 874 3475; x_wconf 78' lang='grc' dir='ltr'><em>πρῶτος</em></span> <span class='ocrx_word' id='word_1_218' title='bbox 895 3393 972 3482; x_wconf 78' lang='lat' dir='ltr'>(leg.</span> <span class='ocrx_word' id='word_1_219' title='bbox 993 3393 1120 3482; x_wconf 80' lang='grc' dir='ltr'><em>πρῶτον)</em></span> <span class='ocrx_word' id='word_1_220' title='bbox 1142 3394 1306 3470; x_wconf 80' lang='grc' dir='ltr'><em>ὑπηνήτης.</em></span> 
     </span>
    </p>
   </div>
   <div class='ocr_carea' id='block_1_5' title="bbox 605 3632 814 3700">
    <p class='ocr_par' dir='ltr' id='par_1_5' title="bbox 605 3632 814 3700">
     <span class='ocr_line' id='line_1_30' title="bbox 605 3632 814 3700; baseline -0.01 -2"><span class='ocrx_word' id='word_1_221' title='bbox 605 3632 814 3700; x_wconf 84' lang='lat' dir='ltr'>LXXXVIII.</span> 
     </span>
    </p>
   </div>
   <div class='ocr_carea' id='block_1_6' title="bbox 392 3856 998 3920">
    <p class='ocr_par' dir='ltr' id='par_1_6' title="bbox 392 3856 998 3920">
     <span class='ocr_line' id='line_1_31' title="bbox 392 3856 998 3920; baseline -0.01 -11"><span class='ocrx_word' id='word_1_222' title='bbox 392 3861 459 3909; x_wconf 78' lang='lat' dir='ltr'><em>&#39;Iu</em></span> <span class='ocrx_word' id='word_1_223' title='bbox 484 3860 635 3920; x_wconf 77' lang='lat' dir='ltr'><strong>QUOSDAM</strong></span> <span class='ocrx_word' id='word_1_224' title='bbox 657 3859 701 3906; x_wconf 87' lang='lat' dir='ltr'><em>IIX</em></span> <span class='ocrx_word' id='word_1_225' title='bbox 724 3856 866 3906; x_wconf 79' lang='lat' dir='ltr'>ODYSSEA</span> <span class='ocrx_word' id='word_1_226' title='bbox 888 3857 998 3906; x_wconf 78' lang='lat' dir='ltr'><strong>LOOOS.</strong></span> 
     </span>
    </p>
   </div>
   <div class='ocr_carea' id='block_1_7' title="bbox 158 4023 1157 4427">
    <p class='ocr_par' dir='ltr' id='par_1_7' title="bbox 158 4023 1157 4427">
     <span class='ocr_line' id='line_1_32' title="bbox 158 4023 380 4096; baseline -0.018 0"><span class='ocrx_word' id='word_1_227' title='bbox 158 4027 219 4096; x_wconf 86' lang='lat' dir='ltr'><em>Od.</em></span> <span class='ocrx_word' id='word_1_228' title='bbox 241 4037 280 4092; x_wconf 87' lang='lat' dir='ltr'><em>A.</em></span> <span class='ocrx_word' id='word_1_229' title='bbox 305 4023 380 4092; x_wconf 88' lang='grc'><strong>115.</strong></span> 
     </span>
     <span class='ocr_line' id='line_1_33' title="bbox 250 4126 1157 4214; baseline -0.003 -18"><span class='ocrx_word' id='word_1_230' title='bbox 250 4131 411 4211; x_wconf 78' lang='grc' dir='ltr'><em>ίσσίριενος</em></span> <span class='ocrx_word' id='word_1_231' title='bbox 434 4128 545 4213; x_wconf 76' lang='grc' dir='ltr'><em>πατέρ’</em></span> <span class='ocrx_word' id='word_1_232' title='bbox 572 4132 676 4197; x_wconf 77' lang='grc' dir='ltr'><em>ε’σίλίν</em></span> <span class='ocrx_word' id='word_1_233' title='bbox 702 4129 743 4197; x_wconf 81' lang='grc' dir='ltr'><em>ε’νί</em></span> <span class='ocrx_word' id='word_1_234' title='bbox 768 4127 877 4214; x_wconf 81' lang='grc' dir='ltr'><em>Φρεσίν</em></span> <span class='ocrx_word' id='word_1_235' title='bbox 900 4126 930 4195; x_wconf 88' lang='grc' dir='ltr'><em>εί</em></span> <span class='ocrx_word' id='word_1_236' title='bbox 953 4129 1042 4196; x_wconf 82' lang='grc' dir='ltr'><em>ποίει</em></span> <span class='ocrx_word' id='word_1_237' title='bbox 1066 4129 1157 4196; x_wconf 73' lang='grc' dir='ltr'><em>ε’λίίιν</em></span> 
     </span>
     <span class='ocr_line' id='line_1_34' title="bbox 252 4234 1112 4320; baseline -0.002 -18"><span class='ocrx_word' id='word_1_238' title='bbox 252 4239 408 4320; x_wconf 80' lang='grc' dir='ltr'><em>μνηςήρυν</em></span> <span class='ocrx_word' id='word_1_239' title='bbox 430 4240 489 4304; x_wconf 82' lang='grc' dir='ltr'><em>τῶν</em></span> <span class='ocrx_word' id='word_1_240' title='bbox 513 4239 569 4315; x_wconf 77' lang='grc' dir='ltr'><em>μὲν</em></span> <span class='ocrx_word' id='word_1_241' title='bbox 593 4237 739 4304; x_wconf 74' lang='grc' dir='ltr'><em>σκέδασιν</em></span> <span class='ocrx_word' id='word_1_242' title='bbox 763 4237 849 4303; x_wconf 81' lang='grc' dir='ltr'><em>κοντοὶ</em></span> <span class='ocrx_word' id='word_1_243' title='bbox 874 4234 1007 4313; x_wconf 77' lang='grc' dir='ltr'><em>διίμοοτοι</em></span> <span class='ocrx_word' id='word_1_244' title='bbox 1032 4235 1112 4314; x_wconf 83' lang='grc' dir='ltr'><em>ίείη,</em></span> 
     </span>
     <span class='ocr_line' id='line_1_35' title="bbox 254 4341 616 4427; baseline 0 -19"><span class='ocrx_word' id='word_1_245' title='bbox 254 4345 346 4424; x_wconf 85' lang='grc' dir='ltr'><em>τιμήν</em></span> <span class='ocrx_word' id='word_1_246' title='bbox 370 4343 396 4409; x_wconf 77' lang='grc' dir='ltr'><em>δ’</em></span> <span class='ocrx_word' id='word_1_247' title='bbox 421 4343 513 4416; x_wconf 74' lang='grc' dir='ltr'><em>οὗτος</em></span> <span class='ocrx_word' id='word_1_248' title='bbox 538 4341 616 4427; x_wconf 76' lang='grc' dir='ltr'><em>ἔχοι.</em></span> 
     </span>
    </p>
   </div>
   <div class='ocr_carea' id='block_1_8' title="bbox 0 0 1530 4970">
    <p class='ocr_par' dir='ltr' id='par_1_8' title="bbox 0 0 1530 4970">
     <span class='ocr_line' id='line_1_36' title="bbox 0 0 1530 4970; baseline 0 3"><span class='ocrx_word' id='word_1_249' title='bbox 0 0 1530 4970; x_wconf 95' lang='lat' dir='ltr'><em> </em></span> 
     </span>
    </p>
   </div>
  </div>
 </body>
</html>
