3034 4968
803 209 846 276 74

233 403 265 460 et
288 395 464 461 scribarum
489 418 607 462 errores
632 398 790 484 (γραφικοὶ
816 397 1051 475 retectam)
1074 399 1255 482 pecineptcs
1277 399 1308 460 in
1327 391 1402 459 libris

233 502 413 567 inolevisse.
449 503 554 582 Quam
578 509 659 569 esset
680 506 716 568 in
739 503 858 568 talibus
880 502 1112 588 Harpocration
1134 503 1248 568 infelix
1271 505 1404 568 coniector

235 629 331 692 supra
354 610 506 676 vidimus.

280 820 361 908 Peg.
387 819 461 886 186.
494 822 548 888 20.
581 823 654 900 ὑπὲρ
687 817 721 894 ἧς
754 822 821 908 (τῆς
847 823 1007 898 'amente
1031 822 1069 892 ὦς
1102 821 1159 896 μὲν
1184 819 1255 892 τοὺς
1280 817 1406 890 ἐσιόντος

236 929 438 1006 ἀμυνούμεθα
471 930 496 992 οἱ
530 931 693 1008 Μαραθῶνι
724 933 783 991 τῶν
814 925 965 1005 προγόνων
989 928 1084 990 αὐτοῦ
1109 924 1224 1004 μόλις’
1250 925 1287 989 όον
1310 925 1407 990 εἰδεῖεν.

237 1033 433 1099 Succurrunt
457 1033 496 1097 ad
520 1034 596 1098 haec
620 1054 700 1118 quae
728 1033 906 1119 Aeschylus
928 1036 963 1096 in
985 1038 1194 1097 monumento
1218 1053 1276 1098 suo
1298 1031 1409 1098 inscribi
1501 1049 1503 1118 ν

237 1142 349 1204 iussit:
1501 1121 1502 1138 ό

396 1245 495 1318 aazia
518 1247 545 1310 δ’
569 1244 723 1323 εὐδόκιμον
747 1246 943 1324 Μαραθώνιον
966 1244 1062 1318 ἄλσος
1086 1246 1124 1311 θον
1149 1243 1227 1311 εἴποι

489 1349 542 1414 καὶ
554 1351 781 1431 detexendam
803 1353 908 1425 Μῆδος
933 1353 1130 1428 ε’πιςοόμενος.

239 1457 294 1521 sed
304 1456 416 1541 fateri
435 1461 587 1543 temperis
607 1461 694 1522 notio
711 1460 748 1528 ὡς
769 1460 995 1533 ᾰμννοτμεθα
1013 1459 1052 1523 ab
1068 1459 1127 1524 hcc
1145 1458 1214 1523 loco
1234 1458 1413 1524 alienissima

240 1567 298 1626 est.
336 1561 522 1648 Requiritur
540 1584 685 1648 praesens
704 1562 895 1639 ἀμυνόμεθα.
925 1563 1040 1629 Persae
1064 1567 1120 1649 qui
1141 1564 1182 1630 ad
1206 1563 1413 1630 Marathonem

240 1668 503 1754 depugnaverunt
541 1671 620 1733 seire
657 1690 719 1734 non
758 1675 903 1753 poterant
934 1690 1031 1756 quam
1059 1671 1184 1735 fortiter
1221 1669 1415 1734 Athenienses

232 1775 358 1856 posthac
380 1773 566 1838 dimicaturi
590 1781 710 1839 essent:
736 1780 933 1858 praesentem
957 1777 1114 1840 virtutem
1136 1781 1308 1840 senserant.

285 1982 365 2069 Peg.
392 1980 466 2048 187.
494 1983 524 2047 9.
558 1987 590 2048 οὐ
622 1987 682 2058 μὴν
709 1983 771 2049 οὐδ’
797 1985 896 2065 ἐκείνῳ
927 1986 1079 2066 συμφόρει
1111 1984 1248 2060 ξὲνΟΤΟ
1279 1991 1416 2063 κρατῆσαι

239 2096 296 2152 σῶν
321 2091 485 2164 Ἑλλήνων.
521 2087 648 2155 Clamat
671 2094 828 2155 sententia
847 2090 970 2166 ξένΟΙΟ
994 2112 1060 2156 esse
1084 2090 1265 2173 legendum.
1301 2090 1418 2156 Dudum

239 2194 406 2258 admonuit
428 2193 606 2271 Dobraeus,
631 2205 694 2266 τοῖς
720 2197 748 2260 δ’
772 2197 854 2260 οὐδὲν
877 2195 979 2272 μέλει.

284 2301 478 2364 Acutissime
500 2300 584 2365 vidit
606 2301 693 2365 idem
711 2321 786 2389 pag.
801 2299 876 2366 187.
904 2299 956 2366 17.
980 2303 1031 2366 διόι
1055 2304 1089 2366 τὸ
1110 2311 1212 2378 μισεῖν
1237 2302 1347 2375 αὐτοὺς
1367 2298 1418 2365 οὐδ’

241 2405 279 2470 όιν
302 2407 411 2478 οόλνθὲς
438 2406 519 2469 οὐδὲν
549 2404 638 2479 ἡδέως
669 2406 759 2489 [οὐδ’]
783 2409 901 2484 erata
925 2409 991 2488 περὶ
1017 2410 1117 2472 αὐτῶν
1141 2410 1310 2473 ἀκούσαιτε
1334 2406 1420 2472 deleri

240 2516 382 2596 oportere
405 2513 628 2595 importunum
652 2510 736 2589 οὐδέ,
762 2513 845 2598 quod
869 2514 1016 2578 additum
1038 2513 1133 2598 plane
1156 2517 1287 2580 oratoris
1311 2519 1421 2578 senten·
1510 2561 1512 2588 ς

240 2621 322 2681 tiam
342 2617 569 2701 pessumdedit.

467 2833 584 2894 ’ΥΠΕΡ
610 2837 695 2894 THC
718 2832 899 2894 ῬΟΔΙΩΝ
924 2830 1212 2896 ἘΛΕΤΘΕΡΙΛΕ.

287 3041 367 3130 Peg.
393 3039 468 3106 191.
499 3039 530 3104 2.
564 3040 688 3104 ε’σειδόιν
721 3039 784 3118 γάρ
812 3062 841 3102 τι
875 3038 945 3119 δόξῃ
968 3039 1020 3103 καὶ
1047 3040 1188 3120 ψηφισθῇ
1220 3049 1339 3105 ΤΟΤΕ
1368 3037 1424 3102 ἴσον

243 3155 296 3213 τοῦ
320 3149 495 3228 πραχθῆναι
528 3147 644 3227 οὶσέχει
678 3141 802 3224 όσονσεο
826 3144 893 3224 πρὶν
918 3145 1014 3222 δόξαν.
1062 3145 1188 3209 Vitium
1212 3150 1317 3212 estin
1339 3144 1407 3209 τότε
1417 3189 1425 3218 ,

242 3261 317 3344 quia
336 3258 488 3342 temporis
507 3257 595 3319 notio
614 3257 649 3316 in
668 3253 749 3317 hane
767 3256 959 3318 sententiam
974 3274 1036 3317 non
1060 3253 1155 3317 eadit.
1181 3251 1425 3340 Corrigendum:

241 3376 301 3432 TO
328 3367 390 3428 ἴσον
411 3400 454 3410 -
475 3358 598 3439 όσονσεο
622 3360 812 3422 tantumdem.

288 3575 368 3662 Peg.
385 3571 459 3637 197.
485 3571 516 3636 5.
543 3570 688 3651 πρέσβεις
714 3569 857 3642 ἐλθόντας
883 3570 916 3632 ἐκ
938 3569 1168 3645 Λακεδαίμονος
1182 3607 1225 3617 -
1239 3569 1430 3650 ἕψηφόσανσο

243 3681 296 3745 ἕόιν
321 3682 365 3754 μὴ
389 3682 444 3758 πρὸ
471 3681 554 3753 ἡλόον
579 3677 682 3748 δόντος
708 3676 978 3741 ἀπαλλάσσωνται
1008 3677 1174 3750 πολεμίους
1199 3677 1313 3754 κρίνειν.
1359 3671 1432 3736 Sen-

243 3788 344 3850 tentia
374 3773 532 3870 postulat:
549 3807 606 3867 pro
630 3784 762 3846 tectibus
784 3806 844 3846 sese
867 3783 1038 3846 dedituros:
1061 3801 1136 3867 erge
1156 3788 1262 3860 κρινεῖν
1285 3783 1432 3865 seriptum

248 3893 400 3976 oportuit.

288 4105 368 4192 Pag.
394 4100 467 4167 198.
502 4101 555 4166 21.
589 4107 654 4165 Κῶν
680 4101 733 4163 καὶ
760 4099 857 4165 Ῥόδον
887 4100 938 4164 καὶ
965 4096 1068 4170 όόλλας
1094 4098 1198 4179 ἑτέρας
1223 4099 1337 4169 πόλεις.
1383 4098 1432 4158 Sic

244 4209 276 4274 S.
301 4207 426 4276 Caeteri
457 4207 508 4271 xci
540 4205 644 4277 ἄλλας
679 4207 784 4279 πόλεις
810 4206 925 4287 ἑτέρας.
973 4203 1036 4270 Sed
1059 4226 1133 4270 cum
1157 4204 1239 4270 bona
1262 4205 1433 4271 scribarum

244 4337 320 4406 paee
343 4337 405 4381 non
428 4334 494 4379 esse
518 4313 600 4378 hauc
624 4308 780 4378 Graecam
804 4315 979 4377 orationem
1006 4309 1197 4377 confidenter
1214 4311 1343 4376 affirmo.
1376 4307 1435 4371 Po·
