3026 4970
638 233 702 306 341

130 439 166 496 Α.
189 427 240 498 72.
264 433 331 497 erat
356 427 483 511 ὑσμϊνή,
507 431 592 495 recte
617 428 819 495 Aristarchus
844 427 953 508 ὑσριὺνιι
975 433 1120 499 correxit.
1139 432 1214 501 vide
1233 436 1265 499 et

92 545 126 604 Λ.
145 535 194 604 76.
210 544 256 602 Μ.
279 535 332 602 46.
352 544 395 601 Ν.
416 534 470 600 29.
494 544 534 601 0.
558 533 636 602 741.
658 535 715 600 ubi
733 540 781 600 est
801 535 912 602 eadem
931 537 1015 603 inter
1028 541 1264 608 nominativum

92 646 118 707 et
138 641 276 710 dativum
299 643 522 710 controversia.
549 642 587 707 cs.
613 647 704 708 etz.
731 640 786 707 10.
840 641 846 652 “

128 747 280 816 Homerus
311 768 508 835 quamquam
539 769 579 814 ex
609 748 736 814 Ionicae
766 747 895 814 dialecti
921 749 1051 837 ingenio
1074 749 1199 818 vocales
1222 759 1265 816 HI

92 857 118 919 et
146 865 192 921 ΩΙ
221 855 392 923 dissolvere
423 853 504 920 solet
526 854 585 919 nbi
607 855 747 924 ὑστικιςὺ
770 855 1013 935 contrahuntur,
1037 862 1075 921 nt
1096 859 1130 921 in
1154 856 1265 936 ήὺὑεσς,

92 959 244 1040 tricocco,
270 964 429 1042 λνοϊςήρες,
452 959 504 1036 ήϊα
530 960 642 1049 (ήιαν),
664 961 761 1039 δήϊος,
783 960 900 1047 δήϊθαν,
921 961 1058 1042 θρήϊαει,
1079 965 1130 1028 νῶϊ
1137 1011 1145 1041 ,
1166 964 1265 1048 σφῶϊ,

91 1066 205 1148 Τρώϊοι,
240 1065 413 1149 Τραϊώδει,
450 1064 582 1147 ὑπερώϊά
617 1071 649 1132 96
681 1066 872 1149 ὑπεροοϊθθεν,
907 1072 939 1133 96
969 1071 1042 1134 sim.
1073 1074 1181 1135 tamen
1214 1090 1266 1135 999

91 1173 271 1262 ubicumque
301 1194 380 1260 opus
413 1177 460 1240 est
491 1172 600 1238 Attico
623 1193 713 1239 more
736 1179 878 1254 συναιρεῖ.
924 1173 987 1241 Pro
1009 1196 1043 1240 re
1066 1181 1140 1240 nata
1163 1177 1213 1240 νῶϊ
1235 1178 1268 1239 96

91 1279 122 1362 νή
149 1284 252 1367 ponit,
285 1281 369 1364 σφῶϊ
394 1284 425 1344 96
448 1277 536 1362 σφώ,
564 1279 681 1361 θρήϊιιει
705 1284 737 1344 96
762 1279 879 1363 θρήνοις,
905 1282 959 1358 ήϊα
983 1285 1016 1346 96
1040 1281 1106 1364 ήιον.
1154 1279 1267 1368 Odysa.

90 1410 111 1450 ε.
134 1386 204 1453 368.

303 1495 342 1566 ιὺι
368 1491 395 1558 δ’
420 1490 532 1570 οϊνεαοο
557 1490 632 1572 ζαϊις
658 1492 715 1573 ήαν
740 1492 860 1569 θημῶνα
885 1490 1004 1573 πινώξή.

128 1600 210 1675 Δήϊοι
236 1601 268 1666 96
291 1598 373 1674 δήϊον
397 1601 469 1664 9669
492 1595 637 1664 vocalem
660 1597 828 1685 trisyllaba
852 1604 943 1664 sunt:
968 1598 1041 1672 δήϊοι
1067 1597 1176 1678 ἐγγύθι
1195 1604 1268 1674 νιρῶν

90 1708 116 1768 96
136 1704 211 1780 δηΐου
236 1706 270 1770 ἐκ
294 1703 449 1783 πολέμου,
470 1704 525 1770 996
545 1704 776 1770 contrahuntur
796 1705 891 1788 δήσιο,
912 1703 1023 1785 δήοισι,
1044 1706 1146 1788 δήσεις,
1171 1706 1266 1787 δήιον,

89 1813 116 1873 96
143 1810 274 1893 δήώσασ,
307 1810 445 1894 δήώπειν,
477 1815 515 1874 66
546 1811 581 1874 in
612 1816 674 1887 γνῶ
709 1815 734 1888 ῥ’
771 1808 881 1891 ἄνδρας
917 1810 1022 1891 δήσας,
1060 1810 1152 1892 πυρὸς
1188 1811 1265 1891 δήοιο

91 1913 217 1996 θέρωνται
224 1965 233 1997 ,
267 1918 360 2000 δήοισι
391 1915 575 1995 ροώχεσθαι,
610 1916 753 1997 ώνδρώσιν
784 1917 814 1979 ἒν
839 1916 947 1998 δήοισι,
972 1916 1047 1998 δήιον
1070 1916 1138 1982 ucri
1164 1916 1267 1996 κύρμα

89 2021 232 2099 γενέσθαι.
291 2023 350 2088 list
385 2025 483 2089 etiam
518 2024 725 2107 participium
760 2022 833 2104 δήὺν
869 2031 901 2086 Ρ.
941 2019 992 2086 65.
1028 2022 1085 2087 ubi
1119 2026 1270 2088 annotant

90 2132 217 2196 veteres:
242 2129 298 2194 σὺν
323 2132 365 2211 τῷ
391 2139 404 2194 1
429 2129 589 2212 γροϊΦεται
615 2136 769 2194 ΔΗΙΩΝ.

126 2235 231 2316 Τρώϊοι
264 2240 296 2302 96
327 2236 440 2320 Τρῳοϊ,
466 2235 620 2316 Τρωϊσὺδες
644 2239 676 2302 96
700 2233 860 2318 Τρῳάδες,
885 2232 1017 2316 ὑπερώϊα
1041 2240 1073 2300 96
1096 2234 1216 2316 ὑπερῷα
1239 2237 1271 2300 96

88 2339 220 2422 ὑπερῴην.
246 2348 277 2409 96
302 2344 373 2408 sim.
398 2341 502 2428 plura.

125 2445 273 2536 Superest
296 2451 331 2513 in
355 2469 392 2515 ea
414 2469 448 2514 re
471 2447 626 2514 mendum
649 2449 683 2512 in
706 2446 766 2514 06.
790 2471 815 2529 ρ.
842 2445 907 2513 630

350 2555 383 2631 sil
406 2554 517 2636 θώρήιπι
533 2556 605 2631 -ή
632 2555 726 2618 αὑτοῦ
752 2554 838 2619 καπὺι
863 2554 961 2633 δῶμα.

86 2662 118 2724 66
145 2661 354 2728 Athenienses
385 2662 531 2728 dicebant
560 2661 682 2742 θὺρασι,
709 2659 834 2741 θύραθεν
859 2665 891 2727 96
913 2659 1036 2743 θύραζε,
1061 2663 1106 2727 sic
1129 2659 1270 2727 Homero

86 2763 197 2847 tripart,
231 2767 335 2850 θθρήθε
367 2773 399 2834 96
430 2767 539 2850 θύραζε
564 2771 752 2834 consuetum
775 2773 823 2834 est
846 2767 959 2834 dicere.
1007 2765 1119 2853 Itaque
1143 2773 1268 2834 exemto

86 2881 97 2935 1
118 2875 319 2942 scribendum
345 2874 456 2955 θθρήσι.

123 3079 166 3148 06
195 3081 279 3149 nihil
309 3083 392 3169 quod
423 3084 463 3149 ad
494 3083 575 3150 hano
605 3085 859 3151 observationem
882 3085 1038 3170 pertineat
1061 3086 1211 3150 omittam
1235 3087 1269 3149 in

82 3184 137 3254 fine
158 3211 277 3277 ponam
300 3189 512 3274 vocabulum,
537 3209 598 3274 quo
623 3187 785 3255 Homerus
804 3211 961 3276 nusquam
981 3194 1124 3254 6969996
1145 3199 1269 3257 ΩΙΟΝ.

82 3290 165 3362 16699
183 3300 364 3363 constanter
383 3295 468 3374 ώϊσν,
490 3293 734 3380 attumabant,
760 3295 929 3361 Dorienses
951 3296 1036 3372 ώεσν,
1061 3293 1271 3362 Athenienses

84 3395 142 3479 ᾧθν.
188 3403 424 3487 Antiquissima
453 3401 556 3467 forma
586 3401 649 3466 fuit
681 3401 777 3479 ώιισν,
806 3402 890 3467 unde
915 3401 1108 3467 Laconicum
1132 3400 1217 3478 ώβσα
1242 3407 1274 3467 96

83 3505 277 3583 ὑβεσιιθπσας
303 3507 387 3593 apud
409 3506 630 3594 Hesychium‚
655 3513 686 3573 96
709 3508 863 3573 Latinum
887 3531 980 3572 σονοα.
1021 3507 1187 3573 Habemus
1210 3507 1273 3573 666

83 3608 373 3679 Grammaticorum
404 3617 551 3678 veterum
583 3616 783 3691 testimonia,
820 3632 900 3698 quae
928 3618 976 3679 est
999 3633 1108 3699 operae
1131 3616 1271 3698 pretium

83 3719 205 3786 audire:
239 3718 383 3806 Etymol.
408 3718 455 3783 M.
481 3739 554 3807 pag.
579 3718 664 3797 822,
693 3717 734 3784 39
759 3720 811 3805 (ex
831 3718 1044 3806 Herodian0):
1070 3720 1213 3784 '010N:
1229 3757 1272 3770 -

82 3823 114 3887 τὸ
136 3835 149 3890 Ι
173 3823 254 3908 ἔχει.
271 3822 450 3904 -εὑρήπσοι
474 3826 508 3890 vl
533 3835 546 3889 1
570 3826 656 3891 καπϊι
681 3825 823 3895 διώςασιν
848 3824 933 3906 παρσϊ
958 3833 996 3907 πή
1023 3829 1167 3908 Σαπφοῖ·

145 3931 229 4016 φασὶ
255 3930 289 4007 δή
315 3954 391 3996 ποτε
416 3930 524 4006 Λήδαν
548 3931 710 3998 ὑακίνθινον
734 3930 969 4010 πεπνιιαδροένσν
993 3930 1088 4011 εὑρεῖν
1111 3932 1185 3998 ώϊοο.

123 4039 307 4106 Athenaeus
338 4057 412 4125 pag.
446 4034 501 4103 57.
524 4056 555 4104 D.
582 4041 707 4122 Σαπφώ
731 4038 762 4104 δὲ
786 4038 864 4104 αὑπὺ
889 4036 1031 4124 (ΩΙΟΝ)
1055 4037 1272 4120 πριονοιλώβοος

85 4151 187 4210 καλεῖ·
994 4222 997 4226 .

350 4249 432 4333 Φασὶ
456 4249 492 4325 δή
516 4274 598 4316 ποτε
620 4249 727 4327 Λήδαν
752 4251 821 4318 ώϊσν
846 4251 951 4332 εὑρεῖν.

125 4373 168 4407 ’-
184 4355 246 4423 ώεα
270 4353 296 4421 δ’
318 4352 377 4442 ἔφη
403 4356 618 4444 Ἐπίχαρμος·
