3086 4968
340 1211 760 1303 ADVERSARIA
798 1214 1058 1306 CRITIOA

486 1441 545 1508 AD
567 1439 912 1508 DEMOSTHDNDM.

554 1763 840 1805 Q

613 2038 692 2106 One.
715 2038 770 2106 IV.

144 2251 273 2317 Lubene
297 2271 333 2318 ae
355 2251 466 2320 laetus.
482 2251 522 2316 ed
543 2249 791 2316 Demosthenem
813 2255 955 2318 revertor
962 2272 970 2330 ;
997 2255 1029 2317 et
1050 2253 1194 2336 primum
1218 2251 1289 2317 dili·

98 2361 211 2444 genter
240 2355 367 2422 relectis
396 2358 556 2443 prioribus
586 2356 781 2422 orationibus
807 2355 908 2422 XVII.
933 2378 964 2444 p.
991 2355 1231 2424 1-2201000s
1255 2361 1290 2422 in

98 2464 260 2549 superiore
283 2466 484 2529 annotatione
506 2464 692 2549 praeteritos
705 2483 798 2528 ¹nuno
820 2463 989 2546 adiiciam,
1014 2464 1128 2530 deinde
1150 2463 1189 2529 ds
1214 2462 1287 2529 reli-

98 2570 170 2660 qnis
194 2568 341 2655 deinceps
364 2570 392 2634 si
415 2569 491 2654 quid
513 2568 598 2634 mihi
619 2571 767 2634 notatum
786 2572 818 2634 et
836 2570 1093 2637 animadversum
1114 2576 1162 2638 est
1180 2569 1288 2637 ordino

98 2693 267 2760 exponam.

144 2884 237 2966 Quod
266 2887 467 2971 reposuimus
496 2906 570 2974 pag.
605 2885 658 2952 10.
688 2885 728 2952 62
759 2885 798 2958 ὥς
822 2881 868 2954 ἓςι
892 2885 1017 2964 μάλιςα
1040 2889 1131 2952 τοῦτο
1154 2883 1218 2957 δέος
1241 2886 1286 2963 μὴ

98 2993 271 3070 πανοῦργος
303 2990 340 3056 άν
365 3029 409 3042 ·-
432 2988 581 3073 άνάρυπορ
611 3030 653 3040 -
677 2989 799 3073 ΚΛίψρ
830 3015 867 3055 πε
897 2991 951 3057 καί
983 2991 1235 3073 παρασπάσηταί
1256 3017 1286 3056 τι

97 3102 157 3163 πῶν
193 3093 269 3163 ίλοιν
304 3095 520 3179 πραγμάτων,
557 3099 734 3184 comparari
767 3101 872 3183 potest
901 3118 976 3164 oum
1006 3099 1112 3164 verbis
1140 3097 1289 3184 Dionysii

96 3203 205 3270 Helio.
237 3205 273 3269 ιίι
303 3205 470 3290 eloquentia
500 3205 704 3270 Demosthenis
731 3225 806 3294 pag.
836 3202 1046 3270 9571111111.
1073 3206 1107 3271 τὸ
1131 3205 1188 3281 μὲν
1210 3202 1286 3282 βιά-

97 3312 211 3376 σασίαι
237 3310 289 3376 καί
314 3311 576 3391 προσαναγκάσαι
600 3335 631 3376 σι
653 3321 710 3387 τῆς
735 3310 916 3377 Θουκυδίδου
939 3310 1052 3388 λέξεως
1074 3310 1169 3387 ίδιον,
1195 3311 1230 3374 τὸ
1255 3309 1287 3374 δὲ

97 3418 264 3492 άπασῆσαι
290 3415 342 3484 καὶ
367 3417 507 3499 κλέψαι
532 3417 575 3483 πά
598 3415 779 3498 πράγματα
802 3425 857 3494 τῆς
880 3417 1007 3484 Λυσίου.

141 3627 221 3716 Peg.
252 3625 310 3692 210.
344 3624 397 3693 28.
431 3627 490 3692 νυνί
522 3626 601 3708 γάρ,
632 3619 646 3690 i
678 3624 796 3699 πάντες
826 3625 964 3707 ἒίράλουν
994 3626 1087 3711 τίσις,
1109 3626 1286 3700 Ὀλυνθίους

97 3736 311 3812 ἐκπολεμῆσαι
345 3733 405 3798 δεῖν
429 3732 592 3816 Φιλίππῳ,
617 3731 746 3812 γέγονεν
769 3732 965 3811 αὐπίμασον,
989 3733 1028 3797 of.
1053 3754 1126 3820 pag.
1151 3732 1205 3800 30.
1230 3732 1284 3799 20.

95 3843 310 3917 ἐκπολεμῆσαι
341 3839 403 3904 δεῖν
434 3837 553 3921 ᾧίμεία
585 3838 655 3912 ποὺς
688 3838 856 3919 άνίράπονς
885 3841 919 3904 ἐκ
944 3837 1060 3910 παντὸς
1083 3839 1208 3919 τρόπον,
1232 3839 1284 3904 καί

95 3945 109 4014 ὃ
144 3945 262 4020 πάντες
295 3945 432 4027 ἕίράλουν
463 3944 537 4018 πίοις
569 3949 660 4011 τοῦτο
692 3943 870 4025 πέπρακται
906 3944 978 4010 νυνί.
1027 3944 1080 4010 Sic
1113 3950 1287 4032 utrumque

93 4055 205 4122 loonm
241 4053 406 4118 constituit
440 4051 632 4119 Dindorfius.
685 4049 723 4117 ln
756 4050 850 4118 libris
884 4054 932 4116 est
963 4052 1066 4137 priore
1098 4050 1168 4118 loeo
1197 4054 1232 4118 in
1262 4051 1285 4118 S

95 4162 252 4242 ἕίρυλεῖσε
282 4160 321 4231 ὥς
353 4161 398 4239 (et
429 4159 465 4223 in
494 4178 597 4246 marg.
629 4183 678 4239 γρ.
712 4157 873 4238 ἕίράλλουν
903 4157 952 4244 σε)
986 4157 1066 4222 -δεῖ
1094 4159 1166 4242 (see.
1197 4179 1283 4226 mon.

95 4270 183 4346 δεῖν).
219 4263 416 4330 insecundo
440 4263 463 4330 S
486 4265 583 4330 habet
606 4265 743 4344 ε’ίράλουν
763 4267 879 4331 omisso
901 4264 987 4336 πέος.
1022 4264 1140 4330 Fuerat
1161 4255 1286 4330 &OPT-

96 4378 362 4444 AOTNTessc‚
393 4372 429 4435 in
455 4369 615 4462 συστάσι
639 4373 741 4438 inesse
763 4393 825 4438 non
849 4372 1135 4438 animadvertentes
1157 4395 1287 4438 οοσσειιο

1108 4491 1138 4536 ιι
