3096 4972
127 457 201 507 vero
232 440 359 520 οὶξιοΙΗ,
392 446 431 508 ut
461 448 509 510 cst
535 447 569 510 in
592 445 754 512 nonnullis
776 446 877 514 libris.
926 445 1026 524 Ἀξιοῖ
1046 451 1102 512 aut
1124 447 1316 516 indicativus

127 551 175 611 ast
199 551 255 613 aut
279 551 500 617 coniunctims
524 555 556 615 at
579 555 721 637 optativo
746 573 824 639 opus
847 559 905 620 cst.

171 787 251 876 Pag.
286 787 362 856 712.
398 787 428 855 6.
461 793 566 855 ταῦτα
598 788 706 856 ποθντα
729 793 927 873 Τιμοκράτης
945 832 986 842 -
1006 791 1170 876 ήφθνισεν,
1196 791 1313 870 ἐξήλει-

126 899 200 974 φεν,
234 891 299 960 ὅσον
333 892 367 972 ήν
399 894 449 960 ἐπὶ
478 895 586 976 τούτῳ.
632 895 705 962 Non
729 897 852 964 duobus
874 899 979 966 verbis
1002 920 1081 985 opus
1104 904 1152 964 ast
1175 901 1229 966 sed
1252 921 1315 965 uno

127 1004 265 1066 tantum.
301 999 451 1088 Suspicor
474 1000 633 1081 ἐξήλειφεν
656 1001 736 1068 olim
760 1005 800 1071 ad
823 1004 972 1088 ἠφάνισεν
991 1006 1187 1091 adscriptum
1208 1006 1316 1074 fuisse.

126 1104 237 1172 Etiam
260 1107 436 1194 asyndeton
458 1107 603 1174 fraudem
627 1110 738 1194 aperit.

170 1345 252 1434 Pag.
287 1345 363 1414 713.
397 1346 450 1412 11.
474 1346 503 1413 εἴ
523 1372 580 1413 τινι
603 1355 661 1414 τῶν
684 1348 868 1431 ὀφειλόντων
891 1349 1004 1428 δεσμοῦ
1028 1352 1271 1434 προστετίμηται
1297 1351 1314 1426 ή

125 1451 160 1516 τὸ
186 1453 290 1518 λοιπὸν
314 1459 514 1536 προστιμηθῇ.
563 1453 693 1520 Soloaca
716 1459 815 1521 oratio
838 1461 887 1522 cst
909 1458 935 1520 εἷ
958 1461 1146 1539 προστιμηθῇ
1170 1477 1226 1543 pro
1250 1455 1315 1521 s'civ.

125 1558 246 1624 Eadem
271 1564 380 1626 tamen
402 1558 556 1647 leguntur
577 1581 649 1647 pag.
678 1560 754 1629 723.
781 1560 834 1626 25.
860 1567 892 1627 at
916 1583 986 1650 pag.
1013 1561 1088 1629 725.
1114 1562 1168 1628 29.
1189 1568 1220 1628 et
1240 1582 1316 1649 pag.

126 1661 204 1729 730.
232 1665 261 1730 1.
307 1665 483 1732 Emendate
506 1669 663 1753 scriptum
686 1671 734 1732 ast
756 1687 829 1753 pag.
858 1667 940 1732 764:
956 1667 1010 1734 20.
1032 1671 1059 1733 sl
1079 1692 1136 1734 τινι
1155 1668 1315 1749 προστετί-

123 1794 223 1848 μηται
248 1770 360 1849 δεσμοῦ
390 1771 464 1837 κθον
490 1771 524 1836 τὸ
548 1770 654 1837 λοιπόν
677 1796 734 1836 τινι
757 1775 997 1853 προστιμήσητε.
1044 1773 1218 1840 sicariam
1241 1793 1312 1838 aaa·

123 1877 201 1941 teris
242 1875 320 1942 locis
359 1876 582 1944 soloecismum
622 1878 782 1964 expuleris
816 1861 980 1946 scribendo
1015 1889 1102 1946 ΚΑΝ
1138 1879 1173 1944 τδ
1208 1877 1313 1943 λοιπον

125 1984 327 2064 προστιμηθῇ.

169 2203 250 2292 Pag.
276 2203 351 2273 715.
376 2205 429 2270 21.
453 2206 483 2270 ἐν
508 2205 682 2287 παραβθςῳ
705 2215 760 2283 τῇς
783 2206 899 2284 βουλῇς
922 2203 979 2284 μὲν
1002 2205 1172 2286 οὶφειμθνης
1196 2213 1255 2272 τῶν
1284 2206 1308 2271 δ’

123 2311 230 2376 ἄλλον
260 2311 312 2377 διοὶ
339 2314 394 2388 τήν
422 2313 522 2393 ἑορτήν
547 2313 718 2394 ἱερομηνθαν
741 2310 879 2391 οὶγθντσιν
905 2309 1029 2397 [adiro]
1061 2310 1149 2390 νθμον
1178 2314 1315 2392 εἰσήνεγ-

122 2441 186 2482 κεν.
233 2416 422 2483 Rectissime
452 2418 535 2485 vidit
569 2418 731 2484 Dobraaus
764 2419 863 2502 ιθθρρι
899 2440 938 2484 ax
970 2420 1116 2505 margine
1151 2420 1313 2504 irrepsisse

122 2523 320 2607 adscriptum
344 2522 422 2587 olim
446 2522 486 2587 ad
509 2523 539 2586 ἐν
563 2522 737 2602 παραβθςῳ
760 2531 793 2587 et
815 2526 945 2609 apponit
968 2523 1186 2609 Hesychium:

307 2625 368 2692 Ἐν
399 2626 643 2710 παραβθςιρτ
667 2662 708 2676 -
732 2627 919 2706 λεληθότος,
942 2630 1002 2695 aas
1021 2651 1051 2711 ρι.

122 2734 179 2800 scd
203 2734 323 2819 optimc
345 2737 488 2799 monenti
508 2754 602 2799 namo
625 2735 743 2819 paruit.

166 2956 247 3045 Pag.
280 2956 356 3023 515.
389 2955 443 3023 25.
474 2959 573 3024 καίτοι
605 2967 684 3040 χρῇν
715 2983 750 3023 σε
768 2993 810 3006 -
827 2959 869 3038 τῷ
901 2957 986 3039 δήμῳ
1016 2958 1219 3039 διαλεχθῇναι
1243 2961 1311 3024 καθ’

120 3062 215 3136 οὕτως
234 3101 277 3112 -
293 3063 437 3145 γράφειν.
485 3063 522 3128 In
556 3062 579 3130 S
614 3063 682 3129 καθ’
717 3061 810 3135 οὕτως
846 3085 864 3130 a
899 3053 1071 3129 correctore
1102 3066 1136 3127 in
1165 3065 1224 3128 nat
1249 3063 1310 3129 τόθ’
1462 3151 1465 3156 ¹

120 3165 215 3243 οὕτως
249 3174 433 3246 mutatum,
469 3170 554 3255 quod
587 3170 731 3237 Dindorf.
765 3173 895 3256 recapit.
953 3168 1142 3255 Lugendum
1177 3169 1312 3234 arbitror
1415 3176 1417 3180 ‘

119 3276 206 3360 quod
229 3275 344 3342 assolet
367 3272 435 3359 κᾷθ’
458 3272 561 3348 οὕτως.
709 3276 716 3292 “

165 3500 245 3591 Pag.
282 3500 359 3570 717.
395 3500 426 3566 6.
462 3502 488 3566 εἷ
522 3500 620 3567 τοίνυν
650 3525 696 3574 τις
729 3491 818 3581 ἔροιθ’Ι
844 3501 927 3579 ὑμῖις
960 3499 1093 3579 ποτέροις
1124 3503 1248 3576 μῖολλον
1272 3498 1310 3564 θον
1336 3503 1337 3506 ’

119 3607 243 3680 εἱκθτοος
275 3609 426 3684 ποιήσαιθ’
457 3609 554 3673 ὁτιοῦν
583 3615 647 3680 τοῖς
678 3607 825 3685 δεομένοις
859 3605 875 3680 ή
907 3614 970 3678 τοῖς
994 3603 1226 3690 ἕπιτοθττονσιν,
1250 3602 1309 3672 οἷδ’

118 3711 164 3780 θτι
190 3714 321 3795 φήσαιτ’
345 3712 383 3779 θον
406 3721 470 3786 τοῖς
493 3713 658 3789 δεομένοις·
684 3712 719 3776 rt
740 3713 797 3791 μὲν
815 3712 880 3791 γθιρ
897 3718 1035 3796 χρηςῶν,
1056 3710 1091 3776 τὸ
1112 3711 1138 3774 δ’
1158 3710 1309 3791 οὶνοθνδροον

117 3819 280 3901 ἀνθρώπων
312 3817 398 3898 ἔργον
433 3820 506 3888 ἔςίν.
554 3817 639 3898 Quid
673 3814 789 3883 audio?
823 3818 857 3882 τὸ
894 3817 1074 3883 ε’πιτθττειν
1105 3814 1308 3897 οὶνοθνδριον

117 3923 278 4006 ἀνθρώπων
310 3921 396 4004 ἔργον
425 3924 498 3993 ἕςθν.
545 3923 729 3990 Absurdum
763 3923 823 3988 hoc
858 3923 987 4007 quidem
1022 3927 1071 3986 est
1102 3926 1134 3987 at
1163 3944 1310 4010 pugnans

118 4051 195 4096 cum
225 4031 272 4094 rai
294 4033 409 4094 natura
432 4033 465 4094 at
487 4031 572 4095 vitae
594 4049 665 4093 usu.
712 4027 832 4094 Varum
857 4048 923 4094 esse
946 4028 1075 4095 videtur
1097 4027 1311 4111 impudentiam

117 4135 260 4202 riseritis.

164 4241 253 4308 Olim
278 4241 400 4308 Paulus
418 4240 586 4306 Manutius
606 4241 794 4306 admonente
813 4239 943 4305 Raiskio
963 4243 1101 4304 senserat
1119 4245 1310 4309 sententiam

117 4349 181 4418 loci
205 4348 335 4414 ἀναιδῶν
357 4344 527 4434 postulare.
574 4345 691 4430 Ecquis
714 4341 908 4410 Oriticorum
931 4365 1045 4411 varum
1067 4345 1102 4409 id
1125 4366 1192 4411 asse
1215 4367 1310 4436 agno-
