3026 4970
234 417 346 502 sertim
377 447 477 518 quum
509 431 645 498 rossus
677 437 794 498 testem
824 431 952 497 nullum
984 431 1100 498 haheat
1130 435 1313 518 antiquum,
1336 433 1405 520 icus
1449 495 1450 498 ,

235 548 350 626 tuaque
377 541 464 626 apud
494 539 567 605 iilos
597 538 698 616 solos,
732 540 787 624 qui
810 543 843 602 et
866 536 985 612 όξασόε
1008 551 1041 603 et
1064 533 1180 612 όξαντο
1205 539 1351 604 dederunt
1369 539 1407 602 nil

235 647 315 712 mali
337 651 543 732 suspicantes.

279 751 428 818 Indicabo
460 771 544 817 nune
574 771 704 816 versum
734 753 929 827 insiticium,
962 767 1058 835 quem
1092 751 1171 816 olim
1206 753 1407 817 Aristarchum

240 861 428 943 expunxisse
452 860 594 944 suspicor
617 858 671 922 sed
694 877 778 921 nunc
801 858 918 920 emissa
937 855 1116 920 Aristarchi
1136 861 1292 922 sententia
1309 867 1409 922 temere

237 968 271 1029 in
298 972 483 1031 contextum
506 979 573 1028 esse
597 968 768 1045 receptum.
815 961 855 1026 In
879 960 991 1048 Odyss.
1016 972 1054 1026 T.
1076 960 1153 1027 364.
1175 962 1409 1050 Theoclymenus

237 1071 276 1135 ad
300 1091 409 1156 procos
432 1073 479 1136 ita
502 1070 598 1133 dicit:
1151 1073 1153 1080 ’

373 1173 556 1254 Εὐρύμαχ’,
581 1174 615 1239 οὔ
639 1174 671 1238 τό
694 1172 725 1236 π’
753 1171 862 1250 ἄνωγα
885 1172 952 1250 ἐμοὶ
977 1183 1128 1250 πομπῆας
1153 1175 1288 1256 όποόζενν.

338 1268 342 1276 ’
375 1281 434 1346 siri
457 1304 507 1359 μον
532 1281 690 1359 όφόααμοό
715 1280 826 1344 τεκαὶ
852 1280 952 1346 οὔατα
976 1281 1026 1345 καὶ
1053 1281 1143 1353 πόδες
1167 1282 1284 1365 ἄμφω,

374 1386 441 1470 [καὶ
466 1386 527 1455 νόος
552 1385 581 1449 ἐν
604 1387 727 1460 sitacus
751 1387 939 1463 τετυγμένος
965 1385 1046 1451 οὐδὲν
1071 1389 1203 1476 straturis]
1310 1407 1316 1416 ’

373 1501 476 1557 TOIC
499 1489 596 1568 ἔξειμι
621 1492 739 1574 όόραζ.

284 1598 355 1679 Quo
378 1599 512 1664 refertur
535 1607 598 1669 τοῖς
622 1599 655 1662 in
680 1607 742 1668 τοῖς
760 1595 879 1674 teum?
903 1599 953 1664 Ad
973 1601 1120 1664 omniane
1140 1618 1220 1685 quaa
1239 1602 1413 1686 praecedunt

240 1725 279 1771 an
303 1706 343 1770 ad
366 1707 456 1777 πόδες
482 1702 603 1786 Aaou?
624 1705 696 1770 Non
716 1711 781 1781 est,
803 1705 907 1772 credo.
933 1703 1031 1769 dubia
1050 1711 1082 1770 et
1100 1725 1215 1790 anceps
1234 1711 1328 1792 optio.
1362 1707 1413 1772 Sed

240 1815 267 1876 si
299 1811 339 1876 ad
370 1814 460 1883 πόδες
492 1811 592 1890 uiuos
624 1812 775 1886 refertur,
807 1810 897 1876 nullo
925 1811 1020 1876 modo
1044 1815 1163 1878 servari
1185 1819 1300 1898 poterit
1322 1819 1413 1901 inepte

238 1920 444 2002 interpositus
465 1917 659 1983 versiculus:

422 2023 474 2087 κα)
499 2023 561 2094 νόος
586 2025 615 2087 ἐν
638 2024 760 2097 cirson
785 2023 973 2102 τετυγμένος
1001 2025 1082 2089 οὐδὲν
1106 2027 1235 2100 dictans.

792 2337 881 2402 XIII.

648 2565 841 2614 sursusncnr
870 2565 1021 2613 rumonus.

284 2755 506 2833 Aristarchus,
539 2759 630 2822 cuius
654 2780 829 2843 numquam
854 2781 894 2824 ne
917 2754 1056 2823 minima
1078 2759 1209 2842 quidem
1231 2759 1363 2842 suspicio
1383 2753 1415 2818 de

239 2863 357 2926 amissa
381 2864 510 2946 antiqua
534 2867 717 2929 consonanti
740 2865 833 2929 litera
858 2887 871 2928 ε
893 2866 927 2927 in
952 2863 1342 2928 carminibusHomericis
1360 2862 1414 2926 sni·

238 2986 332 3029 unum
364 2967 476 3040 subiit,
507 2970 670 3032 interdum
702 2990 741 3033 ex
772 2970 869 3034 huius
895 2971 941 3034 rei
965 2971 1162 3056 ignoratione
1185 2977 1242 3034 aut
1264 2971 1296 3033 in
1317 2967 1415 3032 consti-

238 3072 356 3137 tuenda
384 3072 520 3138 lectione
549 3087 604 3138 eut
626 3078 660 3138 in
683 3076 863 3163 indaganda
886 3079 1042 3140 sententia
1065 3081 1175 3160 po‘e'tae
1199 3077 1339 3162 graviter
1358 3072 1414 3154 lap·

238 3199 291 3245 sus
323 3186 371 3244 est
401 3185 432 3243 et
462 3181 496 3243 in
524 3181 709 3246 manifestos
740 3202 858 3246 errores
891 3203 923 3246 sa
946 3181 1061 3246 induit.
1109 3181 1148 3246 in
1170 3181 1261 3248 Iliad.
1287 3191 1323 3246 Θν
1347 3174 1411 3244 526.

238 3307 338 3372 quum
363 3291 444 3350 esset
467 3287 502 3348 in
525 3284 616 3350 libris
640 3288 803 3352 omnibus:

420 3389 557 3467 ἔλπομαι
582 3391 747 3474 εὐχόμενος
773 3395 826 3458 Διό
849 3396 880 3457 τ’
904 3393 1044 3458 ἄλλοισίν
1066 3419 1100 3457 τε
1126 3395 1232 3458 troium

421 3496 553 3572 ε’ξελοόαν
579 3498 690 3564 ἐνθένδε
713 3501 806 3572 κύνας
829 3500 1111 3580 κηρεσσιφορήτους.

284 3603 469 3671 Aristarcho
488 3603 610 3688 placuit
629 3607 668 3670 de
687 3626 744 3671 suo
763 3627 913 3692 reponere
933 3615 1089 3683 ΕΎΧομαο
1100 3605 1317 3681 'emittamus
1339 3599 1412 3668 Audi

238 3714 470 3776 Aristonicum:
496 3711 512 3784 οἱ
536 3711 630 3786 διπλῆ
654 3711 897 3798 (περιεστιγμένη)
923 3708 968 3776 ότι
993 3711 1152 3787 Ζηνόδοτος
1173 3713 1290 3792 γρόΦεν
1314 3707 1411 3773 turc

238 3841 312 3894 ματ
346 3814 584 3896 εὐχόμενος.
616 3820 648 3882 οὐ
677 3819 761 3883 κατόν
785 3818 836 3883 τόν
858 3821 994 3897 Ἕκτορα
1018 3819 1050 3882 δὲ
1073 3816 1124 3881 τόν
1147 3815 1241 3889 οὕτως
1266 3809 1411 3894 ἐπηρμένον

239 3922 362 4000 λέγειν·
394 3922 543 4001 ε’λπόζοο
575 3922 801 4002 εὐχόμενος
834 3932 896 4002 τοῖς
929 3927 1021 3997 όεοῖς·
1048 3924 1176 3993 ἐπιεικὲς
1200 3924 1281 4002 γοόρ·
1304 3920 1410 3985 τοόναο-

237 4031 300 4094 τόον
324 4030 388 4108 γὰρ
412 4031 515 4093 οἰκεῖον
544 4029 724 4110 εὔχομαι
753 4030 997 4113 ἐλπόμενος,
1026 4037 1196 4109 καυχῶμαι
1222 4020 1411 4094 ἑλπτδοταού·

240 4159 329 4214 μενος
355 4133 412 4198 ὑπὸ
438 4140 491 4198 τοῦ
516 4137 588 4205 Διὸς
614 4136 666 4199 καὶ
691 4143 750 4199 τῶν
773 4135 877 4200 ἄλλων
902 4139 982 4200 θεῶν.
1017 4135 1227 4221 Perspicuum
1247 4141 1293 4200 cst
1314 4125 1411 4196 intuli

238 4263 272 4308 re
299 4242 461 4314 Ζηνόδοτος
486 4239 605 4320 γράφει
628 4241 807 4328 significare
829 4243 910 4308 hano
928 4263 995 4308 esse
1017 4242 1184 4330 vulgatam
1203 4243 1349 4308 librorum
1366 4251 1411 4298 vu

238 4355 344 4413 terum
374 4349 583 4431 scripturam,
613 4359 711 4430 quarn
743 4349 945 4414 Aristnrchus
979 4353 1035 4413 aut
1070 4369 1108 4413 en
1144 4348 1221 4424 aliis·
1249 4348 1334 4414 libris
1362 4341 1410 4404 ⁸112
