3096 4972
695 239 760 314 553

131 437 321 524 transposita
352 439 478 522 etpost
502 437 556 513 τὴν
585 437 726 511 διοίκησιν
756 435 908 502 καταλύει
939 436 1162 504 transferenda.
1210 437 1322 506 Absol-

132 548 221 611 veret
252 545 291 609 de
322 545 471 622 caeteris,
504 564 584 628 quae
614 549 779 610 enumerat
806 542 943 630 singulis
966 548 999 608 et
1021 565 1106 609 nuno
1129 545 1322 611 demonstra·

132 655 223 716 turus
246 654 294 715 est
317 645 364 713 έτι
387 655 450 721 τοῖς
473 650 652 729 κακούργοις
676 651 846 728 βοηθοῦνται
870 647 986 714 τέθεικε
1007 651 1056 716 τίν
1077 649 1176 729 νόμον.
1210 651 1322 737 Itaque

133 758 178 821 sio
202 760 270 820 eret
293 754 480 820 dicendum:
507 792 549 805 -
575 755 681 819 ύλλοὶ
716 755 783 820 καὶ
816 763 879 826 τοῖς
903 754 1082 837 κακούργοις
1107 758 1172 821 κτέ.

174 860 276 926 Miror
306 881 368 946 quo
399 867 491 946 paeto
517 859 699 928 Dindorfius
722 866 787 926 tem
813 865 933 926 eertum
956 867 988 927 et
1011 864 1192 929 evidentem
1215 882 1320 927 emen·

131 967 292 1033 dationem
315 989 355 1032 ne
375 970 605 1036 ¹memoraverit
629 967 759 1053 quidem
782 967 902 1032 nedum
925 970 1088 1053 receperit.

176 1071 306 1159 Triplex
328 1094 430 1161 genus
454 1074 699 1140 feeinoroeorum
723 1073 892 1138 hominum
916 1093 1033 1159 ponens
1057 1072 1244 1155 κακούργους
1266 1072 1319 1138 καί

131 1180 326 1259 πατραλοίας
359 1185 392 1246 et
422 1182 631 1262 ατρατεύσονς
665 1181 703 1245 de
726 1180 831 1243 iisdem
856 1180 934 1264 quid
956 1179 1052 1246 Solon
1074 1183 1213 1246 sanxerit
1235 1200 1320 1245 oom-

129 1290 288 1351 memorat
310 1307 384 1374 pag.
410 1285 485 1353 782.
510 1287 565 1352 20.
591 1285 644 1352 εὀίν
667 1310 713 1359 τις
738 1286 803 1365 οίλῷ
829 1292 967 1363 κλοπῆς,
993 1285 1047 1351 έοίν
1072 1310 1118 1359 τις
1139 1285 1233 1357 οἱλοὺς
1255 1287 1327 1372 (τῆς

131 1391 194 1457 del.
214 1391 389 1479 Dobraeus)
411 1395 570 1466 κακώσεως
593 1399 651 1456 τῶν
675 1390 783 1470 γονέων
808 1392 849 1462 είς
874 1391 928 1465 τὴν
953 1392 1070 1473 ιίγορίιν
1094 1391 1264 1474 resero,
1290 1396 1323 1456 et

131 1496 168 1562 ίιν
201 1499 368 1578 οίςρατείας
400 1523 446 1570 τις
476 1497 567 1580 ύφλγ.
615 1496 701 1563 Hine
732 1499 835 1584 igitur
863 1497 1079 1585 intelligimus
1102 1497 1171 1570 τοὺς
1196 1497 1323 1578 κακούρ-

131 1627 204 1683 γους
229 1625 295 1669 esse
319 1606 388 1676 τοὺς
412 1604 576 1682 κλέπτας,
601 1609 633 1670 et
655 1604 725 1676 τοὺς
750 1604 945 1684 πατραλοίας
968 1625 1031 1669 non
1061 1625 1127 1670 esse
1159 1607 1228 1676 τοὺς
1260 1629 1320 1668 πα-

129 1709 322 1795 τροκτόνους,
353 1710 408 1776 sed
439 1711 508 1782 τοὺς
540 1708 675 1784 ιὶλύντας
700 1710 861 1783 κακώσεως
895 1715 953 1773 τῶν
986 1709 1111 1788 γονέων,
1137 1710 1221 1794 quod
1243 1708 1321 1794 quid

129 1820 172 1881 sit
202 1817 364 1900 perspicue
396 1816 514 1881 dieitur
543 1836 616 1903 pag.
650 1814 725 1884 733.
758 1815 816 1898 26„
860 1817 1059 1897 Πατραλοίας
1090 1817 1193 1903 igitur
1227 1818 1274 1880 est
1306 1815 1320 1880 ὁ

131 1920 254 2002 πατέρα
286 1921 330 1999 μέν
361 1920 479 2002 τρέφων
511 1921 563 1986 καί
589 1921 764 1997 τεύννκύτος
789 1922 830 1985 τίι
855 1920 1039 2002 νομιζόμενα
1063 1923 1107 1999 μίς
1124 1927 1237 1997 ποιῶν,
1264 1923 1320 2004 qui

128 2039 258 2094 summo
279 2029 348 2093 iure
372 2032 404 2092 et
426 2027 556 2092 infamis
579 2033 627 2093 est
649 2032 681 2093 et
703 2027 770 2093 foro
790 2032 930 2106 eruetur,
952 2027 1006 2094 eod
1026 2026 1115 2092 οοοίοί
1133 2027 1186 2094 vel
1200 2027 1319 2111 ρυίισίί

127 2136 268 2220 parentis
290 2134 325 2196 in
346 2133 406 2198 hoo
428 2133 583 2200 vocabulo
606 2136 693 2200 notio
716 2153 776 2199 non
803 2135 899 2198 inest.

174 2342 256 2430 Peg.
289 2340 364 2408 733.
398 2340 454 2408 κο.
485 2341 585 2408 oeteo
619 2341 689 2426 [ων
705 2300 758 2408 ὀι
788 2339 881 2418 αξιοι
913 2343 992 2419 nor
1023 2342 1106 2418 οιοιι
1138 2342 1182 2444 ο]
1203 2342 1236 2408 ει
1268 2352 1318 2409 ετ

129 2449 232 2514 παύων
265 2445 315 2512 ἂν·
334 2449 376 2513 τίκ
404 2446 582 2527 προσήκοντ’
606 2447 668 2523 είκς
695 2449 847 2521 πεπονύύις
872 2440 902 2521 ὃς
923 2487 964 2498 -
982 2448 1052 2521 τοὺς
1076 2452 1117 2530 τῷ
1142 2452 1223 2532 γνίρρο
1246 2450 1318 2528 βον-

129 2555 195 2626 eor
228 2553 392 2632 λυμαίνει,
426 2546 452 2619 ot
483 2554 534 2620 καί
558 2551 684 2635 ,ζῶντας
715 2553 929 2635 ἀναγκάζοντι
961 2556 1044 2638 [τοὺς
1080 2555 1211 2641 παῖδας]
1249 2557 1319 2630 τοὺς

128 2658 238 2740 γονέας
280 2661 401 2743 τρέφειν
441 2659 493 2725 καί
530 2659 654 2728 ἐπειδὰν
689 2659 877 2725 οίπούοίνωσιν
913 2657 993 2734 ὅπως
1029 2661 1088 2725 τῶν
1123 2660 1320 2742 νομιζομένων

127 2766 248 2847 τύχωσι
281 2766 577 2849 παρασκευάζουσιν.
626 2766 845 2853 expungenda
875 2787 941 2832 esse
971 2766 1068 2834 verba
1091 2770 1191 2833 otiosa
1214 2773 1246 2832 et
1269 2789 1320 2833 su-

126 2894 284 2960 pervacua
308 2874 364 2938 τίν’
390 2871 428 2937 ίιν
452 2871 544 2948 οίξίαν
567 2873 645 2948 δοίης
669 2873 753 2947 δίκην
778 2871 795 2948 ἤ
821 2875 928 2960 arguit
951 2893 1083 2957 sequens
1107 2882 1157 2937 CT
1182 2873 1267 2957 quod
1285 2875 1319 2939 in

126 2979 314 3045 huiusmodi
355 2980 527 3063 partitione
566 2983 622 3044 eut
655 2981 759 3064 primo
793 2977 862 3044 loeo
897 2981 1027 3064 ponitur
1061 2983 1117 3044 eut
1150 2967 1318 3063 nusquemss

126 3085 248 3152 Deinde
268 3083 447 3170 recipienda
466 3088 533 3149 erat
553 3084 690 3150 Dobruei
710 3085 889 3150 emendatio
904 3085 974 3156 τοὺς
988 3087 1029 3166 τῷ
1044 3086 1125 3168 γέρρα
1137 3085 1319 3164 βουύΟΤΝ-

126 3200 213 3255 Tne
237 3198 423 3256 NOMOTC
448 3188 602 3267 λυμαίνει.
649 3190 770 3256 Eodem
794 3191 888 3256 modo
913 3191 995 3256 dixit
1018 3190 1129 3276 pouflo
1153 3197 1225 3258 onte
1244 3213 1319 3280 pag.

128 3295 205 3365 732.
240 3295 290 3361 15.
325 3295 377 3361 τὸν
406 3295 587 3377 κακούργοις
617 3297 788 3375 βοκύοῦντα
819 3295 918 3374 νέμον.
952 3303 984 3363 et
1014 3297 1123 3383 paullo
1152 3304 1223 3384 post
1245 3320 1319 3387 pag.

130 3401 205 3470 735.
233 3400 285 3467 15.
308 3401 395 3480 νέμον
419 3400 524 3468 ούδένα
549 3409 611 3473 τοῖς
634 3401 776 3483 τοιούτοις
802 3403 1018 3483 έπικονροῖιντα
1042 3405 1167 3479 τίύνσιν.

171 3508 210 3573 In
241 3509 330 3573 exitu
357 3507 421 3573 looi
450 3528 549 3592 paene
580 3507 717 3573 ridicula
740 3513 788 3573 est
810 3509 981 3576 verborum
1006 3512 1192 3595 compositio
1216 3505 1243 3575 οί
1266 3509 1318 3575 καί

126 3613 243 3696 ζῶντας
267 3611 482 3694 νίναγκιίζονσι
503 3615 573 3686 τοὺς
594 3614 717 3685 παῖδας
737 3616 806 3685 τοὺς
827 3615 937 3693 γονέας
958 3615 1096 3696 τρέφειν,
1125 3618 1199 3700 quie
1217 3618 1322 3700 prima

127 3723 232 3808 speeie
255 3720 369 3802 ζῶντας
392 3719 461 3793 τοὺς
484 3719 602 3794 παῖδας
624 3723 792 3786 coniuncta
811 3742 878 3787 esse
898 3722 1057 3789 videntur.
1092 3721 1322 3789 Demosthenes

127 3829 249 3913 optime
279 3825 349 3900 τοὺς
375 3826 493 3899 παῖδας
517 3829 686 3902 omiserat,
710 3848 785 3893 nem
810 3828 848 3893 de
872 3829 988 3912 quibus
1010 3827 1140 3893 tandem
1163 3826 1234 3893 eliis
1258 3828 1323 3893 diei

126 3935 251 4019 poteret
278 3932 455 4015 perentibus
486 3933 627 3998 αίὶικωιίο
652 3931 816 4016 praebere?
870 3934 1003 4000 Addidit
1036 3937 1192 4022 magister
1224 3935 1321 4002 verbo

125 4035 357 4117 ύναγκοίζουσιν
383 4040 505 4105 obieoto
530 4059 609 4125 opus
635 4059 701 4104 esse
725 4041 883 4125 opinatus.

169 4243 250 4334 Peg.
278 4243 354 4312 734.
381 4244 412 4310 3.
438 4246 489 4311 καί
518 4245 567 4312 tot
592 4244 717 4318 τούτους
741 4248 810 4311 καθ’
835 4249 917 4325 ἡμῶν
941 4245 1028 4326 νύμον
1047 4248 1150 4314 τίύΗΟ
1171 4247 1276 4318 Codex
1299 4250 1322 4318 S

123 4351 225 4432 τίθης,
249 4353 365 4419 caeteri
385 4353 488 4427 τιύ-είς.
522 4351 727 4420 Ostendimus
747 4352 809 4420 elio
828 4352 898 4420 loeo
917 4354 1009 4428 τιύεῖς
1028 4375 1094 4422 esse
1107 4356 1322 4428 scribendum.
