3086 4968
798 175 862 242 488

281 355 389 432 Etiam
418 386 503 430 nune
532 367 681 434 mendose
712 367 819 433 editur
848 388 923 456 pag.
958 363 1058 432 1006.
1085 370 1118 431 61
1142 352 1404 438 1013111116.

238 477 271 539 61
293 494 366 560 pag.
392 469 469 538 970.
493 473 669 558 ἠντιβόλει,
695 477 727 540 61
750 471 871 538 similia
895 472 1051 560 quaedam
1076 471 1163 537 alibi.

282 665 363 755 Peg.
396 665 472 732 348.
505 665 560 732 23.
594 671 699 733 ταῦτα
733 667 764 732 δὲ
795 666 943 744 θαυμάσι’
975 668 1084 741 ἧλίΚΑ
1113 666 1215 753 [ΚΑΙ]
1240 661 1406 746 συμφέροντ’

238 771 334 838 ἐδόκει
365 774 547 853 πεπρῖιχίαι
577 783 616 854 τῇ
648 774 748 839 πθλει.
795 772 871 838 Sine
902 793 991 839 mora
1022 771 1145 858 expelle
1176 770 1346 836 molestum
1366 767 1408 832 καί

236 881 318 946 viiio
359 899 398 944 ex
435 879 639 964 praecedente
674 879 798 966 syllaba
832 883 964 944 natum:
1000 900 1115 963 nempe
1148 878 1191 942 τὰ
1229 873 1407 956 συμφέροντα

237 984 330 1071 plone
351 986 490 1050 nominis
512 989 661 1050 naturam
683 986 790 1050 induit
812 989 844 1050 et
864 984 1033 1050 dicebatur·
1046 983 1089 1047 τίε
1112 983 1209 1064 μικραὶ
1228 981 1409 1063 συμφέροντα

237 1090 290 1155 καί
322 1093 364 1154 τα
395 1092 540 1169 μεγαλα.
587 1089 816 1156 Demosthenes
839 1112 913 1177 pag.
939 1089 1014 1155 234.
1040 1088 1095 1154 26.
1120 1092 1160 1153 τὰ
1186 1091 1282 1168 μικροὶ
1305 1087 1412 1168 συμφὲ·

237 1220 328 1278 ροντα
361 1203 416 1269 τῆς
451 1195 569 1270 πθλευς
604 1196 663 1261 ἔδει
699 1221 740 1272 με
771 1197 965 1278 φυλάττειν,
997 1196 1040 1260 τὰ
1072 1197 1099 1261 δ’
1131 1191 1191 1258 ὅλα
1224 1191 1321 1273 ὥσπερ
1344 1189 1408 1258 οὗτοι

236 1303 444 1381 πεπρακέναι;
477 1300 530 1366 Sic
560 1305 663 1388 igitur
693 1309 725 1366 61
748 1323 832 1367 nuno
855 1302 976 1368 dixerat
1003 1301 1149 1380 θαυμάσι’
1175 1302 1271 1375 ἧλίκα
1300 1299 1407 1380 συμφέ-

235 1433 334 1490 ροντα.
383 1407 541 1473 Similiter
569 1429 644 1495 pag.
677 1405 754 1473 368.
787 1405 841 1474 23.
874 1410 913 1479 ὡς
944 1407 1091 1488 θαυμάσι’
1125 1406 1220 1483 ἡλίκα
1254 1405 1407 1484 πεισόμενοι

237 1515 286 1580 διὰ
310 1514 435 1586 τούτους
458 1512 579 1591 epate.

281 1693 361 1781 Peg.
386 1690 462 1757 349.
488 1690 518 1756 5,
544 1690 692 1768 ἐξέκλειον
717 1689 812 1771 λόγου
836 1693 1010 1772 τυχχοίνεον
1035 1692 1106 1765 τοὺς
1129 1691 1256 1764 ἄλλους.
1292 1691 1326 1757 Si
1346 1710 1407 1756 oum

236 1801 288 1865 his
311 1800 542 1885 comparaveris
564 1797 671 1863 locum
696 1819 769 1885 pag.
797 1798 896 1865 1107.
921 1800 952 1864 4.
977 1801 1038 1877 ἐγὼ
1059 1801 1089 1866 δὲ
1110 1799 1314 1872 ἀπεκλείσθην
1332 1805 1407 1860 Tot

237 1905 333 1983 λόγου
357 1914 466 1986 τυχεῖν
491 1905 563 1983 ὑπὲρ
588 1900 624 1968 ὧν
646 1903 812 1981 ἀδικοῦμαι
835 1905 999 1994 intelliges
1023 1905 1195 1971 anticulum
1219 1925 1286 1970 6666
1308 1902 1409 1987 otinga

236 2011 479 2076 retrahendum:
513 2010 655 2090 ἐξέκληον
689 2018 778 2075 ΤΟΤ
814 2011 908 2088 λθχσν
943 2009 1123 2090 τυγχάνειν.
1172 2011 1295 2076 Eodem
1330 2027 1407 2074 sensu

236 2117 359 2180 dietum
391 2122 439 2181 est
469 2138 542 2204 pag.
572 2114 649 2182 229.
677 2113 730 2179 14.
755 2117 789 2179 οὐ
811 2116 874 2194 γὰρ
899 2116 1099 2198 ἀφαιρεῖσθαι
1123 2115 1227 2180 δεῖτὸ
1252 2114 1406 2193 προσελθεῖν

236 2223 278 2303 τῷ
310 2221 394 2302 δήμῳ
422 2222 474 2286 καί
499 2220 594 2298 λόγου
618 2230 743 2304 τυχεῖν,
766 2227 798 2287 61
820 2224 940 2307 possim
964 2223 1009 2286 616
1032 2223 1127 2300 λθχον
1152 2231 1263 2303 τυχεῖν
1286 2222 1405 2292 dieitur,

235 2347 297 2412 quo
320 2329 427 2392 minus
450 2330 560 2393 veniae
582 2328 678 2392 habet
700 2326 854 2393 mirificus
878 2348 962 2393 61161
984 2327 1245 2414 Harpocrationis
1265 2350 1296 2395 v.
1317 2327 1404 2404 Λθνον

235 2456 357 2514 τνχειν.

278 2612 358 2700 Peg.
391 2611 468 2678 353.
505 2611 557 2679 19.
581 2615 819 2696 μεμαρτύρηται
845 2615 876 2679 ἐν
899 2615 941 2695 τῷ
965 2612 1050 2696 δήμῳ
1074 2653 1130 2692 -,
1155 2613 1207 2679 καὶ
1234 2619 1283 2679 νῦν
1307 2633 1405 2692 μαρτυ-

233 2718 407 2798 ρηθήσεται.
463 2718 651 2807 legendum
685 2719 738 2784 καὶ
774 2723 824 2783 νῦν
860 2729 916 2784 Ae
948 2743 1046 2800 μαρτ.
1082 2719 1212 2806 perinde
1246 2726 1293 2786 eet
1325 2741 1356 2784 ae
1384 2716 1405 2780 si

233 2823 365 2890 dixisset
387 2826 656 2908 μαρτυρηθήσεται
681 2833 738 2890 ΔΕ
762 2825 814 2890 καί
840 2832 900 2890 νῦν.
947 2823 985 2890 In
1006 2825 1403 2891 66611616161611616666

232 2935 348 3015 potest.

276 3034 354 3100 Post
376 3056 478 3120 panea
499 3057 573 3124 pag.
594 3035 670 3102 354.
691 3035 719 3101 9.
743 3038 964 3103 scribendum:
986 3036 1119 3112 πνιιίσενν
1138 3033 1151 3102 ἰ
1171 3037 1251 3116 μήτ’
1271 3035 1404 3118 αἰσχύνοι

230 3139 306 3219 μήτ’
329 3139 455 3217 essitas
480 3143 564 3223 αὐτῷ
588 3142 692 3226 <peon
717 3163 774 3229 pro
797 3141 895 3224 Φέρει.

276 3319 355 3408 Peg.
390 3318 465 3386 360.
496 3318 546 3386 17.
573 3318 609 3386 ἵν’
633 3321 733 3395 εἰδῆτε
764 3318 851 3387 οἵων
885 3321 1085 3401 ὑπαρχόντων
1109 3325 1214 3393 αὐτοῖς
1240 3329 1312 3404 παρ’
1338 3321 1405 3399 ὑμῶν

224 3420 312 3490 ’ὯΝ
344 3426 486 3505 ἔτυχον.’
514 3425 549 3491 Si
579 3429 614 3492 in
644 3427 792 3493 omnibns
821 3427 914 3493 libris
940 3427 1077 3494 fideliter
1092 3435 1181 3495 esset
1205 3433 1355 3516 seriptum
1374 3422 1404 3489 clv

229 3531 359 3613 ἔτυχον,
392 3531 445 3598 vel
476 3535 521 3599 616
553 3538 661 3599 tamen
696 3555 735 3599 ex
773 3536 930 3599 constanti
965 3531 1159 3600 Graecorum
1195 3533 1402 3602 consuetudine

229 3635 294 3703 οἵων
328 3637 441 3718 ἔτυχον
476 3639 638 3704 emendari
673 3640 843 3705 debuisset.
896 3639 989 3705 Nune
1024 3637 1087 3705 οἰων
1124 3647 1172 3707 661
1205 3645 1241 3708 in
1274 3639 1403 3708 omnibns

228 3749 352 3830 praeter
374 3743 405 3810 S.
434 3743 473 3810 Y.
499 3746 615 3830 quibus
638 3746 778 3812 ereditur
802 3748 899 3811 etiam
923 3746 981 3811 ubi
1003 3743 1065 3811 fide
1088 3747 1215 3836 indigni
1240 3752 1320 3814 sunt.

275 3849 357 3930 Quid
388 3855 436 3916 est
466 3853 499 3915 in
531 3848 727 3917 Graecorum
757 3851 870 3939 lingua
903 3854 1010 3918 tritius
1041 3873 1137 3937 quam
1170 3848 1220 3918 αἶα
1253 3847 1330 3919 -σῖα
1352 3847 1399 3914 sibi

229 3957 312 4019 inter
336 3977 369 4020 se
392 3954 635 4043 respondentia?
681 3955 851 4043 Sophocles
875 3959 988 4023 116611.
1014 3956 1090 4025 751.

478 4054 520 4127 ol'
544 4059 620 4143 ἔργα
644 4061 761 4142 δρνίσας
785 4059 833 4128 οἷα
860 4062 1021 4142 λαγχάνει
1046 4061 1143 4130 κακνί.
1304 4137 1308 4146 ,

272 4165 502 4233 Demosthenes
532 4189 605 4256 pag.
642 4167 717 4236 712.
752 4168 804 4234 14.
837 4165 876 4233 ἵν’
905 4170 1006 4246 εἰδῆτε
1030 4171 1105 4252 παρ’
1130 4167 1206 4246 νίονς
1232 4171 1329 4252 νόμους
1349 4161 1394 4232 olo

228 4267 312 4346 οὗτος
337 4273 522 4354 εἰσήνεγκεν.
