3034 4970
645 243 712 316 23¹7

103 438 234 524 disposita
263 439 493 524 acciperentur:
517 435 628 517 ἀνδρῶν
651 436 683 503 tt
706 437 805 519 τρίτος
828 434 992 520 Εὔφορβος
998 487 1008 519 ,
1034 438 1072 506 σὺ
1096 439 1129 508 δέ
1152 443 1188 520 μ’
1211 439 1274 520 ἕξε-

103 545 222 627 νιιρ1ζεις.
254 546 339 630 quod
369 547 427 630 qui
456 564 648 630 concoquere
671 547 789 631 poterit
809 566 986 631 numquam
1010 549 1041 613 ei
1063 553 1131 614 arte
1154 545 1275 616 Gritica

102 656 147 716 aut
166 654 289 717 omnino
311 652 432 717 iudicio
455 653 490 716 in
511 653 580 717 vita
604 653 665 716 erit
688 671 777 737 opus.

138 757 298 823 (tactorum
328 757 479 824 mirificae
510 757 569 823 hae
604 761 636 822 et
657 763 856 842 portentosae
880 757 1051 826 verbomm
1074 761 1274 828 traiectiones

102 869 208 948 praeter
228 870 378 932 naturam
402 862 493 930 dictae
516 868 665 929 revocant
686 863 769 929 mihi
791 867 825 928 in
844 867 1035 930 memoriam
1051 865 1191 951 lepidam
1210 868 1275 934 his·

102 970 230 1036 toriolam
259 971 344 1056 apud
373 969 578 1035 Athenaeum
607 990 681 1057 pag.
707 967 783 1034 493.
807 989 836 1036 r.
860 971 919 1036 ubi
939 970 1143 1038 Ptolemaeus
1166 973 1275 1040 Phila-

102 1076 218 1162 delphus
248 1075 392 1142 similem
422 1078 591 1142 serborum
622 1076 843 1141 traiectionem
873 1073 1039 1144 aSosibio
1062 1082 1275 1166 grammatico

102 1187 299 1272 excogitatam
324 1182 497 1248 salsissime
520 1180 712 1246 ludificatur.

137 1289 255 1356 Multae
287 1287 480 1355 (triticorum
510 1286 668 1361 ottericus
698 1308 761 1354 non
790 1288 921 1356 aliunde
953 1309 1050 1375 quam
1081 1291 1155 1359 hinc
1183 1297 1276 1361 natae

100 1400 171 1461 sunt.
202 1396 252 1461 Ex
275 1400 385 1461 sucat
407 1392 590 1480 aequalium
610 1415 719 1472 sensu,
740 1395 877 1474 iudicio,
899 1398 1044 1481 opinione
1065 1400 1277 1466 aestimabant

100 1504 285 1588 antiquitatis
316 1522 444 1568 sensum
474 1521 510 1566 ac
540 1506 693 1566 mentem.
739 1499 777 1565 In
805 1501 896 1567 iliad.
930 1513 963 1571 Ξ.
994 1503 1070 1573 317.
1095 1509 1276 1574 οὶδετοῦνται

100 1607 170 1688 sizo
192 1607 314 1686 ἕνδεκα,
342 1605 388 1672 ὅτι
408 1611 610 1672 ''AKAIPOC
635 1609 651 1681 1
677 1607 888 1687 οὶταρίθμιρσις
913 1615 971 1674 τῶν
995 1611 1157 1689 ὄνομοὶτων.
1184 1615 1237 1679 καὶ
1262 1615 1276 1678 1

100 1713 281 1794 ἐπειγόμενος
314 1716 553 1792 συγκοιμιμῆναι
578 1720 757 1791 τολυλσγεῖ.
806 1713 917 1799 Itaque
940 1714 1146 1784 Aristarchus
1169 1721 1277 1786 οὶθετεῖ

99 1820 553 1902 κα1ἈριςοΦ11νιρςτροιρθέτει.
601 1819 839 1904 Aristophanen,
866 1841 962 1904 quem
985 1829 1108 1890 constat
1138 1826 1275 1906 ἐρωτικόν

99 1927 200 2012 inisse,
231 1947 409 2011 numquam
439 1929 474 1990 in
506 1924 565 1992 tali
588 1947 622 1991 re
643 1924 741 2013 longo
764 1946 909 1992 sermone
932 1949 1048 1994 usurus
1072 1931 1168 1997 fuisse
1191 1934 1278 2000 vide-

99 2037 159 2098 tur:
189 2033 283 2102 facile
315 2033 492 2110 credimus,
524 2032 579 2097 scd
609 2031 672 2098 alia
698 2034 859 2099 veteribus
882 2036 1064 2101 cantoribus
1086 2041 1202 2124 quique
1227 2061 1278 2107 eos

100 2140 258 2206 audiebant
281 2140 360 2206 olim
384 2140 541 2225 placuisse
564 2139 714 2206 credibile
735 2146 797 2219 111,
823 2143 938 2226 quibus
960 2143 1044 2208 nihil
1067 2143 1117 2209 his
1141 2151 1208 2211 erat
1230 2149 1279 2212 iu-

99 2246 220 2312 cundius
244 2249 340 2312 εῐτεῖν
363 2271 396 2310 τε
422 2246 474 2310 καὶ
499 2247 640 2311 οέκοῦσιιι.
665 2245 801 2313 Homeri
824 2251 964 2314 carmina
987 2251 1073 2315 vitae
1098 2254 1129 2316 11
1147 2257 1280 2318 naturas

99 2353 256 2436 speculum
286 2373 353 2418 esse
383 2350 551 2418 tumeam:
579 2358 664 2437 esto,
689 2354 743 2418 sed
766 2355 907 2440 αιιιὶριιαε
929 2361 1061 2421 naturae
1085 2361 1117 2422 et
1140 2359 1279 2446 ingenii,

98 2479 152 2522 non
172 2461 391 2544 Aristophanis
414 2465 446 2524 et
469 2460 646 2524 Aristarchi
670 2459 861 2545 aequalium.

137 2566 229 2630 Οὐδὲν
253 2565 291 2631 dea
315 2563 348 2641 ἦν
372 2573 430 2630 τῶν
453 2572 682 2645 γραμματικῶν
706 2566 870 2648 μωρότερον
893 2570 918 2632 ai
939 2568 983 2645 μὴ
1003 2567 1169 2652 Φιλόσοφον
1189 2568 1278 2650 ἦσαν,

97 2689 223 2753 quorum
254 2671 400 2738 nonnulli
432 2675 465 2736 in
497 2670 639 2738 Homero
668 2673 904 2757 interpretando
927 2672 1069 2758 palmam
1094 2675 1280 2742 stoliditatis

97 2779 310 2862 grammaticis
333 2779 584 2863 praeripuerunt.
620 2775 758 2864 Calypso
780 2778 892 2867 Ulyssi
914 2780 1193 2848 immortalitatem
1212 2781 1281 2868 pol·

96 2878 218 2962 licetur,
243 2904 340 2968 quam
364 2882 421 2948 illa
446 2885 585 2968 accipere
608 2884 722 2949 noluit.
771 2883 884 2972 Odyss.
909 2894 949 2950 H.
973 2884 1051 2951 256.

591 3023 593 3028 .
861 2989 983 3075 ἔφασκε

271 3094 370 3171 dicata
393 3092 545 3159 ἀθάνατον
568 3093 620 3159 καὶ
645 3095 767 3173 systus
793 3095 902 3174 ἤματα
928 3095 1045 3162 τοὶντα.

267 3203 342 3266 ἀλλ’
367 3199 573 3279 inlacrimare
598 3201 690 3279 θυμὸν
715 3201 755 3266 ἐνὶ
780 3203 920 3277 cidanea
945 3201 1072 3270 έτειθεν.

136 3308 206 3373 Scin
237 3330 293 3373 cur
322 3305 535 3375 recusaverit?
570 3307 757 3393 Numquam
780 3311 915 3394 reperies
939 3311 1002 3374 nisi
1027 3310 1065 3376 ab
1088 3310 1278 3378 Antisthene

94 3413 257 3480 audiveris.
304 3412 496 3488 Ἀντισθένης
533 3414 627 3495 φησὶν
663 3409 708 3479 ὅτι
743 3415 812 3487 τοὺς
843 3416 970 3495 ἐρῶντας
1004 3415 1057 3498 ἤδη
1092 3414 1166 3503 (leg.
1202 3417 1278 3499 tte)

93 3519 286 3598 ψευδομένους
320 3521 380 3594 τοὶς
416 3518 612 3600 ὑποσχέσεις.
643 3525 731 3586 τοῦτο
763 3521 826 3601 γὰρ
854 3529 948 3586 ποιεῖν
972 3523 1025 3587 οὐκ
1050 3521 1179 3597 ἠδύνοιτο
1200 3525 1279 3605 δίχα

93 3630 143 3688 τοῦ
175 3628 257 3700 Διός.
303 3625 408 3694 Heml
437 3629 497 3693 hoc
521 3628 652 3693 demum
676 3633 724 3693 est
747 3627 928 3693 Homerum
951 3630 1152 3712 interpretari
1176 3636 1208 3696 et
1232 3653 1278 3698 sa·

92 3729 179 3814 peret
212 3734 309 3799 Peius
334 3736 431 3800 etiam
457 3739 505 3799 est
526 3736 584 3799 ubi
606 3733 762 3799 Alcinous
784 3733 870 3799 ultro
893 3732 993 3798 filiam
1014 3733 1127 3821 Ulyssi
1145 3757 1279 3803 uxorem

93 3837 194 3904 offerre
217 3842 351 3907 videtur:
375 3840 517 3917 videtur,
541 3841 689 3925 inquam,
715 3861 853 3925 namque
876 3838 982 3905 ταῦτοὶ
1002 3844 1080 3922 Φησι
1098 3847 1277 3921 πειρώμενος

93 3943 116 4007 ri
141 3953 207 4019 τοιῖς
231 3946 388 4020 ἀληθείαις
413 3946 572 4036 aestaset
595 3946 647 4010 τὸν
672 3951 839 4026 Καλυψοῦς
864 3946 988 4025 γοὶμον,
1013 3967 1128 4033 nempe
1155 3950 1183 4012 si
1207 3971 1278 4015 con·

93 4048 241 4117 ditionem
270 4055 441 4138 accepisset
469 4055 503 4117 in
533 4054 703 4119 manifesto
733 4054 897 4121 mendacio
928 4055 1098 4140 deprensus
1121 4055 1212 4122 foret.
1237 4059 1277 4123 ad

94 4153 201 4241 Odyss.
233 4167 272 4223 H.
305 4157 369 4223 311
403 4164 435 4224 et
466 4157 542 4224 313.
592 4157 675 4223 Sunt
700 4160 777 4225 haec
801 4160 1063 4246 philosophorum
1083 4164 1278 4244 iocantium,

93 4265 131 4324 ut
154 4268 332 4350 saepissime
355 4265 519 4331 Socratem
542 4265 627 4349 apud
650 4265 816 4332 Platonem
842 4272 873 4332 et
895 4266 1140 4353 Xenophontem
1160 4270 1193 4332 in
1210 4291 1279 4335 ver-

94 4367 180 4434 sibus
207 4370 390 4439 Homericis
420 4371 586 4438 ludentem
616 4372 782 4452 videmus,
810 4392 874 4439 non
896 4377 936 4439 ut
956 4377 1067 4461 podtae
1089 4377 1279 4442 sententiam
