3034 4970
806 229 872 299 280

244 416 316 502 ἐγώ.
364 421 428 489 Gur
459 444 535 510 ergo
565 422 616 487 illi
641 426 780 500 veteres,
803 424 912 508 quales
935 426 1020 489 viros
1043 442 1075 486 so
1098 441 1201 505 nequo
1224 421 1409 488 1111111111-

245 549 340 612 quam
370 531 531 615 praedicat
562 550 663 613 neque
693 528 824 613 posthac
853 533 1017 604 risurum,
1046 528 1188 593 hominis
1211 529 1410 592 auctoritatem
1499 611 1500 618 ἵ

244 636 454 718 sequebantur
482 637 567 700 ultro
597 635 726 698 fatentis
758 655 791 698 sc
823 633 889 699 illis
920 655 987 699 esse
1010 629 1214 698 inferiorem?
1249 635 1292 698 At
1317 632 1411 697 Nestor

244 744 333 820 μένοι
357 748 470 823 Φρονῶν
494 742 546 804 xci
572 741 848 820 παρρησιαζόμενος
872 747 904 805 ot
923 739 997 804 illos
1011 749 1139 814 ,ueteres
1160 741 1412 820 etsemetipsum

243 849 480 935 Agamemnoni
508 852 540 911 et
563 845 684 911 Achilli
706 857 897 931 anteponens
921 850 966 911 sic
989 865 1041 910 oos
1064 845 1125 908 sibi
1148 847 1272 930 optime
1293 842 1412 909 monenti

243 954 460 1039 obtemporare
490 951 649 1037 postulat:
682 953 820 1029 πίίεσίε,
853 952 988 1017 ἐπίθοντο
1011 949 1073 1031 cap
1095 973 1146 1028 μοι
1170 951 1224 1014 xci
1248 949 1367 1031 οίρείονες
1387 945 1412 1019 νίέ

245 1082 301 1139 περ
326 1060 424 1135 ὑμεῖς.

289 1163 382 1229 Alius
412 1161 547 1226 Homeri
574 1159 679 1238 locus,
706 1162 762 1226 ubi
784 1163 961 1228 Aristarchi
983 1165 1157 1228 sententiaa
1178 1182 1243 1228 non
1266 1159 1414 1228 subscribi·

244 1289 334 1354 mus,
358 1273 405 1334 cst
427 1270 462 1332 in
484 1265 576 1332 Iliad.
600 1275 637 1331 A.
663 1264 809 1333 28-30.

381 1375 435 1447 την
459 1375 485 1438 δ’
509 1374 569 1451 ἐγὼ
593 1373 627 1437 οὐ
650 1373 749 1451 λύσω,
775 1374 843 1454 πρίν
867 1398 920 1450 μιν
943 1375 995 1440 arci
1019 1382 1118 1452 μῆροος
1143 1371 1259 1440 ἔπεισιν

384 1479 518 1560 ἡμετέρῳ
542 1480 582 1544 ἐνί
606 1478 675 1560 οἴκῳ
699 1480 728 1544 ἐν
748 1483 863 1558 ’Ἄργεΐ
885 1480 989 1554 πηλίίι
1014 1480 1134 1561 ποίσρηρ

381 1588 445 1655 aa
468 1585 668 1666 ἐποιχομένην
691 1586 743 1651 xci
770 1587 841 1663 ἐμὸν
867 1587 961 1670 λέχος
986 1588 1164 1653 ιίνπιίωσοον.

291 1692 360 1759 Hos
391 1698 455 1759 tros
486 1713 597 1758 versus
627 1692 829 1758 Aristarchus
861 1694 1035 1760 damnarit.
1068 1688 1335 1769 νίίετοῦντοιι,-ίτι
1356 1691 1417 1754 νίνο-

246 1798 350 1865 λιίοιισι
373 1799 428 1875 σίρν
451 1799 594 1863 ἐπίτασιν
616 1804 669 1862 τοῦ
694 1803 742 1862 νοῦ
765 1800 818 1862 xci
843 1801 897 1872 την
921 1801 1063 1875 οίσειλνίν.
1090 1801 1234 1875 ἦσμένισε
1257 1801 1320 1879 γὰρ
1341 1793 1417 1859 naid

248 1907 366 1985 Χρύσην
397 1906 539 1978 εἰπούσης
569 1910 623 1983 (an
654 1901 833 1989 σοινύσηςῗ)
862 1908 959 1978 αὐτῆς
978 1908 1020 1986 τῷ
1044 1906 1184 1984 deceret.
1231 1908 1417 1971 ’anrenec
1502 1957 1503 1966 ,

248 2012 279 2078 δὲ
304 2012 356 2076 aci
380 2010 415 2075 πὸ
439 2008 490 2073 τὸν
514 2007 739 2087 Ἀνομέμνονοι
764 2016 894 2075 τοιοῦτον
919 2014 1034 2089 λέγειν.
1073 2012 1205 2077 Nemini
1228 2011 1321 2077 facile
1342 2007 1419 2074 credo

247 2117 325 2182 hacc
356 2115 575 2180 Aristarchum
598 2115 813 2199 probaturum.
863 2115 954 2196 Quod
978 2123 1084 2183 autern
1109 2118 1192 2182 dixit
1214 2121 1299 2203 patri
1315 2121 1418 2198 ροοίονι

248 2244 309 2288 ease
330 2220 436 2300 filiam,
454 2241 544 2284 suam
568 2241 634 2285 csse
657 2220 756 2307 Regis
780 2225 1003 2301 concubinam,
1024 2223 1234 2289 Alexandriae
1251 2225 1376 2289 fortasse
1391 2222 1419 2282 in

247 2328 321 2395 aula
344 2326 497 2391 dissoluta
519 2347 633 2392 rerum
656 2347 722 2392 esse
742 2336 882 2413 poterat,
904 2331 957 2394 sed
978 2352 1039 2395 non
1060 2332 1143 2414 apud
1162 2330 1306 2395 heroicae
1321 2327 1419 2393 aetatis

171 2459 173 2464 ·
247 2435 402 2501 homines.
427 2429 544 2498 Contra
563 2432 647 2517 quod
668 2435 829 2498 contendit
850 2436 984 2514 duperia
1000 2436 1050 2499 τὸν
1064 2436 1290 2513 ’Λρσμέμνονοι
1303 2437 1419 2499 τοιιιῡσιι

248 2541 371 2618 λέγειν,
402 2541 430 2603 si
460 2539 494 2603 id
516 2536 719 2604 Ptolemaeus
744 2538 815 2606 Rex
838 2541 970 2606 dixisset
992 2542 1128 2622 οίπρεπὲς
1153 2540 1191 2606 ἐιν
1215 2539 1266 2619 ἐν,
1291 2540 1346 2606 sed
1363 2536 1419 2603 Ho·

247 2645 360 2711 marici
382 2645 491 2709 heroes
512 2645 546 2707 in
567 2645 687 2709 talibus
710 2647 978 2725 εὐίορρημονοῦσιν.

294 2755 414 2817 Iterum
444 2749 483 2814 ab
513 2749 695 2815 Aristarcho
727 2750 977 2819 dissentiendum
1007 2751 1097 2818 Iliad.
1130 2763 1177 2819 Ω.
1213 2751 1288 2820 130.
1314 2752 1369 2819 ubi
1388 2746 1422 2813 ad

246 2857 408 2925 Achillem
430 2875 488 2921 sua
510 2865 613 2921 mater
634 2858 682 2922 ita
705 2855 800 2921 dicits

406 2965 508 3028 πέκνον
532 2963 625 3040 ἐμίν,
650 2963 701 3027 πέο
723 2962 835 3042 μέχρις
860 2963 1031 3044 ὀδυρόμενος
1055 2965 1107 3029 aci
1129 2965 1254 3047 οίχειίοιν

406 3071 461 3144 σὺν
484 3067 565 3134 ἐδεοοι
589 3069 710 3148 κροιδίην
732 3070 923 3145 μεμνημένος
948 3070 1017 3135 οὔτε
1040 3096 1070 3136 σι
1096 3071 1180 3136 σίσον

405 3172 471 3240 οὔτ’
496 3174 601 3251 edraim
627 3174 744 3251 οίγοιίὸν
768 3175 798 3239 δὲ
822 3179 948 3254 γννοιιιιί
972 3201 1027 3256 περ
1052 3178 1082 3242 ἐν
1105 3175 1251 3259 φιλότητι

405 3278 561 3357 μίσγεσθ’.
585 3281 618 3344 οὐ
643 3281 704 3361 νοίρ
725 3304 776 3357 μοι
801 3281 884 3362 δηρὸν
906 3282 982 3362 βίη,
1008 3281 1096 3348 arra
1120 3305 1166 3347 σοι
1191 3284 1245 3358 ἤδη

405 3383 489 3465 ulyxi
513 3385 686 3464 ποορέςηιιεν
711 3387 840 3460 ίοίνοιπορ
864 3389 916 3452 aci
942 3397 1034 3467 μοίροο
1057 3393 1202 3469 κροτοιιί.

407 3492 483 3556 ἄλλ’
506 3491 611 3569 ἐμέίεν
635 3491 722 3568 ξύνες
746 3490 820 3557 clxx.

291 3598 378 3668 Audi
399 3619 484 3663 nunc
507 3599 683 3664 Aristarchi
705 3599 882 3665 iudicium:
907 3601 1086 3666 alternorum
1106 3598 1190 3682 ςίχοι
1210 3608 1287 3682 τρεῖς
1307 3593 1420 3682 (130-

250 3706 329 3790 132)
352 3699 398 3771 ἐτι
422 3705 628 3770 ’ΛΠΡΕΠΕΟ
651 3703 772 3782 μητέροο
796 3707 848 3785 nial
872 3707 995 3783 λέγειν·

566 3808 685 3888 acatia
709 3811 753 3879 ἐςι
777 3812 898 3890 cuccari
923 3813 1103 3888 μίσγεσθαι.

292 3919 379 3983 ’ΈΤΙ
413 3927 470 3982 ΔΕ
501 3926 571 3982 ΚΑΙ
604 3916 750 3981 οίποίντων
781 3917 1048 3996 οίσομΦορώτοοσίν
1079 3919 1125 3984 ἐςι
1149 3916 1202 3982 κιο)
1227 3916 1345 3994 μοίλιςοο
1364 3915 1423 3978 τοῖς

251 4028 294 4101 είς
317 4025 453 4100 πόλεμον
479 4019 613 4097 ἐξιοῦσιν.
639 4022 732 4101 χρείιι
756 4023 819 4101 arla
844 4026 978 4094 εὐσονίοις
1004 4024 1056 4088 axi
1081 4024 1268 4098 πνεύμονος.

296 4129 403 4198 Facile
435 4128 592 4193 credimus
621 4149 722 4212 noque
754 4129 1012 4195 Ptolemaeorum
1039 4140 1157 4194 matres
1180 4151 1280 4214 neque
1301 4126 1424 4207 reliquas

251 4244 286 4307 in
317 4236 391 4303 aula
413 4233 627 4300 Alexandrina
650 4245 811 4300 matronas
834 4235 1007 4320 quidquam
1030 4235 1252 4300 huiuscemodi
1275 4233 1345 4298 filiis
1363 4229 1422 4292 auis

251 4345 430 4449 praecipere
460 4338 585 4416 solitas,
619 4345 656 4403 ut
686 4360 787 4430 nequa
811 4363 894 4407 nnnc
917 4349 1036 4408 matres
1058 4341 1150 4410 facile
1174 4331 1253 4408 talia
1274 4335 1422 4408 11111111ιί1
