3052 4970
817 231 882 302 358

256 419 432 499 metm.

414 529 438 593 εὶ
464 527 495 592 δέ
518 553 570 606 μοι
596 539 652 594 OT
676 531 791 596 τίσουσι
815 531 893 608 βοῶν
918 528 1040 596 ἐπιεικέ’
1064 531 1218 610 ἀμοιβήν,

412 631 544 712 δύσομαι
569 635 610 706 εἷς
635 637 743 702 Ἀΐδεω
768 635 823 701 καί
845 635 873 700 κ’
897 636 926 698 ἒν
950 634 1086 700 νεκύεσσι
1110 635 1239 718 Φαείνοι.

301 738 422 804 Eodem
451 742 553 828 igitur
583 741 678 807 modo
707 747 740 807 et
762 763 845 806 nuno
872 742 1013 806 dixerat:
1036 743 1061 806 εἰ
1094 741 1146 805 καὶ
1171 745 1220 806 νῦν
1243 741 1359 815 dortour
1380 769 1412 782 -

256 844 337 924 ατὰρ
368 854 452 910 OTK
483 845 603 923 ἔξεισθα
637 846 754 928 θύραζε.
802 845 865 912 Sed
896 846 960 912 alia
991 847 1140 912 machina
1164 868 1203 912 ex
1225 847 1353 912 Homero
1373 840 1415 906 ob·

255 953 378 1016 moveri
400 954 517 1036 poterit
536 953 577 1017 ad
595 953 763 1040 vulgatam
782 953 1020 1018 defendendam.
1044 951 1170 1018 Dixerit
1190 954 1299 1038 aliquis
1317 949 1415 1014 οοούον

256 1059 447 1120 sententiam
474 1057 578 1120 iliadem
607 1059 713 1125 verbis
744 1064 928 1143 conceptam
959 1057 1022 1124 alio
1053 1057 1122 1124 loco
1152 1062 1199 1126 ita
1229 1059 1308 1146 legi,
1329 1059 1362 1120 ut
1381 1051 1415 1118 ἔτι

256 1163 377 1225 mutari
399 1181 461 1226 non
484 1165 601 1246 possit,
625 1187 655 1228 τ.
681 1162 732 1228 66.

437 1265 526 1343 ξεῖν’,
552 1266 595 1334 ἔτι
620 1269 672 1334 καὶ
697 1273 747 1333 νῦν
770 1267 866 1334 ἔνθαδ’
890 1269 1022 1343 οὶνιύσειο
1048 1270 1099 1335 διοδ
1123 1269 1222 1336 νύκτα

439 1372 557 1438 δινεύων
582 1375 667 1440 κατα
690 1383 781 1440 εοῖιιον
804 1376 978 1447 ὀπιπεύσεις
1003 1376 1034 1441 δέ
1060 1384 1233 1453 occatam

439 1480 514 1544 ἀλλ’
539 1477 641 1555 έξελύε
666 1479 790 1565 θύραζε,
813 1481 933 1560 τύλαν,
959 1480 1011 1546 καὶ
1037 1481 1139 1554 δαιτὸς
1164 1480 1249 1555 ύνκσο

440 1587 457 1662 ἢ
481 1582 575 1668 τύχα
598 1587 649 1652 καὶ
673 1586 756 1668 δαλῷ
780 1587 977 1667 βεβλημένος
1001 1583 1087 1653 εἷσύα
1112 1587 1231 1668 ύύοαζ.

258 1692 313 1757 sed
338 1711 533 1776 quamquam
552 1693 725 1777 persimilis
747 1694 836 1759 loeus
860 1699 908 1759 cst
931 1699 1040 1758 tamen
1062 1695 1236 1758 sententiae
1259 1690 1422 1775 compositio

258 1803 306 1863 cst
324 1796 417 1883 plane
438 1797 578 1881 diversa,
601 1803 633 1863 et
658 1799 832 1884 probabilis
852 1801 990 1884 suspicio
1009 1804 1057 1864 est
1074 1799 1219 1864 librarios
1236 1799 1318 1863 hunc
1333 1796 1425 1861 locum
1504 1829 1505 1838 ν

259 1905 384 1969 ἔναυλον
407 1901 538 1982 ἔχοντας
562 1923 618 1989 pro
637 1903 709 1980 ξεῖν’
721 1952 729 1983 ,
757 1914 795 1969 ΕΙ
820 1906 872 1970 καὶ
898 1911 949 1970 νῦν
971 1908 1146 1991 reposuisse
1165 1905 1259 1989 ξεῖν’,
1279 1907 1361 1967 ἜΤΙ
1382 1899 1422 1964 κού

259 2016 320 2073 νῦν.
367 2009 525 2094 Equidem
549 2015 581 2074 et
603 2012 670 2095 ipsc
692 2013 727 2074 in
750 2032 857 2078 meam
881 2031 950 2076 rem
973 2010 1114 2077 Homero
1138 2010 1329 2076 denuntiabo
1352 2008 1425 2073 testi·

258 2117 404 2180 monium
428 2115 460 2193 β.
488 2114 562 2179 115.
958 2125 960 2128 ’

398 2229 437 2283 ΕΙ
461 2222 486 2285 δ’
513 2218 555 2285 ἔτ’
580 2224 696 2297 οὶνιύσει
718 2248 759 2301 νε
782 2223 878 2290 πολὺν
901 2221 1008 2305 χρόνον
1032 2217 1100 2295 νέαι
1126 2223 1283 2303 Ἀχαιῶν,

260 2325 317 2390 ubi
348 2325 508 2408 spodosis:
542 2331 594 2393 οὐκ
626 2326 784 2404 ἀνέξονται
812 2331 837 2394 οἱ
869 2337 1018 2409 μννςνῑρες
1040 2330 1128 2394 ἄλλα
1151 2329 1220 2407 βέον
1243 2354 1278 2394 τε
1301 2329 1363 2394 τεὸν
1383 2326 1425 2392 cal

260 2431 396 2507 κτήματ’
423 2429 539 2496 ἔδονται
564 2433 626 2498 alia
647 2437 821 2500 sententiae
844 2435 1090 2501 conformatione
1110 2437 1258 2502 variavit.

796 2745 910 2814 XLVI.

714 2955 815 3021 nno.
849 2966 887 3020 Θ.
916 2955 990 3021 153.

372 3167 455 3246 εἴπεο
479 3167 542 3247 νύν
565 3169 593 3231 τ’
616 3168 737 3246 Ἕκτωρ
760 3191 800 3244 γε
824 3169 917 3234 κακὸν
941 3167 992 3232 καὶ
1019 3165 1174 3232 ύνοὶλκιδα
1198 3167 1308 3250 ΦύσΕΙ

372 3276 445 3339 αλλ’
472 3275 504 3338 ού
528 3273 685 3338 πεύσονται
710 3279 822 3351 Τρῶες.
887 3298 893 3308 ·
1505 3353 1506 3358 ¹

257 3401 367 3446 veram
397 3378 566 3444 lectionem
597 3381 716 3462 aperiet
747 3381 908 3444 annotatio
931 3377 971 3442 ad
994 3387 1033 3442 A.
1061 3377 1135 3444 129.
1161 3379 1197 3442 ot
1219 3379 1253 3443 κε’
1277 3381 1342 3445 πούι
1365 3380 1429 3450 Ζεὺς

259 3494 402 3562 dolel,
427 3485 484 3549 ubi
506 3483 613 3550 Zoilus
636 3489 668 3548 et
691 3480 889 3570 Chrysippus
910 3485 1073 3568 porinepta
1090 3483 1160 3548 δῶσι
1179 3483 1344 3572 legebant,
1364 3505 1429 3572 quos

258 3593 450 3678 redarguens
473 3586 611 3655 Oriticus
633 3592 736 3654 nescio
760 3592 831 3674 quis
854 3592 901 3654 ita
924 3590 1048 3654 scribit:
1075 3588 1118 3658 ἔτι
1143 3591 1177 3655 τὸ
1204 3599 1327 3669 ΔΩΙΕΙ
1351 3594 1429 3657 ἑνικὸν

259 3696 471 3775 ἐκτεταμένον.
498 3734 538 3744 -
564 3695 695 3760 τοιοῦτόν
719 3697 764 3762 ε’ςι
789 3694 841 3759 καὶ
867 3695 895 3759 ἕν
921 3693 1090 3780 Ὀδυσσείᾳ
1113 3698 1158 3781 (α.
1186 3695 1274 3782 168).

669 3809 810 3866 efflent
835 3799 1023 3866 ἐλεύσεσθαι.

261 3909 312 3974 καὶ
337 3909 371 3974 τὸ
397 3910 431 3991 (ι.
456 3904 545 3993 318.)

373 4011 472 4077 εἰσόκε
495 4036 545 4090 μοι
569 4014 661 4089 μύλα
685 4013 792 4078 πολλοὶ
815 4014 917 4092 πατὴρ
941 4015 1160 4078 document
1185 4012 1295 4081 ἔεεδνοι.

262 4120 422 4187 κύνταύύα
446 4119 509 4198 γαρ
532 4118 674 4199 ούποδῷ.
699 4119 742 4183 διδ
766 4118 877 4183 καὶτὸ
902 4129 915 4182 1
937 4117 1007 4200 ἔχει
1037 4119 1258 4198 προσκείμενον.
1304 4123 1432 4208 Uterque

260 4229 349 4294 locus
372 4227 406 4288 in
427 4224 519 4289 libris
542 4227 657 4289 nostris
681 4229 847 4310 corruptus
870 4225 944 4288 hinc
962 4226 996 4288 in
1016 4227 1180 4312 integrum
1200 4231 1364 4296 restitutus
1382 4241 1431 4297 est.

260 4333 421 4404 Edebutur
444 4332 530 4394 enim
554 4330 606 4394 hio
629 4331 799 4409 οὶποδύσει,
824 4331 893 4396 illic
915 4331 1008 4412 Φύσει
1033 4331 1085 4398 vel
1108 4333 1214 4418 φησίν.
