3034 4968
807 237 870 313 aaa

244 433 368 504 ἐπιέναι
392 432 598 514 προσέταξαν.
644 433 820 500 Krsmsrns
841 437 924 500 bona
945 433 1007 500 fide
1038 435 1172 501 credidit
1194 442 1282 503 reete
1301 437 1414 503 haberet

244 543 391 610 Εόλότων-
410 542 488 612 τινὲς
501 539 749 618 ἐξαγγείλαντες
768 543 793 606 οἱ
806 539 1042 620 Λακεδαιμόνιοι
1056 540 1204 621 ἔγνωσαν.
1230 543 1416 630 Appellatus,

245 647 357 724 oredo,
389 646 587 711 nominativus
616 647 781 723 αόοοόαιαι,
810 652 843 712 et
875 648 1022 733 exempla
1048 648 1206 732 quaedam
1236 650 1417 735 proferuntur

245 774 284 820 ex
312 753 391 818 loois
420 755 555 819 vitiosis.
602 751 721 817 Nullus
750 755 906 838 supererit
935 774 1070 838 usquam
1101 755 1306 821 soloecismus
1328 758 1353 820 si
1371 751 1418 818 illa

244 860 470 946 probabuntur.
517 857 723 942 Recipiamus
745 861 849 945 igitur
871 868 973 922 revoc
998 858 1281 937 ἐξαγγείλαντος.

288 964 367 1044 Quis
389 964 520 1051 negabit
543 968 599 1027 aut
618 966 690 1048 quis
708 967 808 1028 nesoit
833 967 1099 1030 constructionem
1120 966 1289 1030 verborum
1310 966 1417 1048 saepius

241 1073 362 1136 mutari
380 1073 414 1134 in
436 1068 565 1156 longius
588 1077 747 1155 protracta
770 1072 910 1135 oratione
934 1076 990 1134 aut
1017 1068 1219 1136 artificiosius
1242 1073 1418 1157 composito,

242 1175 368 1241 utalia
396 1174 499 1239 fonna
533 1177 671 1259 eoeperit
700 1169 842 1239 institui
860 1183 893 1241 et
925 1182 1069 1241 surrento
1093 1176 1216 1242 calamo
1241 1177 1304 1243 alia
1326 1178 1419 1256 exeat,

244 1281 295 1346 sed
328 1285 385 1342 τῶν
418 1281 560 1344 Εἱλώτων
590 1283 667 1351 τινὲς
700 1278 947 1359 ἐξαγγείλαντες
980 1283 1005 1346 οἱ
1035 1283 1273 1360 Λακεδαιμόνιοι
1298 1282 1419 1360 ἔγνωσαν

243 1385 346 1450 dicere
370 1384 540 1450 absurdum
566 1390 623 1450 est.

290 1489 381 1571 Quod
413 1497 543 1556 annotat
573 1490 722 1556 Meineke
754 1513 827 1556 oum
862 1491 989 1576 Ephoro
1027 1494 1201 1559 consentire
1235 1492 1419 1580 Polyaenum

244 1597 368 1678 όόναόσρ.
402 1595 441 1662 ΙΙ.
469 1596 519 1661 14.
551 1598 609 1661 ubi
638 1610 703 1662 est:
730 1633 771 1646 -·-
796 1597 990 1675 προσέταξαν
1022 1601 1064 1680 τῷ
1096 1605 1199 1675 κηρυκι
1228 1602 1419 1676 ἀναγορεῦσαι

246 1705 292 1782 „oi
317 1705 366 1768 τὸν
391 1711 480 1767 πῖλον
511 1703 603 1780 αἴρειν
627 1702 794 1779 μέλλτντεο
818 1704 852 1767 ἐκ
877 1713 932 1778 τῆς
956 1708 1073 1782 όγορόις
1098 1704 1223 1769 ἄπιτε.”
1246 1725 1307 1769 non
1331 1710 1375 1768 est
1392 1699 1420 1764 id

243 1809 349 1876 hercle
370 1810 571 1888 mirandum,
602 1829 678 1876 nam
709 1807 891 1895 Polyaenus
913 1831 971 1875 sua
993 1831 1032 1876 ex
1060 1810 1187 1896 Ephoro
1220 1809 1355 1876 fideliter
1375 1807 1420 1872 do·

243 1919 417 2002 scripserat
1175 1943 1177 1948 v

289 2127 360 2215 Peg
395 2125 471 2192 280.
502 2127 528 2192 οό
552 2126 584 2190 δὲ
615 2125 763 2197 ςαλέντεο
788 2126 1030 2205 κατελόβονΤΟ
1062 2134 1179 2194 Tosc
1205 2125 1356 2208 Ἀχαιοὺς
1377 2148 1421 2190 πο·

179 2255 180 2259 ’
243 2239 417 2310 λεμοῦντοις
442 2242 504 2303 τοῖς
527 2231 710 2310 βαρβάροις.
746 2231 846 2298 Unice
868 2252 980 2298 vorum
1005 2239 1053 2298 est
1073 2235 1295 2312 κατόλαβΟΝ.
1343 2233 1421 2299 Dice

243 2339 321 2404 bant
343 2341 502 2422 sequiores
528 2337 769 2414 καταλαβέσθαι
801 2358 858 2424 pro
889 2361 1030 2422 οοοαρατο
1054 2339 1179 2423 losum,
1211 2339 1374 2405 castellum
1395 2341 1421 2402 et

243 2448 314 2510 sim.
340 2445 395 2510 sed
418 2445 642 2521 κατελαβόμην
666 2446 778 2516 αὐτοὺς
804 2449 1014 2522 πολεμοῦντας
1038 2466 1132 2511 nemo
1156 2467 1309 2532 umquam
1335 2445 1420 2514 Grae·

243 2570 353 2616 eorum
378 2549 460 2615 dixit
483 2571 539 2636 pro
563 2551 753 2628 κατέλαβον.

289 2759 417 2828 Suusao
442 2783 516 2851 pag.
541 2762 617 2828 280.
644 2763 682 2828 de
705 2761 886 2829 Tarentinis
906 2764 1033 2828 scribit:
1059 2765 1120 2829 οὐδ’
1143 2765 1262 2835 ἐκείνοις
1286 2772 1361 2844 (τοῖς
1382 2761 1422 2840 ξι·
1504 2785 1505 2842 ἢ

244 2875 333 2939 νικοῖς
357 2878 534 2952 ςρατηγοῐς)
560 2869 586 2932 δ’
608 2872 755 2934 ιόπειόεῖν
779 2871 926 2944 ἠδύναντο
949 2871 1025 2935 ἀλλ’
1049 2871 1091 2941 τός
1113 2868 1226 2950 ἔχθραν
1245 2873 1355 2941 αὐτοὺς
1374 2891 1422 2931 κω

243 3081 413 3148 καόετοὶναι
436 3082 470 3145 in
493 3083 656 3147 καόιτόναι
679 3082 799 3147 scribas
822 3090 947 3148 mutare
970 3082 1082 3148 solent.

288 3293 367 3380 Pag.
392 3291 468 3358 285.
500 3293 606 3357 πολλοὶ
630 3293 658 3358 δ’
683 3292 839 3369 εἰρηκότων
860 3295 903 3358 τόν
927 3293 1046 3372 μόγιςα
1071 3300 1120 3358 νῦν
1145 3295 1421 3372 ἐπισημανούμεθα.

241 3420 354 3464 manoe
377 3404 424 3464 est
455 3402 611 3464 sententia
634 3402 751 3464 amisso
774 3399 929 3465 vocabulo
953 3381 1136 3466 necessario.
1184 3399 1305 3487 Supple
1329 3397 1425 3466 πολλοὶ

243 3504 273 3568 δὲ
299 3513 489 3569 ΠΟΛΛΩΝ
523 3508 689 3582 εἰρηκότων.
740 3504 807 3580 „De
836 3505 951 3579 Italia,
976 3509 1098 3592 inquit,
1122 3508 1210 3570 ποιοόόό
1232 3511 1327 3572 multo
1347 3508 1425 3572 dixe·
1503 3513 1504 3522 ’

242 3609 344 3673 runt''.
390 3610 511 3675 Eadem
534 3611 753 3676 emendatione
776 3620 850 3697 eget
873 3609 961 3675 loeus
984 3633 1058 3698 pag.
1084 3610 1134 3676 14.
1160 3633 1255 3696 quem
1276 3618 1310 3678 in
1333 3614 1426 3679 fronte
1503 3645 1504 3688 ;

242 3713 339 3779 huius
361 3717 540 3799 scriptionis
559 3719 738 3801 posuimus:
762 3717 788 3780 εἰ
810 3716 841 3780 δὲ
860 3724 979 3782 πολλῶν
1001 3717 1201 3795 προειπόντων
1222 3721 1425 3800 ἐπιχειροῦμεν

243 3821 294 3884 καὶ
319 3821 406 3883 αὐτοὶ
431 3820 553 3898 λέγειν,
575 3825 642 3886 imo
664 3842 740 3887 vero
764 3829 885 3886 πολλῶν
905 3824 1038 3902 (πολλοὶ)
1065 3825 1275 3902 προειπόντων.
1310 3827 1344 3892 In
1363 3842 1424 3906 sqq·

244 3925 365 3990 editur:
386 3929 457 4005 πρὸς
478 3922 520 3997 οἷς
541 3927 579 3993 όον
595 3929 647 3992 καὶ
667 3928 773 4005 μικρὸν
793 3929 984 4005 προσλαβεῖν
1003 3928 1190 4005 δυνηθῶμεν.
1210 3933 1267 3997 nbi
1282 3930 1426 3997 suadente

130 4080 135 4089 ,
242 4033 400 4096 sententia
428 4035 645 4098 restituimus:
678 4028 720 4104 οἷς
745 4033 783 4098 aa
807 4035 858 4098 nat
884 4033 990 4114 μικρόν
1011 4043 1057 4099 TI
1082 4046 1288 4116 προσΒΑΛεῑν
1310 4034 1425 4108 turnici-

241 4160 308 4214 μεν.

284 4349 363 4439 Pag.
388 4346 464 4415 287.
496 4348 621 4416 editur:
654 4351 788 4425 Κελτοὺς
818 4350 890 4425 τοὺς
920 4351 988 4433 περὶ
1012 4352 1064 4418 τόν
1088 4350 1190 4420 Πάδον
1216 4351 1352 4422 traam
1372 4357 1426 4424 nic
