3034 4970
661 209 724 292 tes

148 409 218 502 Pag.
243 410 321 478 726.
347 414 398 478 καί
423 414 486 494 γάρ
510 415 670 494 αὐτῷκαὶ
693 421 756 486 τοῖς
780 415 966 515 συνεκβάσιν
991 416 1005 480 ό
1026 415 1118 486 αὐτός
1146 401 1281 494 ὑπάρξαι

109 515 171 582 *AN
197 520 314 600 φθόρος.
363 521 529 586 Kromon:
563 519 622 597 „aa
653 543 707 585 οιιι.
744 522 832 584 eoad.
866 545 925 587 ere.
950 541 1039 604 moa,
1063 521 1223 606 inquibus
1246 523 1283 586 de

111 626 262 688 ιοιιίοοιανα
285 632 328 690 σοι
345 624 509 688 οθόίιιιια.”
540 625 600 689 ’Ἂν
622 626 729 690 abesse
747 646 810 690 non
830 633 951 711 potest,
971 626 1101 692 sedilia
1120 626 1283 712 locoponi

111 751 161 796 non
179 734 292 816 potuit.
339 731 377 795 In
401 753 462 816 qua
485 733 572 795 enim
596 734 752 796 sententia
776 733 838 812 γάρ
859 738 891 798 et
911 732 948 796 θον
969 735 1221 819 coniunguntur,
1243 731 1281 795 άν

110 858 201 919 κουροι
220 844 292 923 post
310 837 372 917 γάρ
392 838 573 904 collocatur.
606 837 798 922 Saepissime
818 845 927 902 autem
946 845 1018 922 post
1038 840 1099 915 γάρ
1120 840 1282 902 omittitur

110 941 137 1002 in
153 940 238 1007 libris
255 941 308 1027 άν,
328 946 426 1008 etiam
447 944 530 1029 apud
545 949 653 1028 poetas
668 943 816 1030 iugulato
829 955 932 1008 metro
945 951 977 1008 et
990 965 1102 1008 manea
1114 945 1276 1008 sententia.

144 1150 218 1239 Peg.
243 1150 319 1218 729.
348 1151 391 1219 έςι
415 1153 445 1216 δέ
470 1152 522 1215 καί
548 1158 639 1231 Κῦρος
665 1153 807 1232 ποταμὸς
831 1154 900 1234 ρ’έων
924 1161 1019 1217 ΠΕΡΙ
1044 1150 1279 1231 Πασαργάδας,

109 1256 232 1336 dixerat,
257 1264 296 1324 ut
319 1261 445 1343 opinor,
471 1269 584 1323 ΠΑΡΑ
610 1259 838 1336 Πασαργάδας.
876 1258 984 1324 Etiam
1009 1258 1081 1323 aliis
1100 1258 1178 1323 loeis
1198 1258 1282 1343 apud

109 1359 281 1429 Strabonem
304 1368 417 1430 vitiose
441 1366 559 1428 dieitur
581 1364 699 1430 fluvius
720 1366 831 1430 urbem
852 1365 1058 1430 circumfluere
1078 1386 1133 1449 pro
1148 1371 1282 1447 proeter-

107 1466 190 1534 fluere
211 1470 294 1554 (περί
315 1491 372 1555 pro
395 1469 507 1556 παρά).
806 1459 809 1464 ’

143 1679 219 1766 Peg.
244 1677 318 1745 730.
363 1678 486 1757 Μάγων
510 1677 625 1743 σίτΙσιν
646 1680 874 1757 λαμβανόντων
893 1684 959 1745 καθ’
982 1682 1095 1760 ἡμέραν
1114 1680 1279 1760 πρόβατον.

107 1789 242 1868 quoniam
285 1807 407 1850 anseres
444 1793 476 1850 et
510 1785 591 1850 aliae
623 1785 767 1850 volueres
801 1786 986 1864 σιτίζονται,
1019 1789 1073 1852 sed
1105 1788 1280 1854 sacerdotes

107 1898 264 1969 σιτοῦνται,
290 1892 514 1977 corrigendum
538 1891 676 1957 σίτΗσιν.

143 2098 222 2165 Raro
243 2101 311 2166 vidi
333 2099 507 2165 feliciorem
526 2101 777 2166 emendationem
800 2122 895 2185 quam
917 2123 979 2186 qua
999 2101 1185 2190 Madvigius
1203 2124 1275 2190 pag.

108 2201 171 2268 136.
202 2209 236 2270 in
258 2210 421 2294 integrum
448 2210 587 2272 restituit
610 2207 716 2271 locum
740 2205 904 2271 Strabonis
926 2229 999 2295 pag.
1026 2207 1101 2276 731.
1126 2209 1181 2272 ubi
1204 2231 1279 2274 enu-

105 2319 196 2377 merat
224 2312 328 2378 πάντα
359 2316 401 2376 τά
434 2314 464 2376 ἐν
496 2323 534 2392 τη
568 2313 689 2390 Περσίδι
723 2314 875 2392 χρήματα
906 2313 1056 2398 praedam
1088 2314 1277 2380 Alexandri:

106 2419 176 2495 φασί
206 2421 235 2484 δέ
265 2422 358 2499 χωρίς
388 2427 445 2484 τῶν
478 2421 507 2482 έν
540 2419 699 2496 Βαβυλῶνι
733 2422 783 2482 καί
814 2427 871 2483 τῶν
904 2420 933 2483 έν
956 2423 996 2499 τῷ
1021 2422 1196 2501 ςραποπέδιρ
1220 2427 1278 2486 τῶν

106 2526 163 2601 περί
193 2533 343 2590 ΤΑΥΤΑ
373 2535 438 2591 ΜΗ
470 2527 657 2607 Ληφθέντων
680 2526 764 2589 αὐτά
785 2526 827 2588 τά
851 2527 880 2588 ἐν
907 2525 1030 2597 Σούσοις
1057 2565 1099 2574 -
1123 2527 1277 2608 τέτταρας

105 2633 241 2709 μυριάδας
274 2632 437 2697 ταλάντων
470 2631 681 2706 ἐξετασθῆναι.
728 2631 925 2696 Felicissime
954 2635 1092 2715 repperit
1114 2631 1278 2698 Strabonis

104 2755 242 2813 manum,
275 2759 355 2823 quae
385 2739 463 2804 haee
491 2744 555 2803 est:
581 2745 638 2802 τῶν
663 2739 758 2816 ἐντῷ
782 2737 955 2817 ςρατοπέδερ
979 2745 1062 2800 Tiri
1088 2738 1152 2816 περὶ
1178 2748 1277 2803 PAT-

105 2849 275 2910 ΓΑΜΗΛΑ
305 2845 493 2924 ληφθέντων.
525 2844 565 2909 ef.
598 2865 671 2930 pag.
707 2841 783 2908 737.
831 2844 1035 2922 Γαυγάμηλα
1067 2844 1170 2920 κόμη,
1203 2846 1233 2908 έν
1261 2841 1279 2926 ᾖ

104 2949 205 3028 συνέβη
236 2954 387 3025 νικηθῆναι
421 2950 471 3013 καί
504 2949 681 3026 άποβαλεῑν
713 2951 768 3021 την
799 2951 899 3029 άρχην
931 2957 1072 3026 Δαρεῖον,
1107 2959 1138 3014 et
1169 2949 1276 3014 addit:

105 3055 127 3115 oi
147 3059 242 3131 μέντοι
268 3055 445 3128 Μακεδόνες
471 3056 537 3136 περὶ
558 3055 709 3133 ’Ἄρβηλα
733 3057 787 3128 την
811 3055 921 3134 μάχην
946 3059 1181 3136 κατεφάμισαν.

144 3263 208 3330 Non
230 3267 338 3330 minas
360 3271 447 3330 certa
469 3271 500 3329 et
523 3265 600 3330 felix
625 3269 672 3328 est
696 3263 838 3327 eiusdem
863 3266 1012 3328 correctio
1031 3263 1094 3330 loei
1112 3286 1184 3352 pag.
1200 3264 1276 3331 831.

105 3367 154 3434 nbi
183 3372 219 3436 de
249 3369 392 3437 Caesaris
422 3373 555 3438 viatoria
579 3373 613 3434 in
636 3369 719 3434 bello
743 3370 890 3435 Africano
913 3391 1017 3435 sermo
1040 3378 1105 3434 est:
1131 3371 1202 3450 πρὸς
1228 3366 1278 3444 air

108 3472 226 3562 (πόλεσι)
258 3476 495 3554 κατεπολέμησε
528 3484 648 3554 Καίσαρ
681 3476 838 3540 Σκιπίωνα
870 3477 883 3540 ό
916 3477 979 3550 θεὸς
1012 3476 1083 3555 πρὸς
1115 3480 1278 3558 Ῥουσπίνιρ

106 3579 153 3652 μέν
182 3590 294 3661 πρῶτον
322 3589 406 3646 νικῶν
431 3620 472 3628 -
498 3578 567 3646 εἶτα
591 3583 662 3660 πρὸς
688 3581 789 3662 Θάψῳ
814 3584 864 3646 καί
880 3570 926 3664 Ιτη
953 3584 1080 3658 πλησίον
1106 3584 1198 3665 λίμνη
1225 3586 1276 3648 καί

107 3694 166 3758 ταῖς
192 3690 348 3759 'Arxama
397 3687 446 3752 Ex
477 3690 627 3772 scriptore
654 3690 690 3750 άο
714 3690 789 3752 dello
812 3690 914 3774 Afric.
943 3699 1028 3768 „erat
1050 3697 1184 3771 οθοραιινα
1206 3693 1279 3756 καθί-

107 3795 215 3856 οοιιιικ”
245 3798 365 3880 optime
396 3797 531 3858 correxit
555 3795 605 3858 καί
632 3803 702 3864 ταῖς
725 3792 849 3866 Ἀλαις.
887 3793 950 3860 Sed
972 3799 1006 3860 in
1026 3798 1135 3861 eodem
1155 3797 1223 3862 ineo
1247 3805 1280 3864 et

108 3893 229 3964 alterum
259 3901 413 3966 mendum
443 3901 547 3964 adhue
580 3900 668 3964 latet.
716 3898 802 3978 Quae
834 3906 881 3964 est
913 3913 1022 3965 autem
1050 3922 1087 3966 ea
1110 3904 1280 3968 verborum

108 4009 294 4088 compositio:
331 4005 569 4082 κατεπολέμησε
602 4014 721 4084 Καῖσαρ
756 4006 914 4070 Σκιπίωνα
947 4007 959 4070 ό
992 4009 1065 4080 θεός.
1111 4007 1280 4074 Poteratne

108 4104 244 4190 ineptiore
276 4112 348 4176 sede
379 4114 392 4176 ό
426 4111 488 4183 θεός
521 4109 683 4176 collocari?
707 4111 779 4176 Non
801 4117 909 4176 tamen
932 4114 1162 4198 transponenda
1184 4117 1281 4181 verba

109 4222 187 4288 sunt,
209 4220 263 4282 sed
286 4221 299 4283 ό
325 4217 386 4289 θεός
413 4217 593 4281 delendum.

146 4319 244 4388 Nimis
275 4345 368 4409 saepe
398 4332 518 4404 Καῖσαρ
550 4325 563 4388 θ
598 4323 659 4395 θεός
693 4323 777 4407 apud
811 4320 999 4388 Strabonem
1030 4325 1151 4410 legitor
1184 4328 1282 4408 (quod
1375 4315 1378 4319 ’
