3034 4968
655 221 698 290 83

92 409 304 488 Dindorfium‚
330 413 386 496 qui
409 431 509 496 quum
533 411 690 497 plurimas
712 421 835 482 veteres
859 418 1076 481 annotationes
1099 417 1139 482 ad
1162 413 1277 481 Demo

93 517 231 583 sthenem
265 517 423 584 taediosas
457 538 493 582 ac
526 521 648 584 nemini
684 522 859 606 quidquam
893 520 1074 607 profuturas
1105 523 1276 605 renonent,

93 622 200 688 bonam
230 630 355 710 partem
386 644 513 700 eorum,
547 645 627 708 quae
651 647 733 691 unus
759 631 904 693 omnium
928 626 1023 714 longe
1045 628 1277 712 praestantissi-

92 749 155 794 mus
188 729 353 795 Dobraeus
377 730 476 795 bonae
498 730 601 817 frugis
625 729 718 816 plena
738 736 918 810 annotavit,
943 732 1070 797 silentio
1092 733 1274 817 praeteriit,

93 840 123 898 ut
142 836 173 898 h.
201 835 222 898 l.
251 835 432 901 evidentem
453 835 591 900 Dobraei
616 839 870 904 emendationem
892 859 932 903 ne
955 843 1184 903 commemorat
1206 839 1275 922 qui·

92 939 171 1018 dem,
212 941 267 1006 sed
302 963 339 1006 ex
375 940 535 1008 Schaeferi
567 942 732 1028 Apparatu
767 948 911 1031 apponit:
948 942 1118 1028 ,,ῶξιῶμεν]
1148 943 1274 1007 octoadi

92 1045 297 1128 συμπράττειν
307 1046 335 1111 .”
359 1067 421 1133 quo
443 1048 521 1132 quid
544 1047 722 1133 puerilius?

128 1258 206 1346 Peg.
241 1258 317 1323 208.
350 1257 404 1324 23.
439 1258 488 1322 ε’πὶ
517 1268 555 1340 τῇ
588 1261 742 1338 προφάσει
775 1271 814 1344 τῇ
847 1269 1013 1328 Πλαταιῶν
1043 1261 1094 1328 καὶ
1122 1267 1271 1328 Θεσπιῶν.

91 1359 189 1430 Codex
207 1363 230 1430 S
249 1374 297 1440 πηι
318 1381 463 1429 πλατειον
485 1364 536 1429 καὶ
558 1367 705 1442 θεσπιυν,
725 1370 759 1432 in
780 1372 910 1434 caeteris
924 1369 1081 1455 plerisque
1092 1370 1272 1436 πλαταιέιον

89 1471 282 1536 ο11εστιέιον
313 1471 469 1536 scribitur.
518 1470 683 1537 Plurimae
715 1473 835 1540 formae
865 1481 987 1542 veteres
1021 1477 1146 1542 Atticae
1179 1479 1213 1541 in
1249 1475 1271 1542 S

88 1597 204 1663 qnoque
227 1579 268 1643 ad
292 1575 523 1644 Graeculorum
546 1580 702 1652 συνήθειαν
729 1580 922 1646 deformatae
944 1581 1104 1669 leguntur.
1133 1581 1272 1647 Nomina

87 1686 116 1747 in
153 1723 171 1734 -
185 1684 235 1757 εύς
275 1683 478 1769 praecedente
509 1683 624 1748 vocula
655 1689 711 1750 aut
741 1686 941 1774 diphthongo
973 1687 1096 1762 -αεύο,
1132 1689 1269 1766 -αιεύς,

89 1791 194 1866 -ιεύς,
224 1828 243 1840 -
257 1790 322 1862 σούς
346 1792 380 1854 in
404 1791 512 1854 Attica
523 1797 667 1872 perpetuo
687 1790 961 1857 contrahebantur.
1005 1792 1160 1858 Dicebant
1180 1803 1271 1858 Πλα-

88 1906 189 1975 ταιῆς,
224 1901 393 1961 Πλαταιῶν
425 1900 457 1960 et
487 1899 670 1971 Πλαταιᾶς,
704 1903 866 1976 Στειριῶς,
900 1902 1041 1976 Στειριῶ,
1078 1903 1269 1976 Λευκονοῶς,

88 2007 254 2081 Λευκονοῶ,
299 2001 528 2075 Κνδαθηναιῶς,
567 2003 762 2076 Κυδαθηναιᾶ
798 2002 1009 2088 similiterque
1043 2007 1077 2068 in
1111 2003 1272 2070 similibus

87 2111 236 2174 omnihus.
281 2109 358 2174 Fere
389 2129 514 2193 semper
545 2105 675 2173 Codices
711 2109 862 2174 exhibent
892 2110 1009 2175 formas
1041 2108 1271 2179 Graeculorum

87 2216 243 2281 resolutas.
284 2214 538 2299 Deprehenditur
560 2213 646 2277 fraus
670 2213 783 2278 multis
807 2215 928 2280 modis:
954 2222 1010 2282 aut
1034 2220 1120 2282 enim
1143 2224 1270 2284 vetusta

87 2325 253 2408 scripturae
277 2321 395 2386 menda
417 2323 505 2384 intus
530 2326 656 2385 seruant
678 2320 796 2385 formas
819 2326 958 2398 veteres,
995 2329 1052 2389 aut
1075 2324 1271 2390 confundunt

87 2430 198 2494 scribae
231 2427 395 2494 Πλαταιαί
429 2432 461 2491 et
494 2426 694 2503 Πλαταιεύς,
721 2429 858 2492 Θεσπιαί
881 2431 1106 2500 θ1Θεσπιεύο.
1132 2435 1170 2494 ut
1190 2429 1223 2494 h.
1247 2428 1270 2493 l.

87 2532 133 2597 r’rri
164 2533 316 2616 προφάσει
349 2543 387 2614 τῇ
420 2541 656 2598 ΠΛΑΤΑΙΩΝ
691 2533 742 2598 καὶ
777 2543 973 2600 ΘΕΕΠΙΩΝ
1002 2536 1118 2599 urbium
1140 2538 1270 2600 nomina

88 2645 172 2717 sunt,
196 2661 259 2706 non
283 2640 402 2704 ciuium.
451 2639 572 2704 Tamen
595 2639 778 2705 Πλαταιέων
798 2646 830 2705 et
851 2641 1005 2706 Θεσπιέων
1024 2642 1268 2707 substituerunt.

89 2745 184 2824 Quam
207 2747 290 2812 nihil
314 2746 435 2812 scribae
459 2748 599 2834 cogitent
622 2747 760 2812 ostendit
783 2761 938 2812 πλαπεαν.
987 2745 1024 2811 In
1047 2748 1098 2812 his
1121 2747 1269 2812 omnibus

89 2859 267 2919 correctores
305 2873 431 2935 omnes,
471 2856 593 2918 vetares
629 2872 664 2916 ac
695 2854 787 2930 novi,
817 2853 990 2917 dormiunt.
1037 2852 1269 2938 Harpocration

88 2980 115 3024 v.
139 2965 370 3030 Παιανιεΐςτ
397 3006 414 3035 „
430 2995 472 3006 -
487 2957 658 3034 Δημομέλη
681 2959 731 3023 τὸν
753 2957 940 3022 Παιανιέα,”
959 2958 1093 3034 Δίδυμος
1114 2958 1269 3037 γραπτέον

89 3059 161 3129 εἶναι’
189 3073 266 3148 φησι
297 3065 438 3129 Παιανέα
469 3064 570 3144 pupis
593 3067 646 3128 τοῦ
677 3063 702 3128 Ι.
735 3063 919 3130 Absurdum
954 3066 1072 3129 vitium
1106 3064 1268 3132 Dindorfio

89 3173 241 3256 imposuit.
289 3171 376 3258 Lege
412 3175 548 3236 Παιανιῶ
583 3169 677 3248 χωρὶς
712 3174 765 3233 τοῦ
804 3177 837 3234 Ε.
884 3170 993 3234 Etiam
1022 3169 1116 3234 hodie
1150 3170 1269 3255 ubique

89 3281 193 3343 vitiose
226 3277 377 3344 Παιανιέα
409 3283 440 3342 et
470 3276 590 3340 similia
624 3278 731 3340 omnia
755 3277 850 3340 scribi
874 3274 993 3352 solent,
1018 3275 1126 3351 credo,
1145 3284 1269 3358 propter

86 3386 167 3462 pidem
186 3394 312 3451 υσλαιιια
334 3385 581 3465 membranorum,
606 3401 686 3467 quae
710 3384 744 3445 in
767 3382 818 3446 his
845 3387 973 3446 tantum
994 3401 1056 3445 non
1079 3381 1198 3465 ubique
1221 3385 1268 3448 vi·

91 3492 179 3556 tiatae
201 3497 285 3557 sunt.

130 3703 204 3792 Pag.
235 3704 312 3769 209.
339 3702 369 3768 6.
394 3704 420 3768 οἱ
444 3700 475 3766 δέ
499 3708 581 3784 φασι
604 3700 662 3778 μὲν
686 3701 792 3771 αὐτοῖς
817 3701 871 3764 οὐκ
895 3695 972 3764 εἶναι
997 3701 1096 3775 eduae
1120 3701 1209 3767 ῶλλιὶ
1233 3704 1268 3769 τὸ

92 3814 234 3892 συμφέρον
264 3807 342 3876 εἶναι
371 3811 405 3872 τὸ
438 3813 538 3872 ποιοῦν
568 3806 623 3880 την
656 3806 776 3888 φιλίαν.
825 3804 968 3871 Pessime
998 3807 1159 3873 mulcatus
1181 3809 1270 3876 locus

92 3919 184 3981 estut
201 3917 336 3983 absurda
353 3915 443 4000 loqui
463 3914 691 3979 Demosthenes
711 3913 867 3978 videatur.
905 3913 977 3977 Non
997 3918 1142 3998 poterant
1151 3937 1269 4003 negare

93 4017 343 4108 Megalopolitani
375 4043 440 4088 esse
470 4021 555 4107 apud
585 4041 617 4084 se
649 4020 748 4093 ςιὶλασ
780 4016 818 4082 de
849 4036 938 4083 more
969 4021 1106 4103 positas,
1132 4022 1269 4106 inques

92 4122 168 4212 leges
189 4131 322 4195 foederis
346 4131 463 4192 incisae
487 4130 604 4192 essent:
629 4126 725 4210 idque
750 4129 782 4188 et
807 4143 862 4208 per
885 4144 918 4187 se
940 4127 1143 4210 perspicuum
1166 4130 1214 4191 est
1237 4131 1270 4191 et

94 4232 244 4300 confirmat
271 4233 501 4300 Demosthenes
525 4235 636 4297 statim
659 4232 765 4295 dicens
791 4229 829 4294 de
851 4228 985 4294 iisdem:
1010 4231 1092 4312 φημὶ
1118 4230 1178 4294 δεῖν
1203 4234 1269 4295 τού-

95 4359 151 4410 τους
173 4341 274 4420 staec
298 4343 452 4420 καθαιρεῖν
476 4340 535 4411 τοὶς
555 4340 673 4414 selduc,
694 4336 728 4401 id
748 4341 795 4402 est
816 4334 976 4400 Thebanis
997 4335 1106 4402 foedus
1125 4341 1156 4400 et
1175 4337 1271 4400 socie-
