3080 4972
786 231 831 299 14

211 421 274 488 εἴτε
294 421 508 500 βοηθησάντων
529 431 691 488 MONON
712 423 794 500 ὑμῶν
812 419 1189 496 εἴς”Ολννῖονοῖιιινδιῖνιος
1202 423 1271 502 ῖροῖν
1286 420 1403 505 ἔχοντα

211 530 254 594 τοὶ
278 527 349 594 οἴκοι
373 528 626 608 προσκαθεδεῖται
653 527 718 616 [καῖ
744 529 968 614 προσεδρεύσει]
991 537 1054 600 τοῖς
1077 527 1247 608 πράγμασι
1265 530 1402 610 περιῖςαι

211 635 254 715 τῷ
275 635 372 714 χρόνῳ
396 635 455 698 τῶν
480 634 746 716 πολιορκουμένων.
792 635 940 702 Postulat
963 637 1049 700 enim
1072 635 1142 720 ipsa
1164 637 1211 700 roi
1234 640 1406 702 naturast

211 743 385 806 sententiae
413 741 621 806 conformatio
651 745 688 805 ut
710 740 800 818 μόνον
823 742 992 826 utrobique
1018 746 1171 826 ponatur,
1196 743 1405 826 quamobrem

211 849 257 913 sio
283 845 496 932 supplendum
518 851 584 912 est:
608 845 671 910 εἴτε
694 847 758 928 γὰρ
781 848 861 922 ὑμῶν
886 847 1060 912 MO‘NON
1085 851 1140 920 τὴν
1164 847 1277 911 ἐκεῖνον
1302 853 1403 920 κακῶς

211 953 384 1018 ποιούντων.
431 950 556 1017 Diserte
585 955 671 1018 enim
701 952 762 1017 hoc
792 952 856 1018 dici
888 952 982 1019 debet
1011 951 1235 1018 Macedoniam
1257 953 1405 1018 infestari

210 1079 275 1124 non
305 1078 372 1124 esse
393 1074 495 1124 sarrs.
542 1058 665 1142 Metuo,
688 1059 812 1144 inquit,
836 1081 874 1122 πο
886 1061 1017 1144 fnestra
1038 1066 1172 1142 ιιιοοορῖσ
1193 1059 1235 1122 ar
1257 1059 1406 1142 ccpcddts'o

211 1165 274 1228 aiae
297 1163 505 1230 Macedoniam
528 1181 659 1230 rutrum
681 1165 757 1229 bello
779 1165 1000 1246 aggrediemur,
1020 1165 1083 1229 οῖσι
1106 1164 1255 1251 opertio
1274 1181 1407 1230 rarum!

212 1269 361 1334 οναῖῖὶιινιι
374 1270 523 1355 sermm.

258 1376 426 1441 Praeterea
449 1375 682 1442 eliminandum
704 1381 752 1442 cst
771 1381 864 1443 vetus
885 1376 1044 1463 glossema
1063 1375 1316 1455 προσκαθεδεῖται
1336 1376 1405 1460 [καῖ

213 1481 451 1569 προσεδρεύσει]
498 1481 592 1548 Nihil
615 1484 702 1548 enim
724 1485 856 1548 interest
874 1503 976 1568 noque
994 1483 1091 1549 verbo
1110 1480 1281 1562 ἴσοδυνοῖμιρ
1302 1482 1406 1568 dupli-

214 1593 284 1654 cato
307 1591 407 1654 acrior
430 1593 486 1654 aut
509 1591 695 1654 concitatior
716 1592 784 1654 exit
805 1591 971 1656 sententis.

258 1845 339 1911 Ibid.
371 1868 446 1934 pag.
482 1844 535 1911 14.
569 1845 619 1912 19.
647 1845 728 1925 ἕσιν,
755 1844 776 1911 οἴ
800 1843 903 1927 ἄνδρες
929 1848 1102 1924 Ἀθηναῖοι,
1126 1846 1284 1926 χρήματα
1310 1846 1404 1924 ὑμῖν,

214 1945 276 2021 Ιἴςιν
305 1947 364 2016 ἴσα
394 1951 492 2018 οὐδέσι
524 1959 583 2018 τῶν
607 1949 711 2017 ἄλλων
735 1953 893 2033 οἴνῖριῖπων
917 1951 1149 2040 [ςραπιοιπιιιοῖ]
1196 1950 1299 2018 Miror
1322 1953 1407 2018 unde

213 2061 416 2144 perineptum
439 2065 471 2124 et
493 2080 568 2124 cum
589 2058 653 2124 loci
677 2063 834 2125 sententia
851 2080 998 2146 pugnans
1017 2057 1206 2140 ςρατιωσικοῖ
1226 2061 1405 2144 irrepserit:

213 2167 319 2251 magis
352 2167 451 2230 etiam
481 2166 580 2229 miror
603 2183 665 2247 quc
687 2169 780 2249 pacto
802 2160 947 2230 Editores
969 2165 1004 2230 id
1026 2166 1108 2231 ferre
1130 2165 1257 2231 tamdiu
1281 2175 1313 2229 et
1336 2186 1407 2231 con-

214 2289 346 2355 coquere
383 2271 555 2356 potuerint.
610 2269 709 2335 Erant
752 2273 839 2336 enim
880 2271 1129 2337 Atheniensibus
1170 2269 1228 2336 illo
1262 2277 1406 2356 tempore

214 2376 356 2457 θεαρικοῖ,
387 2396 450 2441 non
484 2379 574 2441 erant
599 2375 797 2456 coarcervari.
847 2373 1039 2443 Oautissime
1063 2381 1095 2442 et
1117 2375 1322 2442 formidolose
1346 2375 1407 2442 De·

212 2482 394 2548 mosthenes
425 2482 550 2548 civibus
573 2485 683 2546 auctor
706 2486 813 2547 estut
837 2481 961 2562 ῖεορικοῖ
985 2503 1065 2567 quae
1089 2486 1193 2548 essent
1215 2479 1407 2561 ςραπιαπικοῖ

212 2589 347 2654 faciant:
380 2589 405 2654 εἴ
437 2589 494 2667 μὲν
526 2585 574 2653 οὖν
602 2592 707 2653 ταῦτα
729 2597 792 2660 τοῖς
817 2588 1066 2669 ςρατενσομὲνοις
1091 2589 1266 2655 οῖποδιῖσετε
1292 2587 1407 2676 (idest

212 2694 285 2760 aliis
314 2695 421 2760 verbis
451 2696 476 2758 εἴ
509 2699 615 2758 ταῦτα
646 2695 834 2774 ςρατιοιτιιιοδ
866 2697 1023 2776 ποιήσετε)
1047 2694 1162 2766 οὐδενὸς
1188 2696 1260 2773 ὑμῖν
1284 2694 1409 2775 προσδεῖ

212 2799 312 2884 πῖρον.
360 2797 466 2866 Sentit
496 2804 605 2866 cutem
636 2802 670 2865 in
693 2805 811 2887 quanto
834 2802 975 2886 periculo
1000 2807 1143 2869 versetur
1165 2807 1198 2868 et
1221 2803 1333 2867 statim
1357 2801 1409 2866 ed-

212 2905 279 2970 dit:
311 2905 344 2970 τῖ
374 2902 438 2986 οὖν,·
475 2905 527 2988 [οἴν
561 2932 607 2980 τις
640 2905 733 2990 εἴποι]
766 2907 803 2971 σὺ
828 2908 965 2988 νροῖφεις
988 2908 1079 2972 ταῦτ’
1101 2904 1179 2973 εἴναι
1203 2904 1408 2988 ςρατιωτιιιοῖ;

212 3010 262 3088 μδ
286 3009 339 3074 Δί’
365 3012 418 3074 οὐκ
442 3007 566 3090 ἔγωγε,
591 3013 649 3076 ubi
673 3009 710 3076 οἴν
735 3037 782 3086 τις
807 3011 884 3076 εἴποι
907 3013 1039 3099 perinde
1063 3011 1224 3080 solearum
1248 3019 1279 3080 et
1300 3033 1408 3098 super-

212 3115 315 3180 fluum
345 3121 440 3201 atque
472 3138 567 3203 supra
597 3141 644 3188 τις
677 3115 714 3182 ῖιν
746 3116 824 3183 εἴποι
857 3117 954 3183 sciolo
985 3121 1041 3204 qui
1066 3120 1189 3185 addidit
1210 3119 1408 3186 reddendum

213 3242 331 3288 censeo.
379 3222 423 3287 Τῖ
444 3217 510 3302 οὖν;
534 3225 624 3308 (nam
647 3225 692 3288 sic
714 3225 812 3288 verba
836 3223 1028 3308 disponenda
1050 3226 1138 3309 sunt)
1159 3230 1207 3290 est
1228 3228 1407 3294 obiicientis

213 3333 245 3394 et
268 3329 529 3406 contradicentis,
551 3333 590 3393 ut
614 3327 675 3391 οιίῖ
697 3329 790 3392 cero?

257 3585 396 3672 Egregie
420 3585 583 3651 Dobraeus
606 3588 740 3650 correxit
762 3585 871 3680 locum
894 3588 929 3650 in
951 3588 1071 3654 ricinia
1092 3609 1165 3677 pag.
1194 3589 1246 3654 14.
1269 3588 1322 3655 25.
1345 3591 1407 3668 ἐγὼ

212 3691 269 3769 μὲν
292 3690 355 3771 γὰρ
379 3694 516 3770 ἡγοῦμαι
539 3691 712 3769 ςρατιιῖτας
737 3691 798 3756 δεῖν
821 3694 1114 3768 κατασκευασθῆναι
1132 3693 1185 3758 καῖ
1211 3694 1316 3782 [ταῦτ’
1328 3692 1406 3761 εἴναι

212 3796 400 3878 ςρατιοιτιιιῖι
429 3797 498 3880 καῖ]
522 3797 599 3873 ροῖαν
623 3797 767 3875 σύνταξιν
792 3793 867 3862 εἴναι
892 3800 947 3873 τὴν
971 3803 1067 3874 αὐτὴν
1090 3805 1142 3865 τοῦ
1167 3824 1201 3864 τε
1225 3801 1404 3879 λαμβάνειν

213 3903 265 3968 καῖ
301 3905 354 3966 τοῦ
391 3909 486 3966 ποιεῖν
520 3901 563 3967 τῖι
594 3902 710 3969 δέοντα.
758 3902 862 3972 Verba
893 3905 987 3970 ταῦτ’
1017 3902 1092 3971 εἴναι
1125 3909 1312 3986 ςρατιωτικοῖ
1342 3929 1407 3976 non

212 4012 321 4074 minus
352 4008 485 4074 absurde
517 4014 592 4074 sunt
623 4009 755 4094 reliquis
787 4013 974 4096 interposita
1004 4015 1091 4077 acsi
1116 4016 1186 4098 quis
1210 4023 1299 4092 μῆνιν
1323 4013 1405 4080 οῖειδε

213 4115 266 4180 θεοῖ
298 4114 412 4180 addere
438 4113 601 4182 voluisset.
660 4115 751 4182 Unde
782 4119 884 4204 igitur
914 4116 1129 4204 irrepserunt?
1161 4118 1291 4186 Scribce
1327 4121 1407 4187 alias

212 4243 261 4287 res
285 4223 409 4309 agentis
432 4219 517 4285 oculi
540 4220 724 4286 aberrarunt
748 4222 789 4287 ad
811 4243 848 4287 ee
870 4243 951 4307 quae
973 4226 1118 4308 proxime
1140 4227 1349 4310 praecedunt:
1374 4229 1406 4293 πῖ

212 4325 272 4407 odra
305 4329 341 4392 σὺ
365 4329 500 4408 νροῖφειι
524 4331 616 4394 ταῦτ’
641 4323 717 4392 εἴναι
741 4328 948 4408 ςρατινντιιιοῖ;
973 4328 1086 4396 deinde
1109 4331 1229 4396 oblitus
1252 4340 1299 4398 est
1322 4333 1407 4400 male
