3086 4968
809 221 874 298 456

254 421 320 490 νῦν
343 417 394 486 et
416 421 470 485 τοῦ
493 419 638 499 {leuatus
663 421 830 505 παιδευθῇ,
853 421 910 486 ubi
931 421 1049 487 Reiske
1071 418 1161 485 νίλλίι
1185 424 1234 485 νῦν
1255 441 1290 498 γε
1306 433 1409 502 repom

250 529 324 606 hat,
355 531 393 591 ut
424 525 508 612 apud
535 526 733 592 Andocidem
756 531 804 592 est
827 546 900 614 pag.
925 525 981 592 23.
1008 523 1039 592 7.
1064 525 1148 608 εἰτερ
1171 550 1201 592 τι
1232 523 1331 590 σίλλίι
1357 524 1409 585 νῦν

249 659 297 714 γε
327 639 440 716 φρονῶν
470 631 636 714 τυγχώνω.
683 631 841 719 Exemplo
863 633 893 720 ’,ο
922 634 1024 719 poetis
1054 631 1228 698 Dlmsleius
1256 623 1410 698 11111111

248 740 387 804 Medeam
408 759 457 807 vs.
480 737 556 805 882.
1506 805 1507 814 ¹

498 841 593 925 ἔγνως
618 842 650 909 δέ
673 844 728 918 siv
752 850 881 910 νικώσυν
904 844 992 912 σίλλόσ
1014 845 1057 924 τῷ
1080 839 1189 926 χρόνῳ.

291 948 392 1036 Sceps
413 952 448 1015 in
470 951 521 1016 hie
544 956 675 1037 peccent
695 951 833 1028 scribes,
856 951 912 1036 qui
935 952 971 1015 in
992 949 1206 1035 Aristophane
1225 952 1258 1014 et
1275 942 1411 1014 Andocide

244 1056 341 1123 ώλλο
364 1059 415 1121 νῦν
438 1057 683 1122 substituerunt.
719 1053 931 1123 Oorrexenmt
954 1055 1067 1124 Dlmsl.
1092 1054 1154 1122 1.1.
1176 1058 1209 1121 et
1228 1051 1412 1120 Schneiderus

246 1163 287 1230 ad
310 1162 469 1249 Ορνσρινσώ.
493 1160 577 1230 VIIL
603 1161 636 1229 8.
662 1159 716 1229 19.
1508 1162 1509 1244 l

288 1370 368 1459 Peg.
400 1369 455 1438 40.
488 1371 520 1439 4.
554 1373 579 1438 εἰ
610 1372 668 1451 μὲν
700 1369 806 1453 ἤρεσκέ
838 1371 871 1438 τί
901 1395 953 1450 μοι
982 1377 1041 1438 τῶν
1072 1371 1129 1437 ὑπό
1156 1367 1272 1436 τούτων
1292 1366 1412 1452 ῥηόέντων

245 1477 382 1558 ἧσυχίσιν
404 1475 443 1543 όν
467 1476 561 1556 ἦγον,
586 1479 612 1544 εἰ
636 1478 668 1542 δί
691 1478 754 1558 μή,
779 1475 845 1543 τότ’
870 1476 909 1543 clv
933 1477 1027 1550 σιώτός
1045 1477 1215 1559 ἐπειρώμην
1234 1467 1257 1541 όν
1274 1472 1413 1555 γιγνώσκω

243 1581 357 1663 λέγειν.
405 1581 487 1650 Vere
517 1583 613 1650 lectio
649 1588 681 1649 et
713 1586 749 1649 in
783 1580 883 1651 codd.
914 1581 1077 1650 nonnullis
1109 1586 1234 1648 servate
1264 1585 1310 1647 est
1335 1577 1414 1646 etin

242 1689 420 1756 Prooemiis
440 1709 515 1777 peg.
543 1687 642 1756 1418.
665 1686 730 1755 τότ’
754 1687 793 1754 όν
816 1699 890 1755 ΚΑΙ
915 1689 1009 1765 etsie
1035 1689 1214 1769 ἐπειρώμην.
1268 1686 1324 1752 Est
1343 1685 1414 1750 enim

243 1795 337 1868 ωώτός
367 1801 447 1880 ipse,
480 1796 515 1861 id
545 1800 595 1861 eet
619 1799 653 1862 σώ
676 1795 715 1861 δι’
740 1795 840 1876 ἑτέρου
864 1817 928 1864 non
949 1815 1007 1882 per
1029 1794 1187 1870 alterum,
1212 1793 1266 1860 κωί
1289 1788 1415 1863 ωἰτόςό
1510 1807 1511 1812 ’

240 1901 321 1986 boec,
352 1903 387 1968 id
414 1905 462 1967 est
483 1900 572 1980 ηόγώ
593 1901 679 1980 μετὰ
702 1900 773 1976 τοὺς
798 1899 932 1979 ἄλλους,
955 1919 1015 1988 ego
1038 1919 1163 1986 quoque
1182 1905 1259 1986 ‘post
1281 1898 1410 1982 reliquos.

286 2109 367 2200 Peg.
395 2108 451 2177 42.
485 2108 516 2175 6.
553 2108 591 2176 cle
623 2107 734 2184 ἵκυςσς
767 2109 849 2188 ὑμῶν
872 2146 914 2158 -
935 2112 1050 2174 τόσσων
1075 2108 1170 2190 ώφείς
1201 2110 1256 2186 την
1288 2103 1415 2191 εἰρωνείυν

243 2211 363 2294 ἕτοιμος
388 2215 565 2302 [πράττειν]
589 2213 709 2297 ὑτώρξη
731 2216 745 2281 ό
770 2213 829 2293 μέν
851 2195 994 2296 χρώματ’
1018 2214 1098 2295 ἔχων
1122 2215 1292 2298 εἰσφέρειν,
1316 2215 1329 2279 1
1351 2211 1415 2278 t'e

243 2320 349 2406 ἧλικίρ
372 2321 582 2401 epauleum.
630 2321 667 2388 In
689 2342 753 2387 uno
775 2321 858 2387 libro
883 2319 1030 2400 τρώττειν
1054 2341 1073 2386 s
1095 2323 1201 2406 prime
1218 2341 1318 2386 mauu
1338 2317 1415 2385 omis

242 2447 316 2492 sum
340 2430 398 2493 est.
444 2426 567 2504 Sensit,
600 2427 708 2502 credo,
744 2429 899 2492 corrector
922 2425 1038 2512 aliquis
1063 2428 1186 2492 acutior
1208 2425 1375 2492 molestum
1391 2424 1416 2486 et

240 2534 462 2619 importunum
493 2531 639 2614 τρώττειν
669 2531 838 2599 delendum
871 2551 938 2598 esse
969 2535 1002 2597 et
1026 2533 1227 2598 coniunxisse
1249 2528 1417 2597 Demosthe·

241 2657 316 2704 nem
339 2634 458 2718 ἕτοιμος
480 2639 691 2720 -εἰσφέρειν
713 2675 756 2688 --
776 2636 993 2718 ςρωτεόεσόσιι,
1021 2658 1100 2722 quse
1125 2637 1209 2702 mihi
1228 2637 1356 2722 quidem
1373 2653 1417 2701 se·

240 2746 368 2811 rissime
385 2746 513 2812 videtur
533 2745 781 2811 animadversio:
800 2744 948 2824 τρώττειν
961 2745 1048 2809 enim
1059 2734 1162 2829 neque
1177 2743 1242 2809 loci
1261 2743 1418 2810 sententiae

241 2857 354 2938 aptum
377 2855 425 2918 est
446 2871 547 2938 neque
570 2853 605 2917 iu
629 2850 779 2934 εἰσφέρειν
800 2853 835 2916 et
857 2849 1059 2932 τρωσεόεσόυι
1085 2849 1190 2916 dividi
1211 2854 1327 2936 potest

285 3059 398 3127 Movet
420 3060 503 3126 mihi
525 3061 737 3146 suspicionem
763 3059 847 3144 quod
869 3057 937 3125 illis
959 3059 1187 3146 interpositum
1212 3064 1262 3126 est
1283 3079 1356 3148 psg.
1373 3052 1417 3126 42.

243 3165 297 3231 10.
321 3165 474 3232 συνελόντι
506 3164 534 3230 δ’
563 3164 699 3254 [ώσλῶς]
732 3164 766 3240 ἰην
792 3166 873 3243 ὑμῶν
899 3165 999 3232 cerev
1023 3165 1187 3241 ἐθελήσητε
1211 3164 1353 3245 γενέσόσιι
1374 3155 1418 3228 κώ

241 3269 402 3347 τωόσησόε
424 3273 516 3346 αὐτὸς
540 3272 597 3351 μὲν
620 3269 702 3337 οὐδὲν
726 3268 835 3344 ἕκαστος
857 3275 990 3348 τσιιίσειν
1010 3269 1155 3352 έλτίζων,
1178 3269 1232 3336 τὸν
1253 3271 1285 3336 δέ
1306 3266 1418 3346 τλησίνν

239 3378 331 3443 πάνθ’
367 3377 439 3460 ὑπέρ
470 3379 566 3443 αὐτοῦ
601 3376 739 3458 τρόξειν.
792 3376 942 3442 Primum
973 3377 1081 3449 ώτλώς
1112 3376 1235 3443 nollem
1267 3377 1417 3443 additum:

239 3485 348 3550 omnia
375 3487 450 3550 sunt
479 3486 513 3549 in
544 3484 700 3550 συνελόντι
732 3481 772 3549 δέ.
821 3481 978 3548 Dicebant
1000 3483 1130 3548 συνελών
1158 3481 1264 3568 λέγω,
1284 3485 1322 3556 ώς
1346 3503 1418 3547 συνε-

238 3590 324 3656 λόντι
349 3590 375 3656 δ’
397 3591 511 3669 εἰτεῖν,
536 3587 691 3655 συνελόντι
715 3588 762 3668 δέ,
786 3589 844 3656 ubi
866 3590 938 3674 quie
959 3591 1067 3654 omnia
1082 3588 1193 3673 paucis
1211 3588 1418 3673 complectitor,

238 3696 333 3762 etde
363 3701 431 3763 tots
459 3715 494 3762 re
517 3695 627 3780 poecis
658 3695 801 3780 celocis,
824 3696 859 3760 in
884 3714 946 3781 quo
971 3694 1123 3759 brevitatis
1144 3697 1253 3774 notio,
1277 3715 1341 3762 non
1360 3693 1419 3759 εἰσι·

235 3801 399 3885 ρίἰσώσιώ,
434 3802 621 3867 continetur.
667 3799 795 3886 Duplex
826 3803 874 3864 est
896 3802 931 3865 in
954 3799 1046 3866 libris
1070 3799 1228 3867 formulae
1250 3800 1358 3888 paullo
1378 3818 1418 3864 re

237 3908 330 3973 rioris
347 3907 567 3994 interpolatio:
589 3905 646 3973 elii
664 3904 820 3972 συνελόντι
837 3904 863 3970 δ’
881 3905 989 3979 ώτλώς
1008 3906 1179 3986 exhibent,
1198 3905 1258 3972 alii
1275 3903 1416 3972 συνελόντι

238 4011 265 4077 t’
290 4013 399 4086 ώτλῶς
429 4014 535 4079 εἰπεῖν.
581 4011 800 4098 Repudiatum
831 4015 879 4078 est
909 4014 979 4080 iure
1001 4013 1097 4079 εἰπεῖν
1120 4013 1176 4079 sed
1199 4013 1307 4085 ώτλώσ
1330 4006 1416 4079 simul

236 4122 303 4186 eret
332 4119 575 4205 repudiandum.
620 4117 790 4185 Praetereo
815 4119 932 4204 quibus
963 4118 1002 4185 de
1025 4121 1130 4186 causis
1151 4139 1248 4206 supro
1270 4140 1327 4206 pro
1348 4114 1415 4200 κρί-

235 4226 327 4302 σησόε
350 4225 519 4293 videbatur
540 4224 673 4305 χρῆσόιιι
694 4246 761 4292 esse
779 4223 1014 4310 reponendum,
1034 4225 1152 4291 iisdem
1168 4225 1200 4290 h.
1213 4223 1237 4291 1.
1256 4225 1416 4311 requiritur

234 4331 287 4399 κωί
317 4331 538 4398 τυόσλΟΘΑΙ
566 4352 624 4418 pro
654 4332 706 4398 uel
740 4331 910 4408 τωόσησόε.
956 4330 1046 4398 Heec
1071 4333 1174 4420 igitur
1196 4331 1414 4400 Demosthenes
