3080 4972
657 253 698 320 35

94 445 204 511 absurde
239 444 319 521 diei,
351 462 414 506 non
439 441 658 506 dubitabimus
680 442 777 508 verba
801 442 852 506 aab
877 451 1059 524 κατνγορῖαι
1082 444 1163 509 vitio
1185 425 1260 507 nata

92 572 142 616 una
160 551 259 617 litura
282 549 394 614 delere.

127 763 195 851 Pag.
223 760 299 827 130.
321 760 352 826 6.
372 760 539 838 σθγαπκτδν
559 761 622 840 γσδρ
643 762 696 826 ε’διν
717 760 804 825 αὐτοὶ
826 760 980 842 σώζωνται
999 761 1111 826 τούτων
1124 757 1259 828 ἔκαε-01·

92 868 150 932 aar
179 869 248 945 ὑμῖν
280 871 370 932 τοῦτο
403 865 564 946 πρακτέον.
612 865 756 931 Literula
786 867 894 932 addita
922 866 1124 932 scribendum
1147 866 1260 931 τούτων

93 973 240 1048 {adcola
265 975 300 1038 id
324 979 372 1038 est
396 971 509 1037 τούτων
534 970 661 1042 ε’κοθςσνς
686 973 821 1049 σθγαποῖν
841 972 889 1036 δεῖ
906 972 958 1036 ε’νδν
981 972 1067 1036 αὐτοὶ
1090 972 1259 1053 σώζωνται,

90 1081 173 1143 boram
195 1081 329 1160 εἱαραθνε
351 1079 379 1141 ον’
402 1079 462 1162 εἶμεν
484 1077 563 1142 andri
584 1079 646 1141 aiat
662 1079 821 1161 praeclare
844 1101 939 1141 recum
963 1085 1059 1140 ασθανα
1083 1101 1142 1142 esse
1161 1077 1261 1140 asiati-

91 1208 155 1249 αιαο
180 1191 310 1270 oportet,
341 1189 379 1249 ut
410 1205 483 1271 pag.
520 1181 595 1248 175.
630 1183 682 1248 14.
715 1183 882 1260 σῖγαπήτθν
913 1179 945 1258 ήν
970 1185 1044 1263 παρ’
1068 1183 1179 1249 ἐκείνου
1203 1189 1261 1246 τῶν

91 1289 176 1354 ἄλλων
207 1290 336 1359 {andsiti
369 1290 421 1354 aab
452 1298 544 1365 τιμῆς
568 1289 620 1354 aab
646 1291 746 1370 θρχῆς
771 1289 823 1353 aab
848 1290 968 1366 ἀγαθοῦ
993 1291 1070 1362 τινὸς
1092 1302 1259 1368 μεταλαμ-

89 1395 189 1472 daturas.

125 1608 197 1697 Paga
232 1606 394 1673 120..14.
428 1606 462 1684 ήν
484 1632 513 1672 τι
539 1607 610 1672 τθτε
635 1646 676 1656 -
702 1611 732 1673 ἐν
756 1617 827 1680 ταῖς
851 1616 910 1674 τῶν
933 1616 1054 1675 πολλῶν
1078 1609 1222 1679 διανοίαις
1247 1603 1260 1674 ὃ

91 1753 124 1762 -
145 1715 298 1796 ἐλευθέραν
323 1712 381 1801 ἦγε
401 1716 455 1788 τήν
476 1714 629 1779 Ἑλλάδα.
665 1715 857 1780 Mendosum
877 1722 924 1781 est
944 1713 1013 1793 ήγε.
1047 1716 1151 1781 Nemo
1170 1714 1263 1780 inbel-

87 1819 151 1908 ligit
172 1823 247 1908 quid
272 1824 314 1887 sit
338 1824 392 1895 τήν
415 1822 558 1886 Ἑλλάδα
584 1821 741 1901 ἐλευθέραν
758 1820 864 1899 abacta:
886 1821 941 1886 sed
961 1820 1053 1886 saoile
1073 1826 1120 1886 est
1139 1826 1262 1886 senten·

87 1928 156 1990 tiam
180 1931 312 1994 oratoris
343 1930 489 2014 reperire.
536 1928 614 1994 Ibrat
638 1933 728 2012 tum,
752 1930 874 2012 inquit,
899 1930 933 1993 in
956 1927 1125 1992 hominum
1148 1929 1263 1992 menti-

85 2032 136 2097 bus
167 2035 306 2121 aliquid,
343 2034 427 2119 quod
462 2033 618 2100 efficiebat
651 2039 689 2098 ut
724 2031 859 2099 Graecia
893 2035 928 2098 in
959 2032 1107 2099 libertate
1130 2035 1264 2098 viveret.

85 2138 163 2204 Adde
191 2143 270 2207 duas
293 2140 438 2205 litorales
460 2146 493 2204 et
515 2139 575 2204 hoo
598 2143 706 2225 ipsum
729 2140 862 2205 habebis
885 2139 1057 2220 ε’λευθέραΝ
1083 2147 1187 2217 ΔΙήγε
1209 2141 1264 2214 τήν

86 2243 225 2312 Ἑλλάδα.
272 2246 358 2312 Noto
390 2267 451 2310 usu
485 2244 603 2322 διθγειν
627 2249 682 2310 aut
705 2250 856 2310 neutrum
881 2251 928 2310 est
952 2253 1075 2309 aetatem
1099 2269 1185 2327 σρανο
1207 2252 1264 2311 aut

86 2353 278 2418 transitivum
297 2352 399 2417 facere
418 2356 456 2415 ut
480 2351 595 2436 aliquis
619 2355 756 2416 aetatem
781 2353 946 2438 transigat.
967 2350 1092 2415 Nobilis
1110 2351 1198 2416 locus
1218 2355 1266 2416 est

84 2455 113 2517 in
141 2461 276 2523 oratione
300 2460 337 2521 de
366 2459 478 2522 Οστοαα
502 2477 575 2543 pag.
602 2453 678 2520 255.
708 2455 761 2521 10.
787 2456 800 2520 ὂ
826 2457 887 2537 γὰρ
911 2458 984 2522 τθτε
1008 2455 1143 2535 πόλεμος
1166 2494 1211 2507 -
1234 2457 1265 2520 ἕν

85 2565 153 2626 τοῖσι
176 2571 238 2637 τοῖς
264 2564 351 2629 κατθι
375 2567 425 2630 τὸν
449 2563 516 2642 βίον
540 2563 755 2644 ἀφθονωτέροις
780 2563 833 2627 καὶ
856 2562 1038 2643 εὐωνοτέροις
1059 2563 1162 2642 διῆγεν
1183 2565 1265 2641 ὑμᾶς

84 2691 130 2740 τας
154 2692 201 2733 ννν
225 2671 350 2750 εἰρήνης.

121 2878 196 2970 Pag.
222 2879 298 2946 122.
324 2878 378 2945 21.
402 2880 435 2943 οὐ
460 2878 523 2959 γσδρ
547 2879 585 2944 διν
609 2882 714 2952 αὐτοῖς
741 2877 851 2958 ἔμελεν
876 2878 905 2946 εἴ
926 2904 973 2952 τις
996 2881 1026 2944 ἕν
1045 2882 1263 2962 Πελοποννήσῳ

83 2986 158 3058 arada
176 2991 296 3052 ὠνεῖται
321 2986 373 3052 καὶ
399 2985 564 3066 διαφθείρει
589 2987 633 3062 μή
656 2989 737 3051 τοῦθ’
761 2985 1049 3064 ὑπολαμβάνουσιν.
1075 2986 1218 3066 ἐκόλαζον
1237 2989 1264 3052 δ’

84 3090 150 3157 οὕτω
163 3094 214 3157 aab
240 3095 436 3172 ἐτιμωροῦντο
460 3088 508 3165 οὓς
533 3091 681 3156 αἴσθοιντο
706 3089 764 3160 ttae
790 3093 841 3156 καὶ
866 3094 998 3166 ςαλίτας
1023 3103 1128 3160 ποιεῖν.
1153 3097 1198 3158 sio
1219 3115 1263 3158 so

83 3195 128 3261 lus
157 3203 300 3263 omnium
332 3196 373 3274 S,
406 3200 522 3263 caeteri
552 3193 600 3270 οὓς
631 3197 779 3262 αἴσθοιντο
812 3198 1056 3278 δωροδοκοῦντας.
1101 3197 1173 3266 Hoo
1202 3220 1266 3264 uno

84 3305 257 3371 testimonio
297 3304 460 3370 nitebatur
495 3303 578 3368 male
610 3325 685 3369 sana
716 3306 821 3390 opinio
852 3325 981 3382 eorum,
1013 3307 1068 3390 qui
1098 3305 1266 3384 δωροδοκεῖν

82 3429 133 3490 pro
156 3410 337 3492 διαφθείρειν
358 3410 408 3474 ε’πῖ
429 3411 572 3489 χρήμασι
596 3415 703 3475 eontra
722 3431 832 3475 sanam
851 3413 1007 3475 rationem
1027 3415 1059 3476 et
1078 3415 1268 3495 perpetuum

82 3519 222 3581 ueterum
251 3538 349 3583 usum
383 3516 446 3581 disi
479 3536 568 3600 posse
600 3517 852 3582 asseverabant«
878 3516 1005 3581 Bonum
1035 3517 1156 3582 faotum
1184 3520 1268 3601 quod

83 3640 160 3686 unus
184 3627 327 3688 omnium
352 3625 494 3707 optimus
517 3625 608 3687 testis
633 3622 802 3687 absurdam
824 3623 905 3687 hano
929 3625 1110 3707 opinionem
1129 3623 1270 3689 confuta-

82 3729 136 3790 rit.
178 3727 248 3794 Hoe
276 3731 380 3817 igitur
409 3727 555 3813 exemplo
588 3730 704 3793 moniti
727 3729 910 3793 cavebimus
933 3749 973 3792 ne
997 3731 1161 3794 eradamus
1184 3732 1268 3814 quod

50 3843 53 3848 '
84 3852 153 3896 oum
175 3855 250 3900 sana
272 3838 393 3900 ratione
416 3841 539 3921 pugnet
563 3832 630 3899 fieri
652 3835 802 3918 potuisse,
829 3835 904 3918 quia
926 3855 1010 3899 unus
1033 3840 1089 3900 aut
1108 3834 1188 3900 alter
1208 3833 1265 3901 Oo-

84 3938 138 4003 dex
161 3941 347 4006 huiuamodi
370 3943 447 4024 quid
471 3938 654 4005 confirmare
679 3939 815 4004 videtur.

125 4152 333 4217 Manifestum
366 4157 510 4218 tenemus
534 4151 623 4216 scioli
647 4151 902 4216 additamentum
926 4171 1000 4237 pag.
1028 4148 1104 4216 130.
1134 4151 1186 4237 rt.
1213 4155 1270 4219 ubi

84 4254 104 4318 S
138 4258 244 4322 dedit:
279 4266 391 4337 πρῶτον
425 4259 481 4335 μὲν
517 4260 550 4322 οὐ
588 4259 700 4332 μήποθ’
732 4253 800 4336 adora
833 4255 903 4327 τοὺς
935 4257 1134 4330 ποιήσοντας,
1160 4256 1270 4323 ἔπειτα

84 4361 201 4426 δέδοικα
238 4365 279 4439 μή
315 4363 403 4427 πάνθ’
438 4361 511 4444 ἅμα
544 4360 601 4429 tta
633 4364 665 4427 οὐ
701 4361 878 4442 βουλόμεθα
914 4368 1009 4425 ποιεῖν
1040 4365 1114 4438 ἡμῖν
1145 4362 1269 4444 νῖνσθγκιρ
