3080 4972
709 214 750 280 21

135 407 256 489 σφόδρα
281 407 312 469 έν
335 407 376 484 τῷ
396 413 451 480 τῆς
472 404 630 474 πολιτείας
653 403 699 490 (id
719 409 768 469 est
786 413 841 477 τῆς
862 403 1083 490 δημοκρατίας)
1102 403 1164 478 ἤθει
1183 403 1324 482 μένοντες

136 512 192 580 ίίςε
225 514 281 585 τὴν
317 511 483 590 ’Λριςείδου
519 517 569 573 καί
606 512 661 584 rba
695 507 870 574 Μιλτιοίδου
901 509 953 573 καί
986 515 1044 574 τῶν
1075 508 1147 575 τίτε
1176 519 1326 591 λαμπρῶν

136 618 251 693 οἰκίαν,
288 615 317 680 εί
348 640 394 686 τις
428 615 489 695 ἄρα
523 612 600 681 οἶδεν
636 617 716 693 ὑμῶν
753 617 841 681 ίποία
878 617 948 679 ποτ’
984 617 1067 690 έςίν,
1099 618 1153 698 ίρρῖ
1184 625 1239 692 τῆς
1272 621 1325 684 τοῦ

135 724 270 801 γείτονος
295 722 376 787 οὐδὲν
401 722 584 800 σεμνοτέραν
603 717 707 786 οὖσαν.
741 721 843 787 Multi
864 721 1018 809 leguntur
1037 723 1122 806 apud
1140 722 1327 789 Demosthe-

135 851 208 894 nem
235 829 299 894 loci
322 830 373 893 bis
396 833 506 912 terque
529 829 645 893 iisdem
668 849 765 912 paene
789 829 894 895 verbis
917 830 1062 912 repetiti,
1088 848 1224 912 quorum
1247 829 1326 895 alios

105 947 111 954 '
135 935 365 1000 Demosthenes
394 937 461 1019 ipse
491 936 637 1016 repetiit,
670 933 749 998 alios
779 933 975 998 fraudulenti
1004 934 1167 1020 homines,
1191 937 1325 1020 quispe

135 1040 216 1106 lucri
235 1039 445 1105 Demostheni
465 1043 621 1104 orationes
642 1042 764 1124 spurias
783 1045 1015 1124 supposuerunt
1034 1060 1187 1126 magnam
1202 1045 1327 1126 partem

137 1149 367 1211 consarcinatae
398 1167 436 1210 ex
466 1145 695 1232 insignioribus
728 1144 919 1228 quibusdam
950 1145 1086 1226 ρἰίσεσιν,
1114 1167 1193 1231 quae
1215 1149 1250 1210 in
1272 1167 1326 1234 ge

136 1255 242 1317 nuinis
274 1253 470 1316 orationibus
498 1252 698 1338 legebantur.
752 1250 810 1316 Dat
841 1271 952 1334 operae
981 1254 1122 1336 pretium
1152 1253 1210 1318 hos
1239 1251 1325 1318 locos

137 1378 323 1443 componere
352 1363 384 1423 et
407 1361 490 1423 inter
516 1379 549 1422 se
573 1376 771 1441 comparare,
796 1355 880 1420 unde
903 1362 936 1421 at
959 1356 998 1420 de
1021 1356 1221 1444 singulorum
1243 1356 1325 1423 loco

136 1486 208 1529 rum
242 1485 320 1530 vera
354 1465 511 1548 scriptura
541 1466 661 1548 optime
693 1462 829 1526 iudicari
850 1466 982 1546 potest,
1015 1467 1046 1527 et
1078 1462 1325 1548 discrepantium

135 1570 310 1636 lectionum
342 1573 431 1656 origo
462 1574 494 1634 et
523 1590 616 1634 causa
648 1573 680 1633 et
711 1587 894 1654 progressus
926 1571 1081 1653 conspici,
1115 1575 1146 1633 et
1168 1568 1325 1635 librorum

136 1697 213 1761 quos
239 1675 396 1740 habemus
416 1677 600 1760 superstites
619 1673 695 1738 fides
715 1677 850 1757 spectari
870 1677 927 1737 aut
945 1675 1105 1738 vitiositas
1124 1674 1324 1759 deprehendi.

134 1781 364 1846 Demosthenes
392 1783 460 1864 ipse
491 1801 571 1845 auno
604 1779 668 1844 352
699 1782 733 1844 in
765 1781 967 1842 Aristocraten
995 1799 1070 1866 pag.
1096 1777 1173 1843 689.
1202 1778 1253 1843 11.
1278 1783 1325 1846 ita

136 1887 275 1952 dixerat:
301 1889 355 1961 τὴν
381 1885 604 1963 Θεμιςοιιλέους
627 1887 684 1964 μὲν
708 1885 771 1965 νοδρ
795 1885 891 1948 οἰκίαν
915 1885 966 1948 καί
992 1883 1166 1949 Μιλτιοίδου
1190 1885 1242 1949 καί
1266 1890 1324 1949 τῶν

135 1992 206 2057 τότε
237 2000 410 2073 λαμπρῶν,
444 1991 473 2056 εί
502 2016 548 2064 τις
581 1989 642 2072 ίιρα
667 1993 748 2069 ὑμῶν
771 1986 848 2055 οίδεν
872 1991 963 2056 ὁποία
986 1989 1057 2056 ποτ’
1082 1991 1164 2069 ε’ςίν,
1190 1995 1243 2075 δρᾷ
1267 1997 1325 2055 τῶν

135 2105 255 2164 πολλῶν
278 2100 361 2163 οὐδὲν
387 2097 572 2176 σεμνοτέραν
597 2095 699 2163 οὖσαν.

179 2204 323 2269 Eandem
362 2207 553 2269 sententiam
591 2206 725 2288 arripuit
759 2206 929 2288 impostor,
962 2206 1018 2288 qui
1048 2206 1223 2268 orationem
1258 2203 1323 2284 περὶ

135 2309 308 2386 συντιίξεος
341 2330 360 2374 a
390 2331 423 2374 se
454 2331 493 2375 ex
519 2309 645 2373 laciniis
667 2309 920 2374 Demosthenicis
943 2307 1196 2396 conglutinatam
1219 2308 1326 2374 Ptole-

134 2437 226 2480 macc
249 2414 478 2499 Philadelpho,
504 2419 559 2480 aut
582 2414 639 2479 alii
664 2417 713 2480 cui
738 2416 809 2500 regi
832 2413 1033 2495 φιλοβίβλῳ,
1056 2417 1200 2500 impenso
1222 2419 1325 2501 pretio

134 2543 191 2606 pro
229 2524 370 2608 genuina
403 2521 565 2597 vendidit,
601 2542 702 2605 neque
738 2525 865 2584 tantum
899 2540 1009 2607 regem
1044 2522 1157 2607 grandi
1191 2523 1325 2605 peormia

135 2629 281 2691 emunxit
311 2626 366 2690 scd
398 2629 497 2691 etiam
528 2629 681 2691 acerrimo
706 2628 819 2710 cuique
845 2622 1037 2690 Oriticorum
1060 2633 1206 2693 veterum
1229 2623 1325 2691 Galli·

133 2731 257 2796 maohis
291 2732 440 2796 omnibus
477 2737 509 2796 et
544 2731 708 2818 Dionysiis
742 2730 925 2795 ioculariter
960 2734 1116 2797 sarcinam
1150 2734 1323 2815 imposuit,

134 2837 232 2903 donec
262 2838 392 2902 tandem
419 2835 627 2908 Valckenario
650 2837 737 2902 fraus
760 2834 919 2910 suboluit,
943 2857 1022 2920 quae
1046 2859 1130 2902 nuno
1153 2843 1200 2903 est
1223 2839 1324 2903 omni·

133 2945 195 3008 bus
231 2943 410 3009 manifesta.
464 2941 564 3028 Saepe
595 2947 731 3008 miratus
761 2963 834 3006 sum
866 2962 906 3005 ne
937 2944 970 3004 in
1002 2942 1183 3028 Philippica
1211 2949 1324 3028 quarta

132 3051 263 3133 quidem
287 3055 356 3113 tam
379 3049 583 3113 manifestam
605 3049 751 3114 fraudem
775 3046 853 3112 olim
877 3047 1062 3132 perpluisso.
1108 3049 1231 3132 Nempe
1253 3054 1322 3114 tan-

130 3161 203 3220 tam
235 3157 306 3220 vim
338 3155 436 3220 habet
468 3155 684 3241 praeiudicata
719 3161 750 3219 et
781 3157 958 3220 inveterata
988 3156 1112 3239 opinio,
1146 3161 1184 3218 ut
1214 3175 1324 3219 omnes

131 3268 286 3346 perpetuo
320 3263 462 3325 nesciant
496 3281 529 3326 se
561 3263 596 3326 in
629 3262 768 3326 tenebris
801 3259 908 3324 sedere
943 3260 1040 3325 donec
1068 3259 1174 3324 lucem
1207 3259 1323 3343 aliquis

132 3365 252 3431 afferat.
300 3366 479 3431 Audiamus
500 3387 584 3431 nuno
606 3369 812 3451 impostorem
836 3387 910 3452 pag.
938 3363 1012 3431 174.
1038 3364 1091 3430 26.
1116 3365 1175 3435 τοδε
1196 3367 1221 3430 δ’
1242 3364 1321 3437 ἰδίας

131 3473 233 3544 οἰκίας
260 3477 320 3537 τῶν
352 3474 382 3535 ἐν
412 3471 539 3550 δυνοίμει
570 3470 738 3550 γενομένων
763 3469 838 3536 οὕτω
863 3471 991 3551 μετρίας
1016 3472 1067 3536 καί
1092 3473 1133 3553 τῷ
1158 3477 1213 3546 τῆς
1238 3486 1322 3536 πολι-

130 3578 223 3648 τείας
245 3578 372 3656 ίνίματι
398 3580 444 3666 (id
468 3585 515 3644 est
537 3588 575 3660 τῇ
600 3577 804 3660 δνμοκρατίρο)
826 3577 1005 3650 ἀκολούθους
1031 3574 1088 3645 ι’ίςε
1112 3579 1167 3653 τὴν
1192 3588 1323 3656 Θεμιςο-

129 3686 242 3756 κλέους
272 3685 324 3750 καί
357 3687 411 3758 τὴν
442 3686 577 3762 Κίμωνος
610 3685 662 3748 καί
694 3685 749 3757 τὴν
769 3685 934 3762 ’Λριτείδου
963 3683 1027 3770 [καὶ
1051 3682 1240 3772 Μιλτιοίδου]
1268 3685 1320 3749 καί

129 3798 191 3854 τῶν
225 3791 293 3854 τότε
323 3798 472 3869 λαμπρῶν
505 3791 622 3864 οἰκίαν,
657 3788 685 3854 εί
707 3814 753 3862 τις
779 3786 826 3866 ἄρ’
851 3785 931 3852 οίδεν
957 3789 1037 3866 ὑμῶν
1063 3789 1099 3876 (S
1124 3792 1204 3868 ὑμῶν
1227 3787 1319 3878 οἶδεν)

128 3897 227 3960 ὁποία
257 3901 324 3960 ποτ’
357 3896 433 3972 έςίν,
465 3896 517 3978 ὁρῶ
550 3904 605 3970 τῆς
636 3900 689 3959 τοῦ
722 3895 856 3972 γείτονος
887 3894 971 3959 οὐδὲν
1003 3896 1186 3976 σεμνοτέραν
1216 3895 1319 3962 οὖσαν.

128 4001 289 4068 Videmus
330 4003 432 4087 igitur
471 4000 720 4067 Demosthenem
763 4022 862 4086 quum
898 4022 978 4066 anno
1014 4001 1078 4066 349
1114 4006 1149 4068 in
1183 4007 1323 4069 oratione

129 4104 328 4193 Olynthiaoa
358 4105 466 4170 laudes
488 4109 648 4171 maiorum
673 4107 860 4182 celebraret,
886 4108 1001 4190 quibus
1024 4112 1105 4174 esset
1127 4110 1162 4172 in
1184 4106 1323 4192 publicis

128 4209 390 4299 magnificentia,
426 4214 460 4275 in
490 4214 624 4296 privatis
655 4213 812 4278 modestia
844 4218 875 4276 ct
906 4213 1036 4290 modus,
1068 4234 1131 4278 non
1161 4213 1323 4278 dubitasse

129 4319 255 4385 iisdem
284 4318 387 4382 verbis
417 4320 482 4397 uti,
516 4319 632 4402 quibus
664 4324 775 4402 quarto
803 4316 918 4383 abhinc
941 4338 1021 4384 anno
1045 4317 1176 4383 eandem
1201 4321 1324 4387 senten·
