3026 4970
636 283 701 350 269

92 500 120 540 rs
140 457 332 560 Διεισάναρα,
357 482 390 544 et
412 480 517 564 prima
538 480 573 541 in
596 473 696 546 άδιεές
719 475 817 566 longa
840 481 888 543 est
912 486 949 542 Φ.
975 474 1052 542 481.
1074 475 1143 542 κύον
1163 472 1262 549 dissic

93 587 118 647 ei
136 609 164 648 τ.
189 583 241 650 91.

127 679 176 754 'sio
204 693 305 778 igitur
335 691 431 756 eoam
465 696 578 756 natum
609 693 656 756 est
682 695 714 755 et
737 691 885 768 laticina,
909 713 1024 777 nempe
1048 713 1086 756 ex
1109 688 1207 754 δὲάιια
1231 696 1263 756 et

92 793 226 880 δέδιαικα,
260 801 305 862 sic
336 797 455 872 άεανδάς
486 819 525 863 ex
558 796 686 872 άενδιεάς
716 819 773 883 pro
804 794 899 875 ὅσιος,
924 797 1056 874 εὐσεβής
1066 845 1075 875 ,
1099 796 1264 874 leocadie,

93 901 282 980 δεισιδαίμων.

129 1008 163 1071 Ιιι
192 1013 281 1073 tanta
310 1009 487 1094 frequentia
516 1008 676 1085 locorum,
707 1009 765 1074 ubi
796 1013 945 1095 antiquae
967 1010 1098 1098 linguae
1121 1016 1189 1074 tam
1214 1030 1267 1074 ex·
1321 1011 1332 1020 '

92 1133 183 1196 pressa
206 1119 239 1180 et
261 1119 347 1180 certa
373 1118 508 1203 vestigia
530 1120 698 1201 apparent,
723 1136 785 1180 non
808 1117 975 1182 miraberis
998 1137 1065 1182 esse
1085 1115 1171 1181 looos
1189 1135 1266 1200 pau·

93 1218 184 1304 culos,
203 1222 236 1284 in
256 1221 373 1306 quibus
391 1220 487 1308 longa
506 1222 572 1286 dies
585 1226 617 1286 et
630 1224 809 1287 communis
822 1225 966 1287 omnium
978 1221 1109 1310 linguae
1121 1226 1266 1288 vetustae

91 1326 234 1409 ignoratio
264 1326 494 1392 vocabulorum
526 1333 673 1392 veterum
696 1328 833 1393 formam
856 1331 954 1394 variis
978 1330 1081 1394 modis
1105 1327 1265 1410 ἠφάνισεν.

92 1428 168 1508 Quae
195 1435 336 1497 earmina
364 1454 420 1518 per
451 1433 571 1498 multas
602 1438 721 1498 aetates
751 1434 924 1500 volitarent
953 1457 1010 1521 per
1041 1456 1094 1500 ora
1124 1437 1268 1501 virorum

90 1535 175 1624 longo
203 1543 275 1624 post
301 1538 471 1604 intervallo
496 1559 535 1604 ex
559 1541 756 1604 cantantium
781 1560 832 1604 ore
856 1546 986 1626 excepta
1009 1540 1111 1606 literis
1134 1541 1270 1606 describi

91 1650 190 1728 coepta
220 1649 311 1722 sunt,
343 1649 512 1729 postquam
545 1646 729 1732 digamma,
753 1651 843 1709 sexta
866 1644 1028 1730 alphabeti
1049 1646 1161 1722 litera,
1186 1645 1270 1731 apud

90 1747 170 1814 Iones
193 1755 223 1815 et
246 1753 370 1816 Atticos
389 1751 482 1835 plane
502 1753 537 1815 in
556 1751 798 1816 desuetudinem
819 1751 938 1816 abierat
958 1752 1269 1836 describentibusque

89 1875 205 1936 prorsus
225 1863 292 1922 erat
309 1860 469 1944 ignotum.
501 1855 613 1942 ltaque
636 1877 693 1942 pro
714 1856 828 1920 ἔπαδεν
849 1857 1044 1922 scribebatur
1067 1856 1190 1932 εὔαδεν,
1213 1877 1270 1942 pro

91 1960 283 2036 καινάξαντες
315 1969 347 2028 et
378 1961 541 2036 καπάξαις
566 1963 721 2027 dederunt
745 1962 939 2038 κανάξαντεε
964 1967 995 2026 et
1019 1961 1188 2038 καυάξαις,
1213 1982 1271 2048 pro

91 2066 239 2146 άιιέρνσαν
264 2070 436 2134 exarabant
458 2067 610 2149 αὐέρυσαν
634 2074 666 2132 et
687 2067 817 2149 αὐΐαχοι
837 2088 893 2153 pro
915 2068 1067 2148 άπίαχαι,
1089 2068 1271 2153 similiaque

90 2173 139 2237 ubi
167 2179 266 2240 reret
294 2176 506 2262 geminatum.
553 2173 698 2259 Simplex
722 2180 830 2239 autem
854 2198 868 2238 ι
891 2177 998 2239 omitti
1019 2175 1141 2241 solebat
1164 2181 1196 2241 et
1219 2197 1272 2261 pe·

89 2281 170 2344 nitus
191 2284 257 2346 sine
279 2283 418 2368 vestigio
442 2283 582 2346 interire.

130 2385 237 2472 Itaque
260 2389 336 2472 quia
359 2390 478 2471 passim
501 2386 595 2452 litera
616 2407 788 2451 consonans
808 2385 966 2451 exciderat
986 2389 1127 2452 carmina
1145 2391 1272 2453 vetusta

89 2489 184 2557 literis
215 2497 342 2559 exarata
365 2492 459 2578 plena
482 2499 571 2559 erant
595 2495 749 2557 rimarum
774 2512 946 2577 versusque
971 2495 1076 2557 canori
1100 2498 1132 2559 et
1156 2495 1274 2558 eximia

89 2605 151 2662 arte
173 2602 338 2684 compositi
360 2602 479 2685 passim
502 2597 697 2664 intolerabili
719 2598 811 2663 hiatu
835 2599 1040 2675 fatiscebant,
1064 2599 1185 2664 veluti:

195 2700 250 2769 ὧδέ
274 2710 332 2786 σφ’
356 2703 534 2786 ἐγκέφαλος
559 2703 703 2784 χαμάδις
728 2704 782 2784 ῥέοι
807 2704 843 2775 ὡς
868 2701 933 2769 ὅδε
958 2701 1046 2775 Οἶννς

198 2810 325 2875 κάτθαν’
349 2812 428 2888 ὁμῶς
453 2809 471 2876 ά
494 2812 525 2875 τ’
547 2810 656 2890 άεργὸς
682 2811 754 2890 άνὴρ
777 2807 796 2874 ά
818 2834 853 2874 τε
877 2821 989 2874 πολλά.
1014 2811 1158 2889 Ἐαιγάς.

195 2919 233 2988 cic
257 2917 288 2980 δὲ
311 2914 387 2981 λάων
411 2917 441 2979 ἕν
463 2917 553 2994 βουσὶ
578 2918 662 2997 θορὼν
687 2913 720 2991 ἕξ
744 2916 868 3003 cdxlvii
892 2913 985 2996 ’Άξια

196 3021 266 3086 ἔνθα
289 3022 346 3097 μὲν
370 3023 526 3087 ἐκπεσέειν
550 3023 599 3088 ὀΐω
624 3021 709 3085 κατά
735 3023 760 3085 θ’
784 3019 922 3101 άρματΑ
942 3021 1053 3098 ρἋξαι.

132 3126 200 3194 Non
224 3133 271 3194 est
293 3130 395 3216 igitur
414 3128 597 3193 mirandum
618 3129 787 3213 rhapsodos
807 3134 839 3194 et
859 3134 1001 3193 cantores
1021 3134 1148 3194 centum
1169 3131 1272 3196 modis

87 3233 253 3300 molestum
275 3236 402 3299 hiatum
426 3237 540 3299 sarcire
563 3239 709 3311 conatos,
731 3237 787 3318 qui
808 3239 864 3298 aut
883 3233 1090 3299 inferciebant
1108 3235 1273 3301 literulam

88 3341 190 3416 ςαιβῆς
214 3341 297 3416 δίκην
321 3339 392 3418 πρὸς
416 3341 449 3404 τὸ
474 3343 602 3420 κεχηνὸς
628 3345 681 3403 τοῦ
707 3343 817 3420 ῥυθμοῦ
841 3338 945 3405 veluti
967 3342 995 3402 τ’
1020 3347 1076 3404 aut
1100 3344 1134 3419 γ’
1155 3347 1211 3406 aut
1231 3344 1271 3419 κ’,

88 3452 143 3508 aut
162 3446 288 3512 voculas
310 3449 394 3510 inter
417 3467 449 3511 se
473 3446 697 3531 permutabant
718 3466 775 3531 pro
799 3444 830 3508 δέ
856 3450 912 3510 aut
934 3469 968 3509 τε
993 3446 1056 3525 γάρ
1081 3449 1274 3514 substituen-

87 3557 149 3625 tes,
179 3559 234 3618 aut
264 3553 362 3618 verba
392 3552 638 3637 transponebant
667 3551 770 3618 veluti
801 3554 895 3615 πάαιν
925 3551 991 3628 ἐμοὶ
1014 3551 1046 3616 δὲ
1068 3552 1193 3629 αάαιςα
1217 3576 1273 3640 pro

87 3659 166 3720 ιιάσι
193 3659 317 3734 αάλιςα
350 3659 376 3722 δ’
407 3659 492 3734 ἕαιά,
523 3659 714 3743 omninoque
736 3656 901 3722 lenissima
924 3657 1076 3746 vulgatae
1100 3664 1274 3746 scripturae

86 3766 260 3830 mutatione
290 3767 432 3830 numeris
464 3770 496 3830 et
527 3765 656 3829 auribus
683 3762 898 3829 consulebant.
945 3763 1065 3829 Eodem
1090 3767 1186 3832 modo
1211 3789 1273 3853 quo

85 3867 138 3932 ilii
166 3876 306 3936 vetustas
335 3871 453 3935 formae
485 3871 712 3943 obscurabant,
737 3875 881 3936 nostrum
906 3875 954 3935 est
977 3871 1102 3935 easdem
1128 3893 1273 3940 revocare

84 3975 119 4036 in
142 3973 264 4060 lucem,
290 3997 353 4041 non
374 3997 430 4061 per
452 3978 519 4041 vim
544 3981 724 4064 grassantes
747 3977 865 4040 urendo
889 3977 1084 4060 secandoque
1107 3983 1140 4043 et
1158 3981 1272 4045 audaci

85 4084 325 4165 transpositione
356 4087 411 4147 aut
443 4085 633 4148 correctione
664 4081 819 4151 violenta,
851 4081 905 4146 sed
936 4081 1099 4147 lenissima
1122 4083 1270 4150 literulae

85 4185 251 4252 inflexione
282 4195 337 4252 aut
368 4189 546 4252 omissione.
596 4187 764 4271 Optimum
788 4186 874 4274 factu
898 4192 946 4251 est
967 4187 1052 4252 locos
1075 4193 1186 4272 potitae
1206 4210 1272 4254 om·

84 4311 162 4366 nes,
191 4294 246 4357 ubi
276 4297 420 4357 vetustae
451 4293 572 4358 formae
603 4292 787 4358 obliteratae
819 4298 910 4364 sunt,
932 4292 991 4355 sub
1014 4313 1078 4357 uno
1104 4300 1273 4378 conspeetu

85 4415 200 4479 ponere
218 4398 428 4482 omnibusque
448 4398 619 4487 diligenter
638 4397 841 4464 consideratis
860 4399 1065 4482 expensisque
1083 4399 1129 4462 ita
1143 4397 1272 4484 linguae
