<?xml version="1.0" encoding="UTF-8"?>
<!DOCTYPE html PUBLIC "-//W3C//DTD XHTML 1.0 Transitional//EN"
    "http://www.w3.org/TR/xhtml1/DTD/xhtml1-transitional.dtd">
<html xmlns="http://www.w3.org/1999/xhtml" xml:lang="en" lang="en">
 <head>
  <title>
</title>
<meta http-equiv="Content-Type" content="text/html;charset=utf-8" />
  <meta name='ocr-system' content='tesseract 3.04.00' />
  <meta name='ocr-capabilities' content='ocr_page ocr_carea ocr_par ocr_line ocrx_word'/>
</head>
<body>
  <div class='ocr_page' id='page_1' title='image "./miscellaneacrit02cobegoog_0406.png"; bbox 0 0 3052 4970; ppageno 0'>
   <div class='ocr_carea' id='block_1_1' title="bbox 265 231 880 490">
    <p class='ocr_par' dir='ltr' id='par_1_1' title="bbox 265 231 880 490">
     <span class='ocr_line' id='line_1_1' title="bbox 815 231 880 301; baseline -0.015 0"><span class='ocrx_word' id='word_1_1' title='bbox 815 231 880 301; x_wconf 86' lang='grc'><strong><em>384</em></strong></span> 
     </span>
     <span class='ocr_line' id='line_1_2' title="bbox 265 420 463 490; baseline 0.015 -4"><span class='ocrx_word' id='word_1_2' title='bbox 265 424 297 486; x_wconf 89' lang='lat' dir='ltr'>et</span> <span class='ocrx_word' id='word_1_3' title='bbox 320 430 361 488; x_wconf 90' lang='lat' dir='ltr'><strong><em>N.</em></strong></span> <span class='ocrx_word' id='word_1_4' title='bbox 387 420 463 490; x_wconf 85' lang='grc'><strong>346.</strong></span> 
     </span>
    </p>
   </div>
   <div class='ocr_carea' id='block_1_2' title="bbox 238 524 1508 3268">
    <p class='ocr_par' dir='ltr' id='par_1_2' title="bbox 399 524 1240 612">
     <span class='ocr_line' id='line_1_3' title="bbox 399 524 1240 612; baseline 0.004 -19"><span class='ocrx_word' id='word_1_5' title='bbox 399 530 440 594; x_wconf 83' lang='grc' dir='ltr'><strong><em>τώ</em></strong></span> <span class='ocrx_word' id='word_1_6' title='bbox 465 527 491 592; x_wconf 82' lang='grc' dir='ltr'><strong><em>δ’</em></strong></span> <span class='ocrx_word' id='word_1_7' title='bbox 514 526 620 609; x_wconf 70' lang='grc' dir='ltr'><strong><em>ἀμφίς</em></strong></span> <span class='ocrx_word' id='word_1_8' title='bbox 643 526 802 610; x_wconf 80' lang='grc' dir='ltr'><strong><em>Φρονέοντε</em></strong></span> <span class='ocrx_word' id='word_1_9' title='bbox 825 527 876 594; x_wconf 89' lang='grc' dir='ltr'><strong><em>δύο</em></strong></span> <span class='ocrx_word' id='word_1_10' title='bbox 900 527 1009 610; x_wconf 80' lang='grc' dir='ltr'><strong><em>Κρόνον</em></strong></span> <span class='ocrx_word' id='word_1_11' title='bbox 1033 524 1079 594; x_wconf 72' lang='lat' dir='ltr'><strong><em>vis</em></strong></span> <span class='ocrx_word' id='word_1_12' title='bbox 1103 525 1240 612; x_wconf 68' lang='lat' dir='ltr'>sperasti</span> 
     </span>
    </p>

    <p class='ocr_par' dir='ltr' id='par_1_3' title="bbox 261 633 1202 807">
     <span class='ocr_line' id='line_1_4' title="bbox 398 633 1202 717; baseline 0.004 -17"><span class='ocrx_word' id='word_1_13' title='bbox 398 634 541 715; x_wconf 88' lang='grc' dir='ltr'><strong><em>άνδράσιν</em></strong></span> <span class='ocrx_word' id='word_1_14' title='bbox 565 634 688 713; x_wconf 72' lang='grc' dir='ltr'><strong><em>ἡρώεσσι</em></strong></span> <span class='ocrx_word' id='word_1_15' title='bbox 713 636 930 716; x_wconf 78' lang='grc' dir='ltr'><strong><em>τετεύχετΟΝ</em></strong></span> <span class='ocrx_word' id='word_1_16' title='bbox 954 633 1063 715; x_wconf 85' lang='grc' dir='ltr'><strong><em>άλγεα</em></strong></span> <span class='ocrx_word' id='word_1_17' title='bbox 1087 635 1202 717; x_wconf 86' lang='grc' dir='ltr'><strong><em>λυγρά.</em></strong></span> 
     </span>
     <span class='ocr_line' id='line_1_5' title="bbox 261 739 458 807; baseline 0.015 -3"><span class='ocrx_word' id='word_1_18' title='bbox 261 745 293 805; x_wconf 88' lang='lat' dir='ltr'><strong><em>st</em></strong></span> <span class='ocrx_word' id='word_1_19' title='bbox 317 751 352 806; x_wconf 90' lang='grc' dir='ltr'><strong><em>Σ.</em></strong></span> <span class='ocrx_word' id='word_1_20' title='bbox 382 739 458 807; x_wconf 79' lang='grc'><strong>583.</strong></span> 
     </span>
    </p>

    <p class='ocr_par' dir='ltr' id='par_1_4' title="bbox 394 846 1148 930">
     <span class='ocr_line' id='line_1_6' title="bbox 394 846 1148 930; baseline 0.004 -18"><span class='ocrx_word' id='word_1_21' title='bbox 394 846 436 912; x_wconf 80' lang='grc' dir='ltr'><strong><em>τὼ</em></strong></span> <span class='ocrx_word' id='word_1_22' title='bbox 460 848 517 926; x_wconf 84' lang='grc' dir='ltr'><strong><em>μὲν</em></strong></span> <span class='ocrx_word' id='word_1_23' title='bbox 540 846 750 929; x_wconf 66' lang='grc' dir='ltr'><strong><em>ἀναρρήξαντε</em></strong></span> <span class='ocrx_word' id='word_1_24' title='bbox 772 848 845 927; x_wconf 79' lang='grc' dir='ltr'><strong><em>βοὸς</em></strong></span> <span class='ocrx_word' id='word_1_25' title='bbox 868 848 1021 928; x_wconf 89' lang='grc' dir='ltr'><strong><em>μεγάλοιο</em></strong></span> <span class='ocrx_word' id='word_1_26' title='bbox 1045 850 1148 930; x_wconf 79' lang='grc' dir='ltr'><strong><em>βοείην</em></strong></span> 
     </span>
    </p>

    <p class='ocr_par' dir='ltr' id='par_1_5' title="bbox 395 950 1098 1038">
     <span class='ocr_line' id='line_1_7' title="bbox 395 950 1098 1038; baseline 0.004 -20"><span class='ocrx_word' id='word_1_27' title='bbox 395 951 522 1031; x_wconf 76' lang='grc' dir='ltr'><strong><em>ἔγκατα</em></strong></span> <span class='ocrx_word' id='word_1_28' title='bbox 545 954 598 1018; x_wconf 82' lang='grc' dir='ltr'><strong><em>καί</em></strong></span> <span class='ocrx_word' id='word_1_29' title='bbox 622 953 726 1032; x_wconf 84' lang='grc' dir='ltr'><strong><em>μέλαν</em></strong></span> <span class='ocrx_word' id='word_1_30' title='bbox 749 950 832 1033; x_wconf 83' lang='grc' dir='ltr'><strong><em>αίμα</em></strong></span> <span class='ocrx_word' id='word_1_31' title='bbox 857 955 1098 1038; x_wconf 81' lang='grc' dir='ltr'><strong><em>λαφύσσετΟΝ.</em></strong></span> 
     </span>
    </p>

    <p class='ocr_par' dir='ltr' id='par_1_6' title="bbox 248 1051 1505 1889">
     <span class='ocr_line' id='line_1_8' title="bbox 300 1051 1415 1141; baseline -0.004 -17"><span class='ocrx_word' id='word_1_32' title='bbox 300 1058 399 1125; x_wconf 89' lang='lat' dir='ltr'>Recte</span> <span class='ocrx_word' id='word_1_33' title='bbox 429 1061 632 1126; x_wconf 79' lang='lat' dir='ltr'>Aristarchus</span> <span class='ocrx_word' id='word_1_34' title='bbox 662 1061 703 1126; x_wconf 83' lang='lat' dir='ltr'>ed</span> <span class='ocrx_word' id='word_1_35' title='bbox 734 1070 772 1126; x_wconf 87' lang='lat' dir='ltr'><strong><em>K.</em></strong></span> <span class='ocrx_word' id='word_1_36' title='bbox 808 1059 883 1128; x_wconf 84' lang='lat'>361.</span> <span class='ocrx_word' id='word_1_37' title='bbox 921 1063 1080 1141; x_wconf 82' lang='grc' dir='ltr'><strong><em>ἐπείγετον</em></strong></span> <span class='ocrx_word' id='word_1_38' title='bbox 1116 1065 1296 1131; x_wconf 80' lang='lat' dir='ltr'>annotavit:</span> <span class='ocrx_word' id='word_1_39' title='bbox 1321 1053 1360 1122; x_wconf 84' lang='grc' dir='ltr'><strong><em>ίτι</em></strong></span> <span class='ocrx_word' id='word_1_40' title='bbox 1381 1051 1415 1132; x_wconf 77' lang='grc' dir='ltr'><strong><em>τώ</em></strong></span> 
     </span>
     <span class='ocr_line' id='line_1_9' title="bbox 255 1157 1415 1249; baseline -0.001 -20"><span class='ocrx_word' id='word_1_41' title='bbox 255 1165 475 1243; x_wconf 73' lang='grc' dir='ltr'><strong><em>ἐπείγετον</em></strong></span> <span class='ocrx_word' id='word_1_42' title='bbox 516 1167 630 1248; x_wconf 76' lang='grc' dir='ltr'><strong><em>δριςικῷ</em></strong></span> <span class='ocrx_word' id='word_1_43' title='bbox 666 1166 735 1231; x_wconf 82' lang='grc' dir='ltr'><strong><em>άντί</em></strong></span> <span class='ocrx_word' id='word_1_44' title='bbox 773 1168 980 1234; x_wconf 82' lang='grc' dir='ltr'><strong><em>ὑποτακτικοῦ</em></strong></span> <span class='ocrx_word' id='word_1_45' title='bbox 1015 1173 1068 1234; x_wconf 80' lang='grc' dir='ltr'><strong><em>τοῦ</em></strong></span> <span class='ocrx_word' id='word_1_46' title='bbox 1103 1170 1320 1249; x_wconf 82' lang='grc' dir='ltr'><strong><em>ἐπείγντον</em></strong></span> <span class='ocrx_word' id='word_1_47' title='bbox 1349 1157 1415 1244; x_wconf 64' lang='lat' dir='ltr'>(edd</span> 
     </span>
     <span class='ocr_line' id='line_1_10' title="bbox 253 1266 1415 1362; baseline 0.006 -27"><span class='ocrx_word' id='word_1_48' title='bbox 253 1271 436 1357; x_wconf 73' lang='grc' dir='ltr'><strong><em>ἐχρήσατο).</em></strong></span> <span class='ocrx_word' id='word_1_49' title='bbox 468 1273 606 1354; x_wconf 73' lang='grc' dir='ltr'><strong><em>ἐπιφέρει</em></strong></span> <span class='ocrx_word' id='word_1_50' title='bbox 637 1272 701 1354; x_wconf 85' lang='grc' dir='ltr'><strong><em>γάρ</em></strong></span> <span class='ocrx_word' id='word_1_51' title='bbox 735 1272 944 1355; x_wconf 76' lang='grc' dir='ltr'><strong><em>προύέρσι,</em></strong></span> <span class='ocrx_word' id='word_1_52' title='bbox 976 1277 1040 1340; x_wconf 86' lang='lat' dir='ltr'>nisi</span> <span class='ocrx_word' id='word_1_53' title='bbox 1070 1276 1154 1360; x_wconf 90' lang='lat' dir='ltr'>quod</span> <span class='ocrx_word' id='word_1_54' title='bbox 1175 1293 1335 1362; x_wconf 73' lang='lat' dir='ltr'><strong>perperam</strong></span> <span class='ocrx_word' id='word_1_55' title='bbox 1353 1266 1415 1333; x_wconf 59' lang='lat' dir='ltr'>(11¹st</span> 
     </span>
     <span class='ocr_line' id='line_1_11' title="bbox 251 1371 1505 1464; baseline 0.006 -24"><span class='ocrx_word' id='word_1_56' title='bbox 251 1377 447 1441; x_wconf 73' lang='lat' dir='ltr'><strong><em>indicativum</em></strong></span> <span class='ocrx_word' id='word_1_57' title='bbox 469 1395 530 1444; x_wconf 79' lang='lat' dir='ltr'>rso</span> <span class='ocrx_word' id='word_1_58' title='bbox 553 1371 739 1444; x_wconf 78' lang='grc' dir='ltr'><strong><em>οοπέοιοοίίνο</em></strong></span> <span class='ocrx_word' id='word_1_59' title='bbox 762 1381 906 1464; x_wconf 88' lang='lat' dir='ltr'>positum</span> <span class='ocrx_word' id='word_1_60' title='bbox 929 1402 1006 1446; x_wconf 87' lang='lat' dir='ltr'>esse.</span> <span class='ocrx_word' id='word_1_61' title='bbox 1053 1377 1284 1449; x_wconf 83' lang='lat' dir='ltr'>Ooniunctivus</span> <span class='ocrx_word' id='word_1_62' title='bbox 1304 1383 1345 1445; x_wconf 84' lang='lat' dir='ltr'>est</span> <span class='ocrx_word' id='word_1_63' title='bbox 1366 1392 1415 1438; x_wconf 62' lang='lat'><strong><em>001²</em></strong></span> <span class='ocrx_word' id='word_1_64' title='bbox 1504 1397 1505 1402; x_wconf 75' lang='grc'>’</span> 
     </span>
     <span class='ocr_line' id='line_1_12' title="bbox 250 1478 1505 1574; baseline -0.005 -26"><span class='ocrx_word' id='word_1_65' title='bbox 250 1491 341 1570; x_wconf 80' lang='lat' dir='ltr'>repta</span> <span class='ocrx_word' id='word_1_66' title='bbox 370 1484 474 1551; x_wconf 80' lang='lat' dir='ltr'>vocali</span> <span class='ocrx_word' id='word_1_67' title='bbox 503 1485 601 1574; x_wconf 81' lang='lat' dir='ltr'>longe</span> <span class='ocrx_word' id='word_1_68' title='bbox 630 1488 724 1551; x_wconf 88' lang='lat' dir='ltr'>utin</span> <span class='ocrx_word' id='word_1_69' title='bbox 748 1485 832 1566; x_wconf 88' lang='grc' dir='ltr'><strong><em>ίομεν</em></strong></span> <span class='ocrx_word' id='word_1_70' title='bbox 857 1492 889 1552; x_wconf 87' lang='lat' dir='ltr'>et</span> <span class='ocrx_word' id='word_1_71' title='bbox 911 1483 960 1552; x_wconf 81' lang='grc' dir='ltr'><strong><em>ἵνα</em></strong></span> <span class='ocrx_word' id='word_1_72' title='bbox 985 1487 1118 1566; x_wconf 82' lang='grc' dir='ltr'><strong><em>εείδομεν</em></strong></span> <span class='ocrx_word' id='word_1_73' title='bbox 1141 1487 1242 1571; x_wconf 80' lang='grc' dir='ltr'><strong><em>άμφο</em></strong></span> <span class='ocrx_word' id='word_1_74' title='bbox 1265 1493 1297 1554; x_wconf 84' lang='lat' dir='ltr'>et</span> <span class='ocrx_word' id='word_1_75' title='bbox 1317 1481 1359 1550; x_wconf 83' lang='grc' dir='ltr'><strong><em>ίνα</em></strong></span> <span class='ocrx_word' id='word_1_76' title='bbox 1375 1478 1415 1544; x_wconf 72' lang='lat' dir='ltr'>rei·</span> <span class='ocrx_word' id='word_1_77' title='bbox 1504 1511 1505 1568; x_wconf 71' lang='lat'><em>}</em></span> 
     </span>
     <span class='ocr_line' id='line_1_13' title="bbox 251 1585 1417 1669; baseline 0 -15"><span class='ocrx_word' id='word_1_78' title='bbox 251 1589 320 1656; x_wconf 86' lang='grc' dir='ltr'><strong><em>δετε</em></strong></span> <span class='ocrx_word' id='word_1_79' title='bbox 350 1589 482 1669; x_wconf 76' lang='grc' dir='ltr'><strong><em>πάντες,</em></strong></span> <span class='ocrx_word' id='word_1_80' title='bbox 516 1597 548 1658; x_wconf 87' lang='lat' dir='ltr'>et</span> <span class='ocrx_word' id='word_1_81' title='bbox 571 1595 643 1657; x_wconf 90' lang='lat' dir='ltr'>sim.</span> <span class='ocrx_word' id='word_1_82' title='bbox 693 1590 756 1658; x_wconf 79' lang='lat' dir='ltr'>Sed</span> <span class='ocrx_word' id='word_1_83' title='bbox 779 1593 855 1658; x_wconf 79' lang='lat' dir='ltr'>cudi</span> <span class='ocrx_word' id='word_1_84' title='bbox 877 1603 961 1659; x_wconf 90' lang='lat' dir='ltr'>nunc</span> <span class='ocrx_word' id='word_1_85' title='bbox 985 1595 1129 1660; x_wconf 87' lang='lat' dir='ltr'>eiusdem</span> <span class='ocrx_word' id='word_1_86' title='bbox 1152 1595 1323 1660; x_wconf 74' lang='lat' dir='ltr'>Aristonici</span> <span class='ocrx_word' id='word_1_87' title='bbox 1342 1585 1417 1654; x_wconf 73' lang='lat' dir='ltr'>Scho</span> 
     </span>
     <span class='ocr_line' id='line_1_14' title="bbox 249 1693 1415 1782; baseline -0.001 -20"><span class='ocrx_word' id='word_1_88' title='bbox 249 1695 315 1762; x_wconf 91' lang='lat' dir='ltr'>lion</span> <span class='ocrx_word' id='word_1_89' title='bbox 332 1697 372 1762; x_wconf 81' lang='lat' dir='ltr'><strong><em>ad</em></strong></span> <span class='ocrx_word' id='word_1_90' title='bbox 391 1704 430 1762; x_wconf 91' lang='lat' dir='ltr'><strong><em>N.</em></strong></span> <span class='ocrx_word' id='word_1_91' title='bbox 455 1695 529 1763; x_wconf 89' lang='grc'><strong>346.</strong></span> <span class='ocrx_word' id='word_1_92' title='bbox 553 1698 684 1774; x_wconf 77' lang='grc' dir='ltr'><strong><em>ἧδιτλῆ</em></strong></span> <span class='ocrx_word' id='word_1_93' title='bbox 706 1693 751 1762; x_wconf 82' lang='grc' dir='ltr'><strong><em>ύτι</em></strong></span> <span class='ocrx_word' id='word_1_94' title='bbox 772 1698 841 1762; x_wconf 81' lang='grc' dir='ltr'><strong><em>άντί</em></strong></span> <span class='ocrx_word' id='word_1_95' title='bbox 858 1704 911 1763; x_wconf 81' lang='grc' dir='ltr'><strong><em>τοῦ</em></strong></span> <span class='ocrx_word' id='word_1_96' title='bbox 936 1699 1205 1782; x_wconf 77' lang='grc' dir='ltr'><strong><em>ἕτευχὲτιρνῆ</em></strong></span> <span class='ocrx_word' id='word_1_97' title='bbox 1234 1699 1415 1779; x_wconf 58' lang='grc' dir='ltr'><strong><em>τεύχοντ’.</em></strong></span> 
     </span>
     <span class='ocr_line' id='line_1_15' title="bbox 248 1802 1381 1889; baseline -0.002 -21"><span class='ocrx_word' id='word_1_98' title='bbox 248 1802 355 1883; x_wconf 77' lang='grc' dir='ltr'><strong><em>χρόνος</em></strong></span> <span class='ocrx_word' id='word_1_99' title='bbox 378 1803 409 1868; x_wconf 76' lang='grc' dir='ltr'><strong><em>δὲ</em></strong></span> <span class='ocrx_word' id='word_1_100' title='bbox 434 1804 610 1879; x_wconf 77' lang='grc' dir='ltr'><strong><em>ἤλλακται·</em></strong></span> <span class='ocrx_word' id='word_1_101' title='bbox 635 1803 681 1872; x_wconf 78' lang='grc' dir='ltr'><strong><em>ἔτι</em></strong></span> <span class='ocrx_word' id='word_1_102' title='bbox 705 1804 769 1883; x_wconf 87' lang='grc' dir='ltr'><strong><em>γάρ</em></strong></span> <span class='ocrx_word' id='word_1_103' title='bbox 794 1804 863 1869; x_wconf 85' lang='grc' dir='ltr'><strong><em>άντί</em></strong></span> <span class='ocrx_word' id='word_1_104' title='bbox 887 1809 941 1869; x_wconf 80' lang='grc' dir='ltr'><strong><em>τοῦ</em></strong></span> <span class='ocrx_word' id='word_1_105' title='bbox 971 1803 1062 1871; x_wconf 82' lang='grc' dir='ltr'><strong><em>ἐτειι</em></strong></span> <span class='ocrx_word' id='word_1_106' title='bbox 1070 1830 1164 1889; x_wconf 81' lang='grc' dir='ltr'><strong><em>χον,</em></strong></span> <span class='ocrx_word' id='word_1_107' title='bbox 1188 1810 1227 1879; x_wconf 72' lang='lat' dir='ltr'><strong><em>cic</em></strong></span> <span class='ocrx_word' id='word_1_108' title='bbox 1251 1807 1301 1872; x_wconf 84' lang='grc' dir='ltr'><strong><em>ἐπί</em></strong></span> <span class='ocrx_word' id='word_1_109' title='bbox 1322 1805 1381 1870; x_wconf 84' lang='grc' dir='ltr'><strong><em>τού·</em></strong></span> 
     </span>
    </p>

    <p class='ocr_par' dir='ltr' id='par_1_7' title="bbox 364 1909 1308 1992">
     <span class='ocr_line' id='line_1_16' title="bbox 364 1909 1308 1992; baseline 0.003 -17"><span class='ocrx_word' id='word_1_110' title='bbox 364 1910 381 1986; x_wconf 78' lang='grc' dir='ltr'>ἢ</span> <span class='ocrx_word' id='word_1_111' title='bbox 406 1910 519 1988; x_wconf 89' lang='grc' dir='ltr'><strong><em>κεμάδ’</em></strong></span> <span class='ocrx_word' id='word_1_112' title='bbox 544 1910 576 1986; x_wconf 75' lang='grc' dir='ltr'><strong><em>ἠὲ</em></strong></span> <span class='ocrx_word' id='word_1_113' title='bbox 600 1909 726 1989; x_wconf 80' lang='grc' dir='ltr'><strong><em>λαγιοδν</em></strong></span> <span class='ocrx_word' id='word_1_114' title='bbox 750 1911 928 1989; x_wconf 88' lang='grc' dir='ltr'><strong><em>ἐπείγετον,</em></strong></span> <span class='ocrx_word' id='word_1_115' title='bbox 951 1911 1019 1976; x_wconf 81' lang='grc' dir='ltr'><strong><em>άντί</em></strong></span> <span class='ocrx_word' id='word_1_116' title='bbox 1045 1918 1097 1978; x_wconf 82' lang='grc' dir='ltr'><strong><em>τοῦ</em></strong></span> <span class='ocrx_word' id='word_1_117' title='bbox 1123 1913 1308 1992; x_wconf 76' lang='grc' dir='ltr'><strong><em>ἤπειγον.</em></strong></span> 
     </span>
    </p>

    <p class='ocr_par' dir='ltr' id='par_1_8' title="bbox 238 2008 1507 2612">
     <span class='ocr_line' id='line_1_17' title="bbox 293 2008 1417 2096; baseline 0 -14"><span class='ocrx_word' id='word_1_118' title='bbox 293 2015 390 2082; x_wconf 87' lang='lat' dir='ltr'>Vides</span> <span class='ocrx_word' id='word_1_119' title='bbox 420 2017 498 2083; x_wconf 87' lang='lat' dir='ltr'>haec</span> <span class='ocrx_word' id='word_1_120' title='bbox 531 2013 672 2083; x_wconf 85' lang='lat' dir='ltr'>adversis</span> <span class='ocrx_word' id='word_1_121' title='bbox 703 2016 861 2082; x_wconf 88' lang='lat' dir='ltr'>frontibus</span> <span class='ocrx_word' id='word_1_122' title='bbox 892 2019 927 2081; x_wconf 92' lang='lat' dir='ltr'><strong><em>in</em></strong></span> <span class='ocrx_word' id='word_1_123' title='bbox 943 2039 977 2083; x_wconf 89' lang='lat' dir='ltr'><strong><em>er</em></strong></span> <span class='ocrx_word' id='word_1_124' title='bbox 1007 2039 1040 2083; x_wconf 90' lang='lat' dir='ltr'>se</span> <span class='ocrx_word' id='word_1_125' title='bbox 1071 2039 1268 2096; x_wconf 86' lang='lat' dir='ltr'>concurrere,</span> <span class='ocrx_word' id='word_1_126' title='bbox 1294 2037 1347 2083; x_wconf 88' lang='lat' dir='ltr'>nec</span> <span class='ocrx_word' id='word_1_127' title='bbox 1365 2008 1417 2076; x_wconf 77' lang='lat' dir='ltr'><strong><em>fieri</em></strong></span> 
     </span>
     <span class='ocr_line' id='line_1_18' title="bbox 247 2115 1416 2207; baseline -0.004 -20"><span class='ocrx_word' id='word_1_128' title='bbox 247 2142 338 2207; x_wconf 88' lang='lat' dir='ltr'>posse</span> <span class='ocrx_word' id='word_1_129' title='bbox 361 2126 399 2187; x_wconf 88' lang='lat' dir='ltr'><strong><em>ut</em></strong></span> <span class='ocrx_word' id='word_1_130' title='bbox 420 2123 623 2188; x_wconf 78' lang='lat' dir='ltr'>Aristarchus</span> <span class='ocrx_word' id='word_1_131' title='bbox 647 2126 680 2188; x_wconf 88' lang='lat' dir='ltr'>et</span> <span class='ocrx_word' id='word_1_132' title='bbox 700 2123 760 2187; x_wconf 89' lang='lat' dir='ltr'><strong><em>hoc</em></strong></span> <span class='ocrx_word' id='word_1_133' title='bbox 781 2126 814 2187; x_wconf 88' lang='lat' dir='ltr'>et</span> <span class='ocrx_word' id='word_1_134' title='bbox 835 2122 919 2187; x_wconf 89' lang='lat' dir='ltr'>illud</span> <span class='ocrx_word' id='word_1_135' title='bbox 937 2124 1097 2203; x_wconf 80' lang='lat' dir='ltr'>docuerit,</span> <span class='ocrx_word' id='word_1_136' title='bbox 1118 2129 1150 2189; x_wconf 86' lang='lat' dir='ltr'>et</span> <span class='ocrx_word' id='word_1_137' title='bbox 1167 2124 1327 2203; x_wconf 86' lang='grc' dir='ltr'><strong><em>ἐπείγετον</em></strong></span> <span class='ocrx_word' id='word_1_138' title='bbox 1342 2115 1416 2186; x_wconf 86' lang='lat' dir='ltr'>nodo</span> 
     </span>
     <span class='ocr_line' id='line_1_19' title="bbox 248 2229 1417 2314; baseline -0.005 -20"><span class='ocrx_word' id='word_1_139' title='bbox 248 2231 487 2294; x_wconf 87' lang='lat' dir='ltr'>coniunctivum</span> <span class='ocrx_word' id='word_1_140' title='bbox 510 2250 576 2294; x_wconf 86' lang='lat' dir='ltr'>esse</span> <span class='ocrx_word' id='word_1_141' title='bbox 598 2231 761 2314; x_wconf 80' lang='lat' dir='ltr'>putaverit</span> <span class='ocrx_word' id='word_1_142' title='bbox 783 2229 879 2294; x_wconf 91' lang='lat' dir='ltr'>modo</span> <span class='ocrx_word' id='word_1_143' title='bbox 904 2229 1072 2296; x_wconf 84' lang='lat' dir='ltr'>indicativi</span> <span class='ocrx_word' id='word_1_144' title='bbox 1092 2253 1233 2314; x_wconf 80' lang='grc' dir='ltr'><strong><em>ρποειεπε</em></strong></span> <span class='ocrx_word' id='word_1_145' title='bbox 1250 2254 1308 2314; x_wconf 74' lang='lat' dir='ltr'><strong><em>pro</em></strong></span> <span class='ocrx_word' id='word_1_146' title='bbox 1335 2229 1417 2308; x_wconf 78' lang='lat' dir='ltr'>imper·</span> 
     </span>
     <span class='ocr_line' id='line_1_20' title="bbox 238 2332 1507 2422; baseline -0.002 -23"><span class='ocrx_word' id='word_1_147' title='bbox 238 2336 338 2421; x_wconf 83' lang='lat' dir='ltr'>fecto.</span> <span class='ocrx_word' id='word_1_148' title='bbox 363 2335 492 2400; x_wconf 89' lang='lat' dir='ltr'>Miseris</span> <span class='ocrx_word' id='word_1_149' title='bbox 510 2336 614 2410; x_wconf 84' lang='lat' dir='ltr'>modis</span> <span class='ocrx_word' id='word_1_150' title='bbox 633 2337 764 2419; x_wconf 84' lang='lat' dir='ltr'>antiqua</span> <span class='ocrx_word' id='word_1_151' title='bbox 783 2333 912 2400; x_wconf 78' lang='lat' dir='ltr'>Scholia</span> <span class='ocrx_word' id='word_1_152' title='bbox 932 2339 1079 2420; x_wconf 84' lang='lat' dir='ltr'>corrupta</span> <span class='ocrx_word' id='word_1_153' title='bbox 1099 2345 1130 2401; x_wconf 89' lang='lat' dir='ltr'>et</span> <span class='ocrx_word' id='word_1_154' title='bbox 1145 2332 1418 2422; x_wconf 78' lang='lat' dir='ltr'>interpolatosunt,</span> <span class='ocrx_word' id='word_1_155' title='bbox 1506 2347 1507 2350; x_wconf 73' lang='grc'>’</span> 
     </span>
     <span class='ocr_line' id='line_1_21' title="bbox 245 2438 1419 2528; baseline -0.002 -23"><span class='ocrx_word' id='word_1_156' title='bbox 245 2462 347 2526; x_wconf 86' lang='lat' dir='ltr'>neque</span> <span class='ocrx_word' id='word_1_157' title='bbox 370 2462 525 2528; x_wconf 85' lang='lat' dir='ltr'>umquem</span> <span class='ocrx_word' id='word_1_158' title='bbox 544 2443 621 2506; x_wconf 84' lang='lat' dir='ltr'>satis</span> <span class='ocrx_word' id='word_1_159' title='bbox 641 2443 746 2507; x_wconf 80' lang='lat' dir='ltr'>cereri</span> <span class='ocrx_word' id='word_1_160' title='bbox 766 2445 871 2526; x_wconf 89' lang='lat' dir='ltr'>potest</span> <span class='ocrx_word' id='word_1_161' title='bbox 891 2461 930 2506; x_wconf 92' lang='lat' dir='ltr'>ne</span> <span class='ocrx_word' id='word_1_162' title='bbox 952 2442 1071 2507; x_wconf 89' lang='lat' dir='ltr'>nubem</span> <span class='ocrx_word' id='word_1_163' title='bbox 1092 2463 1149 2527; x_wconf 94' lang='lat' dir='ltr'>pro</span> <span class='ocrx_word' id='word_1_164' title='bbox 1165 2442 1285 2508; x_wconf 89' lang='lat' dir='ltr'>Iunone</span> <span class='ocrx_word' id='word_1_165' title='bbox 1304 2438 1419 2526; x_wconf 85' lang='lat' dir='ltr'>amplec-</span> 
     </span>
     <span class='ocr_line' id='line_1_22' title="bbox 249 2531 1288 2612; baseline 0.004 -2"><span class='ocrx_word' id='word_1_166' title='bbox 249 2551 369 2612; x_wconf 81' lang='lat' dir='ltr'>tcmur.</span> <span class='ocrx_word' id='word_1_167' title='bbox 396 2531 397 2534; x_wconf 21' lang='lat'>¹</span> <span class='ocrx_word' id='word_1_168' title='bbox 771 2545 775 2552; x_wconf 80' lang='grc'><strong>“</strong></span> <span class='ocrx_word' id='word_1_169' title='bbox 1287 2599 1288 2606; x_wconf 50' lang='grc'><strong>.</strong></span> 
     </span>
    </p>

    <p class='ocr_par' dir='ltr' id='par_1_9' title="bbox 244 2647 1418 3053">
     <span class='ocr_line' id='line_1_23' title="bbox 292 2647 1418 2742; baseline -0.002 -24"><span class='ocrx_word' id='word_1_170' title='bbox 292 2653 343 2718; x_wconf 86' lang='lat' dir='ltr'><strong><em>Ad</em></strong></span> <span class='ocrx_word' id='word_1_171' title='bbox 373 2663 411 2718; x_wconf 88' lang='grc' dir='ltr'><strong><em>Σ.</em></strong></span> <span class='ocrx_word' id='word_1_172' title='bbox 445 2650 520 2718; x_wconf 82' lang='grc'><strong>583.</strong></span> <span class='ocrx_word' id='word_1_173' title='bbox 551 2653 689 2742; x_wconf 80' lang='lat' dir='ltr'>legitur:</span> <span class='ocrx_word' id='word_1_174' title='bbox 721 2653 940 2736; x_wconf 76' lang='grc' dir='ltr'><strong><em>λαφύσσετοντ</em></strong></span> <span class='ocrx_word' id='word_1_175' title='bbox 973 2652 1032 2718; x_wconf 81' lang='grc' dir='ltr'><strong><em>ἔδει</em></strong></span> <span class='ocrx_word' id='word_1_176' title='bbox 1064 2652 1115 2717; x_wconf 83' lang='grc' dir='ltr'><strong><em>διά</em></strong></span> <span class='ocrx_word' id='word_1_177' title='bbox 1147 2655 1200 2719; x_wconf 78' lang='grc' dir='ltr'><strong><em>τοῦ</em></strong></span> <span class='ocrx_word' id='word_1_178' title='bbox 1232 2661 1272 2720; x_wconf 89' lang='grc' dir='ltr'><strong><em>Η.</em></strong></span> <span class='ocrx_word' id='word_1_179' title='bbox 1303 2647 1418 2730; x_wconf 75' lang='grc' dir='ltr'><strong><em>ἢτάχν</em></strong></span> 
     </span>
     <span class='ocr_line' id='line_1_24' title="bbox 247 2757 1417 2845; baseline 0.005 -23"><span class='ocrx_word' id='word_1_180' title='bbox 247 2758 353 2832; x_wconf 79' lang='grc' dir='ltr'><strong><em>ἐνεςώς</em></strong></span> <span class='ocrx_word' id='word_1_181' title='bbox 383 2759 446 2828; x_wconf 78' lang='grc' dir='ltr'><strong><em>ἐτιν</em></strong></span> <span class='ocrx_word' id='word_1_182' title='bbox 472 2761 542 2826; x_wconf 81' lang='grc' dir='ltr'><strong><em>άντί</em></strong></span> <span class='ocrx_word' id='word_1_183' title='bbox 577 2760 814 2842; x_wconf 79' lang='grc' dir='ltr'><strong><em>παρῳχνκίτος.</em></strong></span> <span class='ocrx_word' id='word_1_184' title='bbox 845 2765 878 2824; x_wconf 93' lang='lat' dir='ltr'>et</span> <span class='ocrx_word' id='word_1_185' title='bbox 907 2760 992 2845; x_wconf 80' lang='lat' dir='ltr'>apud</span> <span class='ocrx_word' id='word_1_186' title='bbox 1022 2761 1258 2825; x_wconf 81' lang='lat' dir='ltr'>Aristonicum:</span> <span class='ocrx_word' id='word_1_187' title='bbox 1291 2762 1307 2836; x_wconf 73' lang='lat' dir='ltr'><strong><em>si</em></strong></span> <span class='ocrx_word' id='word_1_188' title='bbox 1341 2757 1417 2827; x_wconf 70' lang='grc' dir='ltr'><strong><em>διπλῆ</em></strong></span> 
     </span>
     <span class='ocr_line' id='line_1_25' title="bbox 244 2857 1417 2951; baseline -0.002 -22"><span class='ocrx_word' id='word_1_189' title='bbox 244 2860 291 2929; x_wconf 82' lang='grc' dir='ltr'><strong><em>ύτι</em></strong></span> <span class='ocrx_word' id='word_1_190' title='bbox 325 2865 432 2947; x_wconf 79' lang='grc' dir='ltr'><strong><em>χρύνος</em></strong></span> <span class='ocrx_word' id='word_1_191' title='bbox 466 2867 636 2943; x_wconf 73' lang='grc' dir='ltr'><strong><em>ἤλλακται.</em></strong></span> <span class='ocrx_word' id='word_1_192' title='bbox 671 2866 706 2930; x_wconf 84' lang='grc' dir='ltr'><strong><em>τὸ</em></strong></span> <span class='ocrx_word' id='word_1_193' title='bbox 741 2865 804 2944; x_wconf 81' lang='grc' dir='ltr'><strong><em>γάρ</em></strong></span> <span class='ocrx_word' id='word_1_194' title='bbox 840 2865 1110 2941; x_wconf 76' lang='grc' dir='ltr'><strong><em>λαφύσσετον</em></strong></span> <span class='ocrx_word' id='word_1_195' title='bbox 1144 2865 1228 2951; x_wconf 80' lang='lat' dir='ltr'>(add</span> <span class='ocrx_word' id='word_1_196' title='bbox 1266 2865 1333 2931; x_wconf 76' lang='lat' dir='ltr'>cirri</span> <span class='ocrx_word' id='word_1_197' title='bbox 1364 2857 1417 2944; x_wconf 79' lang='grc' dir='ltr'><strong><em>τοῦ)</em></strong></span> 
     </span>
     <span class='ocr_line' id='line_1_26' title="bbox 245 2967 953 3053; baseline 0.003 -19"><span class='ocrx_word' id='word_1_198' title='bbox 245 2971 512 3053; x_wconf 81' lang='grc' dir='ltr'><strong><em>λαφύσσονσι</em></strong></span> <span class='ocrx_word' id='word_1_199' title='bbox 536 2971 747 3051; x_wconf 79' lang='grc' dir='ltr'><strong><em>παρείληπται</em></strong></span> <span class='ocrx_word' id='word_1_200' title='bbox 771 2967 870 3048; x_wconf 81' lang='grc' dir='ltr'><strong><em>ύμοιον</em></strong></span> <span class='ocrx_word' id='word_1_201' title='bbox 894 2973 953 3051; x_wconf 80' lang='grc' dir='ltr'><strong><em>τῷ·</em></strong></span> 
     </span>
    </p>

    <p class='ocr_par' dir='ltr' id='par_1_10' title="bbox 245 3074 1508 3268">
     <span class='ocr_line' id='line_1_27' title="bbox 498 3074 1183 3163; baseline -0.003 -20"><span class='ocrx_word' id='word_1_202' title='bbox 498 3082 576 3143; x_wconf 82' lang='grc' dir='ltr'><strong><em>λαοῦ</em></strong></span> <span class='ocrx_word' id='word_1_203' title='bbox 601 3076 826 3155; x_wconf 77' lang='grc' dir='ltr'><strong><em>άποτμνίξαντε</em></strong></span> <span class='ocrx_word' id='word_1_204' title='bbox 851 3075 990 3142; x_wconf 74' lang='grc' dir='ltr'><strong><em>διώκετον</em></strong></span> <span class='ocrx_word' id='word_1_205' title='bbox 1015 3079 1065 3163; x_wconf 88' lang='lat' dir='ltr'><strong><em>(K.</em></strong></span> <span class='ocrx_word' id='word_1_206' title='bbox 1091 3074 1183 3161; x_wconf 83' lang='lat'><strong>364.)</strong></span> 
     </span>
     <span class='ocr_line' id='line_1_28' title="bbox 245 3179 1508 3268; baseline -0.004 -23"><span class='ocrx_word' id='word_1_207' title='bbox 245 3182 286 3246; x_wconf 82' lang='lat' dir='ltr'>ed</span> <span class='ocrx_word' id='word_1_208' title='bbox 309 3203 404 3268; x_wconf 89' lang='lat' dir='ltr'>quem</span> <span class='ocrx_word' id='word_1_209' title='bbox 426 3185 533 3250; x_wconf 89' lang='lat' dir='ltr'>locum</span> <span class='ocrx_word' id='word_1_210' title='bbox 557 3185 773 3249; x_wconf 84' lang='lat' dir='ltr'>Aristonicus:</span> <span class='ocrx_word' id='word_1_211' title='bbox 799 3182 932 3258; x_wconf 66' lang='lat' dir='ltr'>directuri</span> <span class='ocrx_word' id='word_1_212' title='bbox 954 3179 999 3247; x_wconf 85' lang='grc' dir='ltr'><strong><em>ύτι</em></strong></span> <span class='ocrx_word' id='word_1_213' title='bbox 1021 3182 1055 3247; x_wconf 85' lang='grc' dir='ltr'><strong><em>τὸ</em></strong></span> <span class='ocrx_word' id='word_1_214' title='bbox 1080 3184 1272 3248; x_wconf 82' lang='grc' dir='ltr'><strong><em>διώκετον</em></strong></span> <span class='ocrx_word' id='word_1_215' title='bbox 1295 3180 1416 3260; x_wconf 74' lang='grc' dir='ltr'><strong><em>σημαίνει</em></strong></span> <span class='ocrx_word' id='word_1_216' title='bbox 1507 3235 1508 3240; x_wconf 73' lang='grc'>,</span> 
     </span>
    </p>
   </div>
   <div class='ocr_carea' id='block_1_3' title="bbox 246 3287 1508 3375">
    <p class='ocr_par' dir='ltr' id='par_1_11' title="bbox 246 3287 1508 3375">
     <span class='ocr_line' id='line_1_29' title="bbox 246 3287 1508 3375; baseline 0.003 -23"><span class='ocrx_word' id='word_1_217' title='bbox 246 3287 453 3356; x_wconf 79' lang='grc' dir='ltr'><strong><em>διώκουσιν</em></strong></span> <span class='ocrx_word' id='word_1_218' title='bbox 489 3292 506 3366; x_wconf 76' lang='grc' dir='ltr'>ἢ</span> <span class='ocrx_word' id='word_1_219' title='bbox 540 3290 724 3373; x_wconf 83' lang='grc' dir='ltr'><strong><em>διώκετε,</em></strong></span> <span class='ocrx_word' id='word_1_220' title='bbox 758 3293 790 3355; x_wconf 88' lang='grc' dir='ltr'><strong><em>ού</em></strong></span> <span class='ocrx_word' id='word_1_221' title='bbox 826 3289 861 3354; x_wconf 80' lang='grc' dir='ltr'><strong><em>τὸ</em></strong></span> <span class='ocrx_word' id='word_1_222' title='bbox 899 3287 1104 3375; x_wconf 81' lang='grc' dir='ltr'><strong><em>(ε’)διοικέτιρν,</em></strong></span> <span class='ocrx_word' id='word_1_223' title='bbox 1136 3291 1174 3360; x_wconf 70' lang='lat' dir='ltr'><strong><em>cic</em></strong></span> <span class='ocrx_word' id='word_1_224' title='bbox 1210 3287 1414 3371; x_wconf 65' lang='grc' dir='ltr'><strong><em>Ἐρατοσύένοώ</em></strong></span> <span class='ocrx_word' id='word_1_225' title='bbox 1507 3369 1508 3372; x_wconf 9' lang='lat'>¹</span> 
     </span>
    </p>
   </div>
   <div class='ocr_carea' id='block_1_4' title="bbox 218 3387 1429 4325">
    <p class='ocr_par' dir='ltr' id='par_1_12' title="bbox 244 3387 1393 3689">
     <span class='ocr_line' id='line_1_30' title="bbox 245 3387 1393 3474; baseline -0.004 -16"><span class='ocrx_word' id='word_1_226' title='bbox 245 3392 307 3462; x_wconf 77' lang='grc' dir='ltr'><strong><em>ἐςιν</em></strong></span> <span class='ocrx_word' id='word_1_227' title='bbox 331 3393 393 3462; x_wconf 86' lang='grc' dir='ltr'><strong><em>ούν·</em></strong></span> <span class='ocrx_word' id='word_1_228' title='bbox 418 3396 469 3462; x_wconf 78' lang='grc' dir='ltr'><strong><em>τὸν</em></strong></span> <span class='ocrx_word' id='word_1_229' title='bbox 494 3395 624 3460; x_wconf 81' lang='grc' dir='ltr'><strong><em>Δόλωνα</em></strong></span> <span class='ocrx_word' id='word_1_230' title='bbox 649 3395 865 3460; x_wconf 85' lang='grc' dir='ltr'><strong><em>διώκουσιν</em></strong></span> <span class='ocrx_word' id='word_1_231' title='bbox 889 3397 959 3458; x_wconf 87' lang='grc' dir='ltr'><strong><em>άντί</em></strong></span> <span class='ocrx_word' id='word_1_232' title='bbox 984 3399 1037 3458; x_wconf 83' lang='grc' dir='ltr'><strong><em>τοῦ</em></strong></span> <span class='ocrx_word' id='word_1_233' title='bbox 1063 3393 1226 3459; x_wconf 80' lang='grc' dir='ltr'><strong><em>ἐδίωκον</em></strong></span> <span class='ocrx_word' id='word_1_234' title='bbox 1251 3387 1281 3460; x_wconf 81' lang='grc' dir='ltr'><strong><em>ύν</em></strong></span> <span class='ocrx_word' id='word_1_235' title='bbox 1300 3392 1393 3474; x_wconf 88' lang='grc' dir='ltr'><strong><em>τρίπον</em></strong></span> 
     </span>
     <span class='ocr_line' id='line_1_31' title="bbox 427 3495 1218 3588; baseline -0.003 -22"><span class='ocrx_word' id='word_1_236' title='bbox 427 3495 462 3567; x_wconf 81' lang='grc' dir='ltr'><strong><em>αί</em></strong></span> <span class='ocrx_word' id='word_1_237' title='bbox 484 3505 541 3581; x_wconf 81' lang='grc' dir='ltr'><strong><em>μὲν</em></strong></span> <span class='ocrx_word' id='word_1_238' title='bbox 564 3501 830 3582; x_wconf 88' lang='grc' dir='ltr'><strong><em>άλετρεύοιισι</em></strong></span> <span class='ocrx_word' id='word_1_239' title='bbox 855 3501 956 3582; x_wconf 78' lang='grc' dir='ltr'><strong><em>μύλρε</em></strong></span> <span class='ocrx_word' id='word_1_240' title='bbox 983 3498 1032 3565; x_wconf 88' lang='grc' dir='ltr'><strong><em>ἐπι</em></strong></span> <span class='ocrx_word' id='word_1_241' title='bbox 1060 3501 1100 3584; x_wconf 81' lang='grc' dir='ltr'><strong><em>(ν.</em></strong></span> <span class='ocrx_word' id='word_1_242' title='bbox 1128 3499 1218 3588; x_wconf 81' lang='grc'><strong>104.)</strong></span> 
     </span>
     <span class='ocr_line' id='line_1_32' title="bbox 244 3608 640 3689; baseline 0 -15"><span class='ocrx_word' id='word_1_243' title='bbox 244 3609 312 3674; x_wconf 84' lang='grc' dir='ltr'><strong><em>άντί</em></strong></span> <span class='ocrx_word' id='word_1_244' title='bbox 336 3613 389 3674; x_wconf 79' lang='grc' dir='ltr'><strong><em>τοῦ</em></strong></span> <span class='ocrx_word' id='word_1_245' title='bbox 415 3608 640 3689; x_wconf 77' lang='grc' dir='ltr'><strong><em>ἦλέτρειιον.</em></strong></span> 
     </span>
    </p>

    <p class='ocr_par' dir='ltr' id='par_1_13' title="bbox 218 3711 1429 4214">
     <span class='ocr_line' id='line_1_33' title="bbox 218 3711 1417 3807; baseline -0.005 -27"><span class='ocrx_word' id='word_1_246' title='bbox 218 3802 220 3807; x_wconf 24' lang='grc'><strong>,</strong></span> <span class='ocrx_word' id='word_1_247' title='bbox 289 3714 380 3780; x_wconf 89' lang='lat' dir='ltr'>Nihil</span> <span class='ocrx_word' id='word_1_248' title='bbox 411 3718 455 3780; x_wconf 89' lang='lat' dir='ltr'><strong><em>sic</em></strong></span> <span class='ocrx_word' id='word_1_249' title='bbox 485 3713 670 3799; x_wconf 87' lang='lat' dir='ltr'>proficimus</span> <span class='ocrx_word' id='word_1_250' title='bbox 699 3735 800 3798; x_wconf 88' lang='lat' dir='ltr'>neque</span> <span class='ocrx_word' id='word_1_251' title='bbox 833 3735 872 3780; x_wconf 84' lang='lat' dir='ltr'>ex</span> <span class='ocrx_word' id='word_1_252' title='bbox 902 3713 1059 3779; x_wconf 87' lang='lat' dir='ltr'>molestiis</span> <span class='ocrx_word' id='word_1_253' title='bbox 1083 3713 1279 3798; x_wconf 84' lang='lat' dir='ltr'>expedimur.</span> <span class='ocrx_word' id='word_1_254' title='bbox 1324 3711 1417 3794; x_wconf 84' lang='lat' dir='ltr'>Neque</span> 
     </span>
     <span class='ocr_line' id='line_1_34' title="bbox 244 3819 1417 3905; baseline -0.005 -19"><span class='ocrx_word' id='word_1_255' title='bbox 244 3822 331 3886; x_wconf 88' lang='lat' dir='ltr'>enim</span> <span class='ocrx_word' id='word_1_256' title='bbox 363 3822 547 3900; x_wconf 81' lang='grc' dir='ltr'><strong><em>ἐτεύχετον,</em></strong></span> <span class='ocrx_word' id='word_1_257' title='bbox 578 3821 794 3905; x_wconf 78' lang='grc' dir='ltr'><strong><em>λαφύσσετον,</em></strong></span> <span class='ocrx_word' id='word_1_258' title='bbox 827 3819 965 3885; x_wconf 88' lang='grc' dir='ltr'><strong><em>διώκετον</em></strong></span> <span class='ocrx_word' id='word_1_259' title='bbox 987 3825 1157 3903; x_wconf 77' lang='lat' dir='ltr'>praesectis</span> <span class='ocrx_word' id='word_1_260' title='bbox 1186 3821 1335 3905; x_wconf 85' lang='lat' dir='ltr'>temporis</span> <span class='ocrx_word' id='word_1_261' title='bbox 1364 3831 1417 3880; x_wconf 75' lang='lat' dir='ltr'>esse</span> 
     </span>
     <span class='ocr_line' id='line_1_35' title="bbox 244 3922 1415 4012; baseline -0.007 -20"><span class='ocrx_word' id='word_1_262' title='bbox 244 3931 393 4012; x_wconf 87' lang='lat' dir='ltr'>possunt,</span> <span class='ocrx_word' id='word_1_263' title='bbox 425 3935 458 3992; x_wconf 87' lang='lat' dir='ltr'>et</span> <span class='ocrx_word' id='word_1_264' title='bbox 481 3949 625 4010; x_wconf 82' lang='grc' dir='ltr'><strong><em>ρναοεοιιε</em></strong></span> <span class='ocrx_word' id='word_1_265' title='bbox 653 3943 714 3991; x_wconf 81' lang='lat' dir='ltr'>rso</span> <span class='ocrx_word' id='word_1_266' title='bbox 737 3942 936 3991; x_wconf 79' lang='lat' dir='ltr'>urrunnucro</span> <span class='ocrx_word' id='word_1_267' title='bbox 960 3927 1069 4010; x_wconf 83' lang='lat' dir='ltr'>inepta</span> <span class='ocrx_word' id='word_1_268' title='bbox 1093 3929 1126 3989; x_wconf 89' lang='lat' dir='ltr'>et</span> <span class='ocrx_word' id='word_1_269' title='bbox 1148 3924 1285 3990; x_wconf 79' lang='lat' dir='ltr'>absurde</span> <span class='ocrx_word' id='word_1_270' title='bbox 1306 3944 1350 3988; x_wconf 91' lang='lat' dir='ltr'><strong><em>res</em></strong></span> <span class='ocrx_word' id='word_1_271' title='bbox 1369 3922 1415 3984; x_wconf 89' lang='lat' dir='ltr'>est.</span> 
     </span>
     <span class='ocr_line' id='line_1_36' title="bbox 245 4028 1429 4120; baseline -0.002 -24"><span class='ocrx_word' id='word_1_272' title='bbox 245 4030 425 4098; x_wconf 82' lang='lat' dir='ltr'>Haeremus</span> <span class='ocrx_word' id='word_1_273' title='bbox 447 4034 549 4120; x_wconf 81' lang='lat' dir='ltr'>igitur</span> <span class='ocrx_word' id='word_1_274' title='bbox 572 4036 603 4096; x_wconf 88' lang='lat' dir='ltr'>et</span> <span class='ocrx_word' id='word_1_275' title='bbox 627 4037 778 4116; x_wconf 82' lang='lat' dir='ltr'>quaerant</span> <span class='ocrx_word' id='word_1_276' title='bbox 802 4033 968 4097; x_wconf 81' lang='lat' dir='ltr'>acutiores.</span> <span class='ocrx_word' id='word_1_277' title='bbox 993 4031 1104 4114; x_wconf 89' lang='lat' dir='ltr'>Neque</span> <span class='ocrx_word' id='word_1_278' title='bbox 1125 4028 1215 4095; x_wconf 92' lang='lat' dir='ltr'>locus</span> <span class='ocrx_word' id='word_1_279' title='bbox 1239 4051 1278 4095; x_wconf 83' lang='lat' dir='ltr'>ex</span> <span class='ocrx_word' id='word_1_280' title='bbox 1296 4029 1429 4116; x_wconf 25' lang='lat' dir='ltr'>Odyssea.</span> 
     </span>
     <span class='ocr_line' id='line_1_37' title="bbox 246 4137 769 4214; baseline 0.002 -12"><span class='ocrx_word' id='word_1_281' title='bbox 246 4164 274 4214; x_wconf 79' lang='lat' dir='ltr'><strong><em>n.</em></strong></span> <span class='ocrx_word' id='word_1_282' title='bbox 302 4137 376 4203; x_wconf 83' lang='lat'>104.</span> <span class='ocrx_word' id='word_1_283' title='bbox 403 4139 467 4204; x_wconf 86' lang='lat' dir='ltr'><strong><em>huc</em></strong></span> <span class='ocrx_word' id='word_1_284' title='bbox 490 4138 661 4204; x_wconf 86' lang='lat' dir='ltr'>trahendus</span> <span class='ocrx_word' id='word_1_285' title='bbox 685 4145 769 4203; x_wconf 85' lang='lat' dir='ltr'>erat:</span> 
     </span>
    </p>

    <p class='ocr_par' dir='ltr' id='par_1_14' title="bbox 404 4236 1249 4325">
     <span class='ocr_line' id='line_1_38' title="bbox 404 4236 1249 4325; baseline -0.002 -15"><span class='ocrx_word' id='word_1_286' title='bbox 404 4236 439 4310; x_wconf 80' lang='grc' dir='ltr'><strong><em>αἳ</em></strong></span> <span class='ocrx_word' id='word_1_287' title='bbox 462 4243 518 4322; x_wconf 86' lang='grc' dir='ltr'><strong><em>μέν</em></strong></span> <span class='ocrx_word' id='word_1_288' title='bbox 543 4245 738 4324; x_wconf 85' lang='grc' dir='ltr'><strong><em>άλετρεύουσι</em></strong></span> <span class='ocrx_word' id='word_1_289' title='bbox 762 4244 863 4325; x_wconf 77' lang='grc' dir='ltr'><strong><em>μύλρς</em></strong></span> <span class='ocrx_word' id='word_1_290' title='bbox 891 4241 941 4308; x_wconf 80' lang='grc' dir='ltr'><strong><em>ἐπι</em></strong></span> <span class='ocrx_word' id='word_1_291' title='bbox 964 4244 1096 4320; x_wconf 76' lang='grc' dir='ltr'><strong><em>μήλοπα</em></strong></span> <span class='ocrx_word' id='word_1_292' title='bbox 1123 4243 1249 4322; x_wconf 78' lang='grc' dir='ltr'><strong><em>καρπόν.</em></strong></span> 
     </span>
    </p>
   </div>
   <div class='ocr_carea' id='block_1_5' title="bbox 0 0 1530 4970">
    <p class='ocr_par' dir='ltr' id='par_1_15' title="bbox 0 0 1530 4970">
     <span class='ocr_line' id='line_1_39' title="bbox 0 0 1530 4970; baseline 0 2"><span class='ocrx_word' id='word_1_293' title='bbox 0 0 1530 4970; x_wconf 95' lang='lat' dir='ltr'><strong><em> </em></strong></span> 
     </span>
    </p>
   </div>
  </div>
 </body>
</html>
