3034 4968
634 227 699 299 157

106 423 149 483 ant
178 418 322 505 loquatur
353 422 520 503 tamquam
552 420 620 503 ipse
651 423 718 484 suis
747 417 854 486 verbis
884 418 1066 508 significans
1095 423 1267 490 inducitur.

105 523 268 607 ἐμακάριζον
300 527 355 599 την
388 524 507 604 μητέρος
541 521 606 591 οἵων
637 524 747 589 τέκνον
778 525 903 606 ἐκύρησε
933 528 1062 612 perinde
1091 534 1140 594 est
1171 551 1207 595 ao
1241 531 1268 595 si

105 630 232 698 dixisset:
263 630 485 711 μακαρίζοντες
508 628 617 708 ἔλεγον
648 627 741 708 „cicc
764 629 874 696 τέκνων
899 631 1083 713 ε’κύρησοις1”
1114 641 1146 700 ei
1167 638 1212 700 sio
1234 638 1268 700 in

103 741 212 802 caeteris
235 739 395 804 omnibus.
426 736 533 825 Igitur
551 739 607 821 qui
626 738 885 824 indignabundus
904 740 988 825 apud
1007 761 1040 806 se
1059 743 1181 829 cogitat
1199 738 1268 813 οἵοις

103 844 212 916 ητύλις
243 845 432 921 συμβούλοις
462 840 597 923 χρητοιιῐ
634 843 672 908 de
703 863 739 908 eo
771 844 887 909 dicitur
919 846 1098 923 ύγιινοικτεῐ
1127 844 1267 920 cirici

102 948 173 1022 τύλις
195 950 383 1028 συμβούλοις
406 956 541 1030 misce,
567 953 599 1014 et
621 969 677 1034 pro
700 946 768 1021 οἵοις
792 952 820 1014 si
843 952 915 1034 quis
934 951 1027 1024 ιιοιόις
1049 952 1152 1017 dicere
1170 950 1269 1017 vellet

102 1054 214 1121 absurde
243 1056 433 1142 loqueretur.
482 1055 532 1119 Ex
563 1055 706 1120 eiusdem
734 1057 781 1119 rei
813 1056 1030 1122 observatione
1053 1056 1269 1122 emendandus

102 1165 140 1223 est
163 1161 246 1227 locus
274 1162 403 1227 Libonii
433 1160 490 1227 ΙΠ.
526 1158 602 1225 191.
627 1160 658 1224 4.
682 1161 734 1226 τδν
758 1159 880 1241 τοιτέροι
904 1186 946 1226 τε
971 1163 1101 1243 λέγων
1126 1164 1193 1228 xci
1219 1158 1267 1227 οἷον

101 1266 255 1344 ἠδικημένος
279 1262 328 1332 οἷοι
353 1272 497 1331 τοιούντοο
519 1267 571 1331 τὸν
594 1267 696 1332 carra
719 1266 772 1349 ὁρᾷ
796 1269 848 1332 τὸν
866 1269 997 1346 εὀιντού,
1022 1271 1194 1337 imovero:
1216 1268 1267 1333 ric

102 1373 202 1453 τοτὲροι
226 1376 346 1438 ἐλεῶν
366 1370 416 1439 οἷον
440 1372 626 1450 ἠδικημένος.

135 1479 244 1545 iisdem
268 1501 363 1565 opera
384 1480 636 1546 subveniendum
660 1479 818 1546 Dinarcho
843 1482 929 1546 κιιτδι
954 1480 1163 1559 Δημοσθένους
1187 1501 1262 1569 pag.

100 1582 143 1649 92.
165 1585 214 1651 34.
245 1587 371 1664 ἑτοίμων
394 1585 564 1664 γενομένων
588 1590 646 1650 τῶν
673 1584 831 1666 Ἀρκοὶδοιν
855 1587 976 1665 βοηύεΐν
999 1588 1050 1652 κού
1076 1585 1267 1663 ἐλεησάντων

99 1690 122 1752 ἐν
142 1687 178 1764 οἷς
200 1691 275 1767 dccv
298 1699 416 1764 κοικοῖς.
440 1694 492 1757 cui
514 1692 701 1758 reddamus:
727 1693 756 1755 ε’ν
783 1702 900 1758 OIOIC
924 1689 1001 1768 ἦσοιν
1024 1701 1142 1767 κοικοῖς.

134 1797 300 1864 Εισειιύοδο
337 1798 422 1883 apud
453 1797 626 1864 Libaninm
659 1797 714 1863 IV.
739 1797 816 1864 400.
842 1797 895 1864 15.
930 1800 1093 1865 scribitur:
1130 1797 1269 1880 ςενύζειν

98 1895 138 1964 οἶοι
157 1904 217 1968 aas
239 1901 302 1970 cibo
327 1903 500 1985 κομίζετοι.

496 2117 553 2192 ’0,
580 2115 596 2188 ἡ
622 2119 698 2190 σῶς,
721 2113 756 2178 τὸ
780 2119 850 2182 σῶν.

132 2266 276 2333 Libanius
298 2269 333 2331 in
356 2267 407 2331 nis
429 2266 541 2332 formis
568 2265 750 2330 Atticorum
773 2263 1034 2331 consuetudinem
1059 2271 1186 2332 secutus
1209 2273 1267 2334 est.

96 2367 246 2457 sequiores
268 2394 324 2459 pro
349 2375 366 2447 ἡ
391 2378 449 2443 σῶς
470 2373 486 2445 η
510 2373 575 2436 σῶοι
601 2370 838 2435 substituebant
856 2377 888 2436 et
909 2377 982 2436 σῶον
1002 2379 1268 2457 proconesson

95 2497 142 2560 pro
161 2484 212 2544 σῶ.
257 2478 433 2544 Emendate
463 2477 584 2566 legitur
608 2474 662 2541 IV.
688 2472 763 2540 337.
790 2475 821 2540 2.
846 2483 905 2549 σῶς
929 2477 986 2555 μὲν
1011 2481 1027 2553 η
1053 2479 1184 2558 respic,
1210 2486 1267 2552 σῶς

95 2583 120 2647 δὲ
144 2588 159 2660 η
184 2585 310 2655 Ἑλλάς.
335 2589 373 2648 ut
395 2584 479 2668 apud
502 2582 767 2667 Aristophanem:

260 2689 352 2762 ούτοις
379 2688 417 2754 ῶν
441 2692 513 2766 ἡμῖν
539 2691 555 2763 η
581 2688 668 2760 πόλις
693 2685 818 2764 μύλιςοι
843 2693 900 2760 σῶς
923 2687 961 2752 διν
986 2687 1042 2761 ε7η.

94 2798 140 2862 sed
159 2800 270 2864 vitiose
292 2796 346 2860 IV.
371 2793 448 2861 826.
474 2793 524 2858 14.
551 2793 589 2857 σὺ
608 2795 665 2870 μὲν
685 2790 719 2872 (ὦ
743 2793 858 2880 Θησεῦ)
881 2793 993 2876 ᾤκισοις
1012 2797 1067 2868 την
1087 2796 1186 2873 τιύλιν,
1207 2799 1268 2876 syo

93 2901 119 2965 δὲ
141 2903 223 2968 σύΑν
251 2904 393 2981 ἒτηρησοι.
440 2900 538 2966 Recte
564 2899 714 2964 scribitur
736 2899 760 2964 I.
788 2898 864 2964 625.
891 2899 943 2963 15.
969 2902 994 2964 εἰ
1018 2908 1076 2974 σῶς
1103 2904 1267 2968 ε’τοὶνεισιν.

94 3013 120 3071 et
139 3008 179 3074 II.
202 3009 276 3074 201.
301 3009 335 3072 τὸ
359 3016 414 3081 τῆς
438 3006 551 3086 Τύχης
577 3011 634 3070 σῶν
660 3004 721 3070 isia
742 3004 834 3084 ἱερόν,
859 3005 914 3071 sed
933 3026 1098 3090 perperam
1116 3006 1169 3071 IV.
1193 3006 1268 3073 142.

95 3111 140 3179 18.
162 3122 248 3181 σῶον
272 3113 329 3194 μέν
354 3113 401 3183 ἕςί
423 3136 475 3190 μοι
500 3112 534 3176 τὸ
559 3118 661 3190 σῶμιι.

250 3328 326 3407 oux
351 3321 430 3397 νιος
455 3321 529 3411 (σος
552 3319 611 3409 νο)
637 3359 677 3370 -
703 3321 793 3387 ιλιι
816 3324 871 3386 σοι
895 3318 984 3403 (aar
1012 3321 1104 3410 σοιν).

129 3478 277 3546 Videmus
306 3498 398 3562 saepe
427 3478 461 3541 in
486 3495 522 3540 eo
546 3494 660 3562 genere
684 3471 835 3558 loquendi
855 3473 1002 3540 librarios
1026 3478 1057 3538 et
1081 3478 1269 3542 correctores

90 3585 255 3673 impingere
288 3586 364 3670 quia
394 3587 536 3648 veterem
567 3580 693 3646 dicendi
723 3600 819 3645 usum
849 3600 913 3645 non
937 3580 1096 3646 tenebant.
1133 3580 1269 3669 Legitur

90 3691 165 3774 apud
186 3692 357 3757 Libanium
381 3686 434 3753 IV.
458 3684 610 3753 709.19.
637 3684 739 3761 οἵομοιι
762 3685 869 3762 δείξειν
894 3686 986 3749 οιύτδν
1011 3688 1072 3765 οὐχ
1092 3681 1171 3758 ύιιιος
1187 3689 1269 3773 [οὐκ]

91 3796 241 3876 εὐεργέτην
264 3797 353 3860 οἱλλοδ
378 3795 430 3859 κοῶ
453 3793 577 3872 πονηρὸν
601 3793 643 3865 εἷς
666 3793 758 3868 onoc.
795 3790 943 3855 Indoctus
963 3791 1135 3858 homuncio
1155 3793 1193 3859 de
1212 3815 1269 3860 suo

90 3901 137 3965 ούκ
166 3905 295 3969 infersit.
340 3899 415 3965 Sine
444 3900 560 3964 mendo
591 3898 744 3964 dederunt
774 3896 799 3961 I.
835 3894 912 3960 664.
947 3896 998 3961 14.
1029 3892 1078 3971 cie
1103 3901 1163 3982 οὐχ
1188 3896 1267 3972 ύτιοις

89 4016 190 4088 χεῖριις
219 4011 393 4084 ἕτηνεγκοιν
425 4007 501 4072 οἰλλ’
532 4005 597 4070 οὐδὲ
627 4000 692 4067 ύσον
722 4005 764 4086 εἰς
795 4000 934 4079 βλύμμοι
957 4005 1114 4084 σοιμοινύοις
1140 4005 1268 4088 ἔρχετοιι

89 4115 242 4192 Φούνοντοιι
274 4113 504 4188 λελοιιηιιύτες.
540 4116 572 4176 et
598 4109 654 4175 III.
682 4107 757 4173 339.
784 4105 814 4174 7.
841 4106 958 4179 ιιύλεοις
982 4110 1135 4187 τοσαύτης
1157 4150 1200 4161 -
1224 4114 1268 4190 μδ

89 4213 162 4291 droa
184 4219 275 4302 ἔροιτο
300 4219 413 4298 λοιβεῖν
438 4217 528 4282 orac
550 4216 602 4282 ιιοι)
630 4213 811 4280 ύιιοσιιούσοιι
835 4213 870 4276 τδ
895 4213 1016 4294 βούύςον.

128 4325 317 4394 Liberandus
341 4325 442 4394 simili
465 4345 566 4392 errore
589 4327 638 4389 est
659 4321 748 4387 locus
763 4319 995 4393 ,Demosthenis
1017 4343 1093 4412 pag.
1114 4321 1190 4389 911.
1210 4323 1265 4390 20.
