3034 4970
800 231 866 300 234

231 424 425 502 μεμνῆσθαι,
460 427 492 486 et
523 425 663 506 ineptius
693 427 792 488 etiam
823 425 919 490 alter:
953 422 1051 505 έριιτα
1081 426 1113 490 δὲ
1144 425 1335 496 παλλακέδος
1366 423 1408 488 καὶ

232 529 519 611 φιλαργυρίαν
543 529 766 593 ἐπιδείκνυνται
790 531 814 594 οἱ
839 535 934 610 ςίχοι.
975 529 1047 595 Ain’
1072 528 1167 597 vero?
1192 527 1409 610 φιλαργυρίανέ

234 635 259 700 0
284 635 420 720 simplex
443 639 475 698 et
499 633 632 698 candida
656 637 845 718 antiquitas,
871 657 967 721 quam
992 635 1076 700 nihil
1097 637 1133 699 bi
1152 637 1298 702 homines
1319 642 1347 700 te
1365 655 1411 699 no

233 748 345 806 verant
365 746 420 806 aut
439 737 681 826 intelligebant!
706 743 825 824 Aperto
845 741 923 805 olim
943 746 1017 806 voto
1036 743 1188 806 vivebant
1206 763 1307 826 neque
1322 744 1410 806 simu-

233 846 299 912 lata
328 846 531 911 humanitate
563 852 595 910 et
627 845 788 933 elegantia
818 867 855 912 ea
887 845 967 931 qu'ae
996 845 1101 911 valde¹
1120 849 1290 931 cupiebant
1321 848 1413 932 specie

233 956 450 1020 recusantium
474 951 624 1017 volebant
647 953 808 1035 aspernari
833 952 946 1016 videri.

280 1059 372 1124 iliad.
405 1067 444 1122 Π.
471 1055 546 1122 667.
579 1055 721 1140 Apollini
744 1059 882 1141 Imperat
905 1056 1027 1142 Iupiter
1049 1059 1150 1122 occiso
1174 1056 1352 1142 Sarpedone
1373 1080 1414 1120 κε-

235 1165 382 1245 λαινεφές
415 1158 499 1239 αἷμα
530 1161 656 1240 κιέέηρον
684 1200 725 1211 -
751 1167 805 1227 καί
829 1187 881 1239 μιν
905 1162 1015 1228 ἔπειτα
1039 1167 1145 1227 λοῦσον
1171 1171 1321 1238 ποταμοῖο
1344 1165 1414 1242 ictor

235 1271 301 1335 κτὲ.
352 1267 510 1332 Zenodoto
544 1270 651 1346 visum
687 1273 735 1332 est
769 1269 949 1347 παροέλονον
983 1270 1035 1333 τὸν
1071 1271 1258 1334 ’ΛΠΕΝΘΗ
1293 1273 1416 1334 τοιαῦτα

236 1377 456 1448 διακονεῖσθαι,
490 1392 587 1457 coque
618 1371 781 1439 levissimo
814 1381 1003 1462 argumento
1035 1375 1160 1450 ηέέτηκε
1195 1377 1265 1446 τοὺς
1296 1378 1415 1454 ςέχινς,

235 1503 313 1568 quos
333 1480 535 1547 Aristarchus
554 1481 730 1544 rectissime
750 1483 892 1546 retinuit.
925 1475 991 1546 Cur
1017 1486 1066 1546 est
1093 1482 1221 1546 tandem
1236 1482 1417 1560 ’παράλογον

235 1587 420 1673 Apollinem
461 1586 531 1652 Iovi
572 1587 730 1650 carissimi
763 1585 823 1650 filli
858 1586 954 1651 funus
990 1589 1115 1652 curanti
1149 1587 1235 1652 dicto
1270 1609 1336 1654 esse
1370 1607 1417 1652 ιιιΙΙ

237 1690 398 1759 dientem?

280 1796 485 1864 Subridicula
513 1800 672 1862 annotatio
695 1796 817 1885 legitur
841 1799 881 1863 ad
903 1798 997 1865 Iliad.
1023 1809 1062 1864 Π.
1089 1795 1164 1866 747.
1191 1801 1314 1876 „terem
1335 1819 1417 1884 aeque

228 1907 363 1990 procidua
394 1909 552 1968 vescuntur
582 1926 674 1988 neque
708 1904 892 1969 oolacridcs”
928 1907 1057 1970 καέέλον
1093 1907 1155 1985 γὰρ
1193 1907 1247 1979 την
1282 1906 1416 1976 τοιαύτην

231 2021 344 2096 zeias
377 2011 427 2074 διέο
459 2013 493 2074 τὸ
524 2011 725 2090 μικροπρεπὲς
758 2013 975 2097 παρητήσατο,
1007 2018 1039 2078 et
1069 2017 1140 2096 posi
1167 2029 1285 2095 pauca:
1319 2009 1372 2092 δ’ροι
1394 2009 1418 2074 δέ

236 2115 292 2182 οἷον
318 2114 350 2190 ἦν
374 2116 463 2208 έχέδν
489 2118 640 2194 καθαίρειν
665 2121 715 2182 τὸν
740 2125 794 2190 τῆς
822 2120 944 2188 Θέτιδος
970 2120 994 2192 ἢ
1012 2121 1063 2183 τὸν
1087 2121 1185 2198 ζωμὸν
1206 2117 1303 2194 ἕψειν.
1347 2117 1419 2182 Sunt

235 2224 313 2287 haec
344 2223 495 2300 σατυρικοὶ
529 2227 581 2285 καὶ
615 2225 737 2301 κωμικοὶ
764 2229 796 2289 et
828 2225 866 2290 ab
897 2224 1063 2290 Homerici
1086 2226 1236 2290 carminis
1261 2226 1418 2289 maiestate

236 2327 349 2392 aliena.

280 2431 371 2496 Iliad.
397 2442 434 2496 Σ.
460 2430 537 2498 591.
575 2433 736 2500 Vulcanus
760 2437 794 2499 iu
817 2436 953 2503 Achillis
977 2434 1090 2522 clypeo
1113 2437 1246 2501 chorum
1271 2435 1416 2502 caelavit:

439 2539 504 2618 ’τῷ
530 2538 628 2604 ἴκελον
652 2538 709 2604 οἷον
733 2545 802 2606 ποτ’
827 2542 866 2606 ε’νὶ
893 2533 1002 2622 Κνωσῷ
1027 2543 1124 2622 εὐρεέη
1184 2587 1187 2590 -

464 2646 621 2717 Δαίδαλος
647 2647 790 2721 ἤσκησεν.

233 2750 362 2815 fuerunt
406 2749 554 2814 nonnulli
595 2755 651 2836 qui
686 2757 890 2838 opinarentur
926 2753 1088 2831 δύσφημον
1125 2749 1199 2818 εἶναι
1236 2754 1359 2831 μᾶλλον
1390 2752 1419 2816 δέ

235 2859 440 2922 ἈΠΡΕΠΕΟ
481 2855 638 2934 Ἥφαιςον
680 2865 817 2936 μιμητὴν
856 2861 994 2939 γίνεσθαι
1032 2867 1090 2924 τῶν
1126 2860 1286 2924 Δαιδιέλοιι
1320 2860 1417 2939 ἔρρων.

233 2962 344 3048 Itaque
385 2983 477 3047 opem
519 2961 586 3028 Deo
621 2965 755 3031 ferentes
789 2970 924 3032 minime
959 2967 1167 3030 necessariam
1204 2987 1261 3050 pro
1294 2963 1350 3031 οἷον
1384 2965 1420 3028 de

235 3091 292 3135 suo
321 3065 378 3134 οἷον
410 3068 564 3133 dederuut
596 3076 628 3134 et
659 3092 785 3137 omnem
818 3071 879 3137 loci
903 3073 1163 3156 compositionem
1187 3071 1281 3155 plane
1303 3091 1429 3156 perver.

235 3180 353 3242 terunt.

280 3282 329 3346 Ex
360 3279 461 3345 simili
490 3280 646 3363 opinionis
679 3304 781 3349 errore
812 3283 990 3350 Zenodotus
1025 3285 1165 3368 corrupit
1195 3283 1304 3348 Iocum
1331 3280 1420 3346 Iliad.

237 3396 276 3453 Δ.
301 3387 361 3474 88,
384 3387 442 3450 ubi
464 3385 612 3453 biiuerva

723 3496 832 3574 Τρώων
855 3495 1035 3561 κατεδύσεθ’
1059 3490 1163 3571 δ’μιλον

405 3604 562 3688 Ποένδαρον
586 3603 720 3668 ἀντίθεον
744 3602 885 3684 διζημένη
910 3602 939 3666 si
961 3624 1018 3666 πον
1043 3602 1172 3682 ἐφεύροι.

417 3707 483 3791 εὗρε
507 3715 659 3784 Λνκοέονος
685 3709 745 3774 vida
771 3709 920 3787 οὶμόμονοέ
943 3732 979 3772 τε
1003 3707 1144 3788 κρατερόν
1170 3730 1206 3770 τε

418 3817 545 3886 resera.

280 3923 454 4011 Indignum
477 3925 635 3991 Zenodoto
658 3925 764 3988 visum
786 3922 878 3987 deam
897 3919 1116 3985 immortalem
1136 3918 1250 3982 nescire
1268 3917 1323 3982 ubi
1344 3921 1425 3982 esset

234 4031 408 4096 Pandarus.
455 4030 566 4116 Itaque
601 4031 638 4094 de
672 4052 724 4093 ruo
759 4029 863 4092 dedIt:
902 4028 1057 4104 Πανδαρον
1091 4027 1225 4089 ἀντίθεον
1261 4021 1423 4101 διζημένη·

235 4135 323 4216 εὗρε
357 4139 395 4201 δέ
428 4139 543 4201 τόνδε
574 4141 714 4202 Ἔτει-τα
747 4140 780 4199 et
807 4155 853 4200 vs.
879 4131 932 4196 89.
958 4133 1112 4216 expunxit
1137 4131 1227 4194 δοκῶν
1250 4129 1424 4205 ἀνθρώπινον

235 4244 270 4310 τὸ
304 4245 405 4325 ζητεῖν
437 4239 524 4307 εἶναι.
572 4241 747 4306 subridens
778 4240 943 4304 annotavit
970 4236 1191 4302 Aristarchus:
1215 4233 1424 4299 καταλέλοιπε

235 4352 267 4419 δὲ
289 4351 323 4415 τὸ
347 4349 559 4433 διζημένη,
583 4369 698 4434 nempe
717 4348 776 4412 hoc
795 4365 920 4432 quoque
938 4343 1116 4424 carpamns
1136 4346 1204 4408 erat
1218 4345 1250 4408 et
1267 4342 1301 4406 in
1320 4340 1424 4408 Deam
