3080 4972
676 207 718 286 57

100 405 251 478 mendum
274 409 396 476 tollere.
442 409 531 475 Dicit
552 429 585 475 ae
609 405 774 474 Gordianis
797 428 890 492 opem
913 407 1041 485 tulisse,
1067 404 1285 474 laborantibus

98 520 197 606 igitur
228 522 261 582 et
283 518 318 580 in
339 515 480 602 periculo
503 513 713 582 versantibus.
760 511 871 599 Itaque
893 515 920 578 εί
945 515 1189 580 ἘΓκαταλιπὼν
1212 514 1284 588 τοὺς

100 621 289 702 σνμμοίχονς
321 623 453 689 dixerat.
501 622 583 687 Ναικ
614 644 658 686 νινε
686 627 795 686 coloes
817 621 910 685 accior
932 622 1091 686 destituere
1117 622 1284 710 oportebat,

98 733 219 815 inquit,
242 737 270 794 et
287 752 338 795 ooo
349 730 484 814 potiores
501 730 622 805 dobere,
645 726 698 812 qui
713 727 788 790 milri
806 727 938 791 ονοινθθιιε
958 725 1285 792 marsorumque?

100 835 150 902 Sic
171 834 333 903 emblema
355 839 466 921 sponte
489 835 618 901 excidit.

142 1048 224 1136 Peg.
258 1048 334 1116 162.
368 1047 420 1116 17.
453 1049 619 1128 ὑπομείνας
650 1049 705 1126 μὲν
738 1050 822 1126 -μθι
847 1047 1019 1129 προειμένος
1044 1046 1096 1124 δέ,
1120 1050 1286 1114 imovero

100 1155 273 1237 προέμενος.
319 1154 446 1241 Ubique
469 1155 594 1224 videbis
617 1156 791 1235 προίεσθαι,
817 1154 957 1235 προέσθαι
980 1160 1013 1221 et
1031 1156 1184 1236 reperirier
1204 1157 1289 1220 inter

100 1284 131 1330 ae
160 1263 308 1340 misceri,
343 1261 556 1347 similiterque
589 1263 624 1325 in
652 1262 830 1346 participiis
861 1259 1031 1341 προϊέμενος
1063 1267 1096 1328 et
1126 1261 1287 1342 προέμενος

101 1373 132 1434 et
164 1367 350 1450 προειμένος.
397 1366 482 1448 Quid
512 1370 556 1433 sit
579 1386 704 1452 quoque
725 1365 795 1433 loeo
817 1383 930 1434 verum
954 1367 1047 1434 facile
1071 1369 1104 1434 ἕκ
1129 1373 1187 1434 τῶν
1210 1392 1289 1446 σομ-

101 1473 300 1558 φραζομέναν
325 1472 500 1562 colligitur.

143 1687 224 1774 Peg.
252 1684 327 1751 160.
354 1682 385 1751 7.
408 1686 451 1758 είς
475 1688 564 1750 τοῦτο
588 1684 785 1765 παρανομίας
809 1685 931 1767 οθφῖχθε
954 1684 1006 1749 καί
1029 1684 1211 1764 δυσμενείας
1231 1682 1289 1755 θίςε

104 1792 154 1858 καί
186 1791 260 1872 πρὸς
293 1790 344 1855 τὸν
371 1791 488 1872 Πέρσην
512 1790 657 1872 πρέσβεις
682 1792 900 1859 accrescere.
949 1789 1086 1856 Offendit
1108 1792 1290 1858 Dobraeum

103 1900 178 1966 haec
212 1896 410 1976 παρανομία,
446 1899 482 1961 in
515 1917 578 1981 qua
611 1895 701 1962 nulla
734 1898 783 1961 lec
816 1901 884 1963 erat
918 1917 998 1982 quae
1028 1897 1143 1964 violari
1174 1902 1289 1983 posset.

104 2003 212 2090 Itaque
235 2004 388 2069 coniecit:
409 2004 451 2074 εἷς
475 2009 564 2068 τοῦτο
589 2002 813 2090 [παρανομίας]
841 2005 962 2085 ἀφῖχθε
987 2003 1068 2091 [καί]
1096 2003 1290 2082 δυσμενείας.

105 2109 167 2176 Sed
195 2112 356 2196 sequiores
386 2106 538 2177 Graeculi
568 2117 755 2191 superaucta
777 2110 936 2196 ponebant
958 2115 1014 2195 pro
1038 2110 1166 2194 improbe
1179 2112 1292 2197 forero

105 2223 137 2283 et
159 2217 339 2298 παρανομία
361 2217 401 2283 ab
424 2219 464 2282 iis
488 2217 607 2282 dieitur
627 2218 733 2282 omnis
756 2216 938 2300 inprobitas.

150 2427 230 2518 Peg.
263 2428 339 2495 162.
371 2427 423 2494 21.
450 2429 540 2506 γνοὺς
566 2429 626 2507 eye
651 2432 757 2494 ταῦτα
781 2428 1018 2510 προύκαλούμην
1043 2429 1107 2494 κτὲ.
1155 2427 1294 2495 Ounnec·

105 2535 199 2601 tenda
228 2536 307 2602 haec
337 2541 412 2601 aunt
443 2535 482 2600 da
512 2556 601 2601 more
625 2555 699 2601 cum
722 2536 983 2621 praecedentibus
1006 2538 1069 2601 sic:
1094 2536 1184 2615 γνοὺς
1213 2529 1289 2623 [οὖν]

107 2642 165 2718 lys
199 2647 313 2708 ταῦτα.
362 2641 399 2706 Iu
433 2662 500 2726 sqq.
539 2641 591 2706 εὀδν
621 2643 678 2719 μέν
708 2643 767 2720 ε’μθρ
799 2641 918 2722 γνωσθῇ
952 2647 984 2707 et
1015 2642 1069 2708 ε’θιν
1103 2642 1132 2707 δὲ
1158 2642 1293 2723 ὑμετέρα

107 2750 205 2830 κριθῇ,
239 2769 302 2813 non
333 2753 381 2814 est
410 2748 499 2814 idem
529 2749 701 2826 γνωσθῆναι
730 2752 762 2814 et
785 2748 935 2827 κριθῆναιτ
958 2747 1042 2813 illud
1066 2749 1153 2813 enim
1177 2753 1236 2816 est.
1267 2749 1296 2813 ai

109 2858 312 2940 compertum
326 2855 434 2941 fcerit
467 2877 557 2919 ικεοικ
591 2877 666 2932 rore,
700 2852 800 2919 illud:
832 2854 860 2918 ai
881 2853 989 2939 fuerit
1020 2853 1200 2919 iudicatum
1235 2877 1296 2920 orac

108 2969 240 3028 ιιαθοοοκ.

154 3173 232 3263 Pag.
255 3172 331 3240 163.
352 3171 406 3241 24.
427 3174 511 3240 δοκεῖ
527 3172 793 3256 παραλογώτατον
814 3169 902 3240 είνΑΙ
920 3173 1012 3239 ΔΙθτι
1034 3172 1098 3238 κτέ.
1130 3171 1199 3239 Imo
1219 3192 1295 3239 vero

112 3275 166 3346 θτι.
188 3281 333 3347 adhaesit
357 3290 402 3346 ΔΙ
426 3302 465 3347 cx
488 3281 694 3367 praecedente
718 3291 772 3346 Al.

157 3491 233 3581 Pag.
259 3488 335 3557 164.
358 3490 389 3558 2.
410 3491 492 3573 φασί
512 3491 575 3573 γθιρ
595 3492 621 3556 σί
640 3496 695 3565 τῆς
716 3492 876 3562 πολιτείας
896 3501 949 3568 τῆς
972 3492 1047 3573 παρ’
1069 3491 1139 3570 ὑμῖν
1160 3487 1296 3573 ἔμπειροι

113 3597 168 3670 τὴν
197 3599 253 3676 μὲν
286 3599 397 3679 είρθνκν
430 3597 565 3676 πόλεμον
597 3598 701 3672 αθποῑς
733 3594 830 3675 εἶναι,
861 3597 913 3663 τὸν
945 3598 976 3663 δὲ
1008 3597 1143 3676 πθλεμον
1172 3597 1296 3679 εθρνίνκν.

111 3700 237 3768 Salsum
266 3706 326 3770 hoc
351 3710 383 3769 et
407 3704 539 3771 mordax
563 3705 686 3771 dictum
709 3703 860 3791 Sophiste
882 3708 997 3770 sumsit
1019 3727 1061 3771 ex
1084 3703 1231 3772 Isocratis
1257 3706 1298 3772 ad

111 3807 296 3896 Philippum
319 3811 460 3876 oratioue
482 3831 555 3899 pag.
585 3809 639 3877 96.
665 3830 695 3876 u.
723 3808 909 3889 αθσθιθνομαι
933 3812 996 3892 γιίρ
1020 3835 1055 3875 σε
1082 3809 1297 3898 (Philippum)

112 3914 357 3995 διαβαλλόμενον
393 3917 450 3981 ὑπὸ
485 3922 543 3982 τῶν
575 3953 618 3966 -
650 3918 705 3992 τὴν
736 3918 850 3998 είρθνκν
875 3919 934 3992 ’τὴν
966 3926 1029 3989 τοῖς
1061 3915 1168 3993 ἄλλοις
1201 3921 1297 3995 κοινθςν

114 4018 245 4100 πόλεμον
269 4031 332 4097 τοῖς
356 4023 457 4088 αὐτῶν
481 4021 563 4095 ἰδίοις
587 4019 664 4088 εἶναι
680 4023 876 4106 νομιζόντων.

165 4231 237 4322 Peg.
269 4235 343 4303 165.
375 4236 407 4302 2.
440 4237 592 4309 πολλάκις
624 4237 687 4319 γοδρ
720 4236 793 4315 ἐμοῦ
825 4237 999 4318 γράφοντος
1024 4275 1066 4284 -
1093 4235 1166 4317 ὑπὲρ
1197 4239 1296 4313 αὐτῆς

116 4338 188 4426 (τῆς
222 4339 454 4432 Ἀμφιπόλεως)
486 4344 701 4421 έγνοκΟΤΕΟ
731 4342 853 4418 δικαίως
884 4341 969 4422 ἔχειν
1000 4344 1104 4422 ἡμεῖς,
1136 4341 1208 4408 τθτε
1239 4343 1299 4422 μὲν
