<?xml version="1.0" encoding="UTF-8"?>
<!DOCTYPE html PUBLIC "-//W3C//DTD XHTML 1.0 Transitional//EN"
    "http://www.w3.org/TR/xhtml1/DTD/xhtml1-transitional.dtd">
<html xmlns="http://www.w3.org/1999/xhtml" xml:lang="en" lang="en">
 <head>
  <title>
</title>
<meta http-equiv="Content-Type" content="text/html;charset=utf-8" />
  <meta name='ocr-system' content='tesseract 3.04.00' />
  <meta name='ocr-capabilities' content='ocr_page ocr_carea ocr_par ocr_line ocrx_word'/>
</head>
<body>
  <div class='ocr_page' id='page_1' title='image "./miscellaneacrit02cobegoog_0251.png"; bbox 0 0 3034 4970; ppageno 0'>
   <div class='ocr_carea' id='block_1_1' title="bbox 646 219 711 303">
    <p class='ocr_par' dir='ltr' id='par_1_1' title="bbox 646 219 711 303">
     <span class='ocr_line' id='line_1_1' title="bbox 646 219 711 303; baseline -0.062 1"><span class='ocrx_word' id='word_1_1' title='bbox 646 219 711 303; x_wconf 72' lang='lat'>229</span> 
     </span>
    </p>
   </div>
   <div class='ocr_carea' id='block_1_2' title="bbox 99 419 1274 938">
    <p class='ocr_par' dir='ltr' id='par_1_2' title="bbox 99 419 1274 938">
     <span class='ocr_line' id='line_1_2' title="bbox 100 419 1272 516; baseline 0.003 -28"><span class='ocrx_word' id='word_1_2' title='bbox 100 428 168 494; x_wconf 83' lang='lat' dir='ltr'>telio</span> <span class='ocrx_word' id='word_1_3' title='bbox 184 425 276 516; x_wconf 78' lang='lat' dir='ltr'>iungi</span> <span class='ocrx_word' id='word_1_4' title='bbox 295 426 407 516; x_wconf 79' lang='lat' dir='ltr'>Ulyssi</span> <span class='ocrx_word' id='word_1_5' title='bbox 425 425 670 512; x_wconf 72' lang='lat' dir='ltr'>praelucentem.</span> <span class='ocrx_word' id='word_1_6' title='bbox 695 423 912 505; x_wconf 73' lang='grc' dir='ltr'><strong><em>Δονλοπρεπὲς</em></strong></span> <span class='ocrx_word' id='word_1_7' title='bbox 934 423 1108 512; x_wconf 81' lang='lat' dir='ltr'>(inquiunt)</span> <span class='ocrx_word' id='word_1_8' title='bbox 1126 425 1179 492; x_wconf 77' lang='grc' dir='ltr'>καί</span> <span class='ocrx_word' id='word_1_9' title='bbox 1200 419 1272 492; x_wconf 81' lang='grc' dir='ltr'><strong><em>λίαν</em></strong></span> 
     </span>
     <span class='ocr_line' id='line_1_3' title="bbox 100 527 1272 615; baseline 0.003 -20"><span class='ocrx_word' id='word_1_10' title='bbox 100 533 207 607; x_wconf 74' lang='grc' dir='ltr'><strong><em>εὐτελὲς</em></strong></span> <span class='ocrx_word' id='word_1_11' title='bbox 238 534 353 610; x_wconf 78' lang='grc' dir='ltr'><strong><em>τὸτῆς</em></strong></span> <span class='ocrx_word' id='word_1_12' title='bbox 378 535 522 606; x_wconf 75' lang='grc' dir='ltr'><strong><em>διανοίας.</em></strong></span> <span class='ocrx_word' id='word_1_13' title='bbox 547 535 653 615; x_wconf 77' lang='grc' dir='ltr'><strong><em>πολλῷ</em></strong></span> <span class='ocrx_word' id='word_1_14' title='bbox 674 532 738 613; x_wconf 54' lang='lat' dir='ltr'>yar</span> <span class='ocrx_word' id='word_1_15' title='bbox 763 527 795 604; x_wconf 75' lang='grc' dir='ltr'><strong><em>ἦν</em></strong></span> <span class='ocrx_word' id='word_1_16' title='bbox 818 529 941 608; x_wconf 88' lang='grc' dir='ltr'><strong><em>ἀμεινον</em></strong></span> <span class='ocrx_word' id='word_1_17' title='bbox 966 531 1196 610; x_wconf 76' lang='grc' dir='ltr'><strong><em>έπιδνμιισάσνρ</em></strong></span> <span class='ocrx_word' id='word_1_18' title='bbox 1216 540 1272 607; x_wconf 76' lang='grc' dir='ltr'>τῆς</span> 
     </span>
     <span class='ocr_line' id='line_1_4' title="bbox 100 637 1274 727; baseline 0.004 -27"><span class='ocrx_word' id='word_1_19' title='bbox 100 637 226 716; x_wconf 68' lang='grc' dir='ltr'><strong><em>δαίμονος</em></strong></span> <span class='ocrx_word' id='word_1_20' title='bbox 250 640 428 717; x_wconf 83' lang='grc' dir='ltr'><strong><em>αάτθματον</em></strong></span> <span class='ocrx_word' id='word_1_21' title='bbox 448 638 632 720; x_wconf 70' lang='grc' dir='ltr'>ἐπιλάμψαι</span> <span class='ocrx_word' id='word_1_22' title='bbox 653 638 823 712; x_wconf 77' lang='grc' dir='ltr'><strong><em>πολυτελὲς</em></strong></span> <span class='ocrx_word' id='word_1_23' title='bbox 842 643 922 721; x_wconf 78' lang='grc' dir='ltr'>Φῶς.</span> <span class='ocrx_word' id='word_1_24' title='bbox 957 639 1152 727; x_wconf 77' lang='lat' dir='ltr'>Agnoscisne</span> <span class='ocrx_word' id='word_1_25' title='bbox 1170 643 1205 704; x_wconf 91' lang='lat' dir='ltr'>in</span> <span class='ocrx_word' id='word_1_26' title='bbox 1223 640 1274 705; x_wconf 89' lang='lat' dir='ltr'>his</span> 
     </span>
     <span class='ocr_line' id='line_1_5' title="bbox 99 743 1273 832; baseline -0.001 -22"><span class='ocrx_word' id='word_1_27' title='bbox 99 743 355 832; x_wconf 78' lang='lat' dir='ltr'><strong>Aristophanem?</strong></span> <span class='ocrx_word' id='word_1_28' title='bbox 401 744 679 825; x_wconf 79' lang='lat' dir='ltr'><strong>Quemadmodum</strong></span> <span class='ocrx_word' id='word_1_29' title='bbox 710 750 819 810; x_wconf 87' lang='lat' dir='ltr'>autem</span> <span class='ocrx_word' id='word_1_30' title='bbox 851 764 945 830; x_wconf 89' lang='lat' dir='ltr'>supra</span> <span class='ocrx_word' id='word_1_31' title='bbox 976 767 1051 811; x_wconf 92' lang='lat' dir='ltr'>eum</span> <span class='ocrx_word' id='word_1_32' title='bbox 1073 747 1217 811; x_wconf 79' lang='lat' dir='ltr'>vidimus</span> <span class='ocrx_word' id='word_1_33' title='bbox 1238 747 1273 809; x_wconf 88' lang='lat' dir='ltr'>in</span> 
     </span>
     <span class='ocr_line' id='line_1_6' title="bbox 99 849 1271 938; baseline 0 -24"><span class='ocrx_word' id='word_1_34' title='bbox 99 851 192 917; x_wconf 81' lang='lat' dir='ltr'>verbis</span> <span class='ocrx_word' id='word_1_35' title='bbox 215 851 306 916; x_wconf 68' lang='grc' dir='ltr'><strong><em>πίθοι’</em></strong></span> <span class='ocrx_word' id='word_1_36' title='bbox 329 852 484 916; x_wconf 89' lang='grc' dir='ltr'><strong><em>ἀποτίνειν</em></strong></span> <span class='ocrx_word' id='word_1_37' title='bbox 506 853 624 933; x_wconf 82' lang='grc' dir='ltr'><strong><em>Ἰκαρίῳ</em></strong></span> <span class='ocrx_word' id='word_1_38' title='bbox 644 854 846 936; x_wconf 89' lang='lat' dir='ltr'>perineptum</span> <span class='ocrx_word' id='word_1_39' title='bbox 866 849 1040 932; x_wconf 79' lang='grc' dir='ltr'><strong><em>ὑπέρβασιν</em></strong></span> <span class='ocrx_word' id='word_1_40' title='bbox 1060 854 1271 938; x_wconf 77' lang='lat' dir='ltr'>excogitasse,</span> 
     </span>
    </p>
   </div>
   <div class='ocr_carea' id='block_1_3' title="bbox 98 953 1285 4125">
    <p class='ocr_par' dir='ltr' id='par_1_3' title="bbox 99 953 1273 1152">
     <span class='ocr_line' id='line_1_7' title="bbox 100 953 1273 1042; baseline 0 -23"><span class='ocrx_word' id='word_1_41' title='bbox 100 958 136 1020; x_wconf 88' lang='lat' dir='ltr'>sic</span> <span class='ocrx_word' id='word_1_42' title='bbox 164 977 246 1022; x_wconf 92' lang='lat' dir='ltr'>nunc</span> <span class='ocrx_word' id='word_1_43' title='bbox 275 955 445 1024; x_wconf 89' lang='lat' dir='ltr'>mirificam</span> <span class='ocrx_word' id='word_1_44' title='bbox 474 957 602 1042; x_wconf 82' lang='lat' dir='ltr'>ellipsin</span> <span class='ocrx_word' id='word_1_45' title='bbox 631 961 832 1023; x_wconf 88' lang='lat' dir='ltr'>commentus</span> <span class='ocrx_word' id='word_1_46' title='bbox 863 962 925 1031; x_wconf 84' lang='lat' dir='ltr'>est,</span> <span class='ocrx_word' id='word_1_47' title='bbox 951 977 1048 1042; x_wconf 87' lang='lat' dir='ltr'>quarn</span> <span class='ocrx_word' id='word_1_48' title='bbox 1070 959 1105 1022; x_wconf 92' lang='lat' dir='ltr'>in</span> <span class='ocrx_word' id='word_1_49' title='bbox 1127 953 1273 1038; x_wconf 79' lang='lat' dir='ltr'>Scholia,</span> 
     </span>
     <span class='ocr_line' id='line_1_8' title="bbox 99 1062 855 1152; baseline 0.005 -28"><span class='ocrx_word' id='word_1_50' title='bbox 99 1063 122 1125; x_wconf 87' lang='lat' dir='ltr'>si</span> <span class='ocrx_word' id='word_1_51' title='bbox 141 1065 221 1128; x_wconf 90' lang='lat' dir='ltr'>tanti</span> <span class='ocrx_word' id='word_1_52' title='bbox 243 1068 306 1142; x_wconf 88' lang='lat' dir='ltr'>est,</span> <span class='ocrx_word' id='word_1_53' title='bbox 330 1063 419 1152; x_wconf 78' lang='lat' dir='ltr'>leges</span> <span class='ocrx_word' id='word_1_54' title='bbox 440 1066 522 1148; x_wconf 88' lang='lat' dir='ltr'>ipse:</span> <span class='ocrx_word' id='word_1_55' title='bbox 546 1084 684 1149; x_wconf 88' lang='lat' dir='ltr'>namque</span> <span class='ocrx_word' id='word_1_56' title='bbox 706 1062 855 1149; x_wconf 84' lang='lat' dir='ltr'>equidem</span> 
     </span>
    </p>

    <p class='ocr_par' dir='ltr' id='par_1_4' title="bbox 289 1167 946 1252">
     <span class='ocr_line' id='line_1_9' title="bbox 289 1167 946 1252; baseline 0.002 -18"><span class='ocrx_word' id='word_1_57' title='bbox 289 1167 363 1235; x_wconf 74' lang='grc' dir='ltr'><strong><em>ὅταν</em></strong></span> <span class='ocrx_word' id='word_1_58' title='bbox 386 1192 416 1234; x_wconf 89' lang='grc' dir='ltr'>τι</span> <span class='ocrx_word' id='word_1_59' title='bbox 441 1169 555 1234; x_wconf 81' lang='grc' dir='ltr'><strong><em>τούτων</em></strong></span> <span class='ocrx_word' id='word_1_60' title='bbox 579 1175 637 1234; x_wconf 82' lang='grc' dir='ltr'><strong><em>τῶν</em></strong></span> <span class='ocrx_word' id='word_1_61' title='bbox 661 1169 867 1252; x_wconf 73' lang='grc' dir='ltr'><strong><em>σοφισμάτων</em></strong></span> <span class='ocrx_word' id='word_1_62' title='bbox 890 1168 946 1236; x_wconf 77' lang='lat' dir='ltr'>tac</span> 
     </span>
    </p>

    <p class='ocr_par' dir='ltr' id='par_1_5' title="bbox 291 1273 1014 1358">
     <span class='ocr_line' id='line_1_10' title="bbox 291 1273 1014 1358; baseline 0 -18"><span class='ocrx_word' id='word_1_63' title='bbox 291 1284 382 1342; x_wconf 81' lang='grc' dir='ltr'><strong><em>πλεῖν</em></strong></span> <span class='ocrx_word' id='word_1_64' title='bbox 407 1275 424 1352; x_wconf 76' lang='grc' dir='ltr'>ἢ</span> <span class='ocrx_word' id='word_1_65' title='bbox 449 1277 569 1357; x_wconf 78' lang='grc' dir='ltr'><strong><em>’νιαντῷ</em></strong></span> <span class='ocrx_word' id='word_1_66' title='bbox 593 1274 798 1358; x_wconf 79' lang='grc' dir='ltr'><strong><em>πρεσβύτερος</em></strong></span> <span class='ocrx_word' id='word_1_67' title='bbox 823 1273 1014 1356; x_wconf 81' lang='grc' dir='ltr'><strong><em>ἀπέρχομαι.</em></strong></span> 
     </span>
    </p>

    <p class='ocr_par' dir='ltr' id='par_1_6' title="bbox 98 1379 1276 1660">
     <span class='ocr_line' id='line_1_11' title="bbox 137 1379 1276 1470; baseline -0.001 -22"><span class='ocrx_word' id='word_1_68' title='bbox 137 1381 232 1448; x_wconf 86' lang='lat' dir='ltr'>Venio</span> <span class='ocrx_word' id='word_1_69' title='bbox 255 1403 339 1448; x_wconf 90' lang='lat' dir='ltr'>nunc</span> <span class='ocrx_word' id='word_1_70' title='bbox 362 1383 402 1448; x_wconf 89' lang='lat' dir='ltr'>ad</span> <span class='ocrx_word' id='word_1_71' title='bbox 424 1384 531 1469; x_wconf 86' lang='lat' dir='ltr'>ipsum</span> <span class='ocrx_word' id='word_1_72' title='bbox 550 1381 790 1458; x_wconf 87' lang='lat' dir='ltr'>Aristarchum,</span> <span class='ocrx_word' id='word_1_73' title='bbox 815 1384 913 1448; x_wconf 88' lang='lat' dir='ltr'>ctiam</span> <span class='ocrx_word' id='word_1_74' title='bbox 935 1385 970 1447; x_wconf 93' lang='lat' dir='ltr'>in</span> <span class='ocrx_word' id='word_1_75' title='bbox 987 1383 1039 1447; x_wconf 91' lang='lat' dir='ltr'>his</span> <span class='ocrx_word' id='word_1_76' title='bbox 1061 1379 1156 1470; x_wconf 84' lang='lat' dir='ltr'>longe</span> <span class='ocrx_word' id='word_1_77' title='bbox 1175 1385 1276 1447; x_wconf 86' lang='lat' dir='ltr'>caete-</span> 
     </span>
     <span class='ocr_line' id='line_1_12' title="bbox 98 1486 1276 1574; baseline 0.001 -22"><span class='ocrx_word' id='word_1_78' title='bbox 98 1489 135 1552; x_wconf 89' lang='lat' dir='ltr'>ris</span> <span class='ocrx_word' id='word_1_79' title='bbox 163 1491 331 1567; x_wconf 89' lang='lat' dir='ltr'>saniorem,</span> <span class='ocrx_word' id='word_1_80' title='bbox 366 1488 490 1554; x_wconf 90' lang='lat' dir='ltr'>sedita</span> <span class='ocrx_word' id='word_1_81' title='bbox 512 1494 621 1554; x_wconf 90' lang='lat' dir='ltr'>tamen</span> <span class='ocrx_word' id='word_1_82' title='bbox 643 1495 681 1554; x_wconf 92' lang='lat' dir='ltr'>ut</span> <span class='ocrx_word' id='word_1_83' title='bbox 703 1487 814 1554; x_wconf 91' lang='lat' dir='ltr'>eadem</span> <span class='ocrx_word' id='word_1_84' title='bbox 836 1488 1076 1574; x_wconf 83' lang='lat' dir='ltr'>reprehensione</span> <span class='ocrx_word' id='word_1_85' title='bbox 1098 1509 1162 1554; x_wconf 93' lang='lat' dir='ltr'>nou</span> <span class='ocrx_word' id='word_1_86' title='bbox 1183 1486 1276 1574; x_wconf 92' lang='lat' dir='ltr'>plane</span> 
     </span>
     <span class='ocr_line' id='line_1_13' title="bbox 99 1601 200 1660; baseline 0.04 -4"><span class='ocrx_word' id='word_1_87' title='bbox 99 1601 200 1660; x_wconf 88' lang='lat' dir='ltr'>carcat.</span> 
     </span>
    </p>

    <p class='ocr_par' dir='ltr' id='par_1_7' title="bbox 98 1699 1276 1892">
     <span class='ocr_line' id='line_1_14' title="bbox 136 1699 1276 1786; baseline -0.001 -21"><span class='ocrx_word' id='word_1_88' title='bbox 136 1699 172 1764; x_wconf 92' lang='lat' dir='ltr'>In</span> <span class='ocrx_word' id='word_1_89' title='bbox 198 1699 289 1766; x_wconf 90' lang='lat' dir='ltr'>lliad.</span> <span class='ocrx_word' id='word_1_90' title='bbox 319 1710 359 1766; x_wconf 87' lang='lat' dir='ltr'>A.</span> <span class='ocrx_word' id='word_1_91' title='bbox 391 1699 457 1766; x_wconf 80' lang='lat'>259</span> <span class='ocrx_word' id='word_1_92' title='bbox 487 1721 554 1785; x_wconf 87' lang='lat' dir='ltr'>sqq.</span> <span class='ocrx_word' id='word_1_93' title='bbox 583 1706 650 1766; x_wconf 87' lang='lat' dir='ltr'>erat</span> <span class='ocrx_word' id='word_1_94' title='bbox 682 1704 717 1765; x_wconf 93' lang='lat' dir='ltr'>in</span> <span class='ocrx_word' id='word_1_95' title='bbox 739 1702 887 1767; x_wconf 90' lang='lat' dir='ltr'>omnibus</span> <span class='ocrx_word' id='word_1_96' title='bbox 909 1701 1001 1768; x_wconf 85' lang='lat' dir='ltr'>libris</span> <span class='ocrx_word' id='word_1_97' title='bbox 1024 1703 1163 1786; x_wconf 79' lang='lat' dir='ltr'>antiquis</span> <span class='ocrx_word' id='word_1_98' title='bbox 1186 1704 1219 1766; x_wconf 90' lang='lat' dir='ltr'>et</span> <span class='ocrx_word' id='word_1_99' title='bbox 1240 1701 1276 1764; x_wconf 91' lang='lat' dir='ltr'>in</span> 
     </span>
     <span class='ocr_line' id='line_1_15' title="bbox 98 1802 689 1892; baseline 0.003 -24"><span class='ocrx_word' id='word_1_100' title='bbox 98 1802 237 1873; x_wconf 86' lang='lat' dir='ltr'>Zenodoti</span> <span class='ocrx_word' id='word_1_101' title='bbox 259 1809 396 1873; x_wconf 89' lang='lat' dir='ltr'>editione</span> <span class='ocrx_word' id='word_1_102' title='bbox 419 1809 575 1892; x_wconf 89' lang='lat' dir='ltr'>scriptura</span> <span class='ocrx_word' id='word_1_103' title='bbox 596 1808 689 1873; x_wconf 90' lang='lat' dir='ltr'>haec:</span> 
     </span>
    </p>

    <p class='ocr_par' dir='ltr' id='par_1_8' title="bbox 245 1911 1082 2208">
     <span class='ocr_line' id='line_1_16' title="bbox 245 1911 1028 1995; baseline -0.001 -16"><span class='ocrx_word' id='word_1_104' title='bbox 245 1913 334 1979; x_wconf 80' lang='grc' dir='ltr'>ἀλλά</span> <span class='ocrx_word' id='word_1_105' title='bbox 359 1914 487 1991; x_wconf 86' lang='grc' dir='ltr'><strong><em>πίθεσθ’,</em></strong></span> <span class='ocrx_word' id='word_1_106' title='bbox 512 1911 610 1995; x_wconf 78' lang='grc' dir='ltr'><strong><em>ἀμφω</em></strong></span> <span class='ocrx_word' id='word_1_107' title='bbox 635 1913 665 1980; x_wconf 74' lang='grc' dir='ltr'>δὲ</span> <span class='ocrx_word' id='word_1_108' title='bbox 691 1914 819 1995; x_wconf 86' lang='grc' dir='ltr'><strong><em>νεωτέρω</em></strong></span> <span class='ocrx_word' id='word_1_109' title='bbox 846 1912 912 1982; x_wconf 64' lang='lat' dir='ltr'>teda</span> <span class='ocrx_word' id='word_1_110' title='bbox 936 1914 1028 1991; x_wconf 81' lang='grc' dir='ltr'><strong><em>ἐμεῖο.</em></strong></span> 
     </span>
     <span class='ocr_line' id='line_1_17' title="bbox 247 2019 1051 2103; baseline 0.001 -19"><span class='ocrx_word' id='word_1_111' title='bbox 247 2020 301 2096; x_wconf 71' lang='grc' dir='ltr'>ἤδη</span> <span class='ocrx_word' id='word_1_112' title='bbox 327 2022 389 2103; x_wconf 75' lang='grc' dir='ltr'>γάρ</span> <span class='ocrx_word' id='word_1_113' title='bbox 415 2021 484 2086; x_wconf 82' lang='grc' dir='ltr'><strong><em>ποτ’</em></strong></span> <span class='ocrx_word' id='word_1_114' title='bbox 509 2021 570 2098; x_wconf 77' lang='grc' dir='ltr'>ἐγὼ</span> <span class='ocrx_word' id='word_1_115' title='bbox 595 2020 646 2085; x_wconf 77' lang='grc' dir='ltr'>καὶ</span> <span class='ocrx_word' id='word_1_116' title='bbox 670 2021 799 2101; x_wconf 89' lang='grc' dir='ltr'><strong><em>ἀρείοσιν</em></strong></span> <span class='ocrx_word' id='word_1_117' title='bbox 824 2019 857 2098; x_wconf 76' lang='grc' dir='ltr'>ἦέ</span> <span class='ocrx_word' id='word_1_118' title='bbox 881 2044 936 2101; x_wconf 90' lang='grc' dir='ltr'>περ</span> <span class='ocrx_word' id='word_1_119' title='bbox 960 2024 1051 2096; x_wconf 77' lang='grc' dir='ltr'><strong><em>Ὕμῖν</em></strong></span> 
     </span>
     <span class='ocr_line' id='line_1_18' title="bbox 246 2125 1082 2208; baseline 0.001 -17"><span class='ocrx_word' id='word_1_120' title='bbox 246 2127 389 2207; x_wconf 79' lang='grc' dir='ltr'><strong><em>ἀνδροίσιν</em></strong></span> <span class='ocrx_word' id='word_1_121' title='bbox 412 2126 557 2206; x_wconf 67' lang='grc' dir='ltr'><strong><em>ἀμίαντα</em></strong></span> <span class='ocrx_word' id='word_1_122' title='bbox 582 2126 634 2192; x_wconf 79' lang='grc' dir='ltr'>καί</span> <span class='ocrx_word' id='word_1_123' title='bbox 660 2126 770 2192; x_wconf 78' lang='grc' dir='ltr'><strong><em>οὔποτέ</em></strong></span> <span class='ocrx_word' id='word_1_124' title='bbox 794 2129 829 2204; x_wconf 91' lang='grc' dir='ltr'>μ’</span> <span class='ocrx_word' id='word_1_125' title='bbox 854 2125 915 2205; x_wconf 69' lang='grc' dir='ltr'>οἵγ’</span> <span class='ocrx_word' id='word_1_126' title='bbox 940 2127 1082 2208; x_wconf 85' lang='grc' dir='ltr'><strong><em>ἀθέριζον.</em></strong></span> 
     </span>
    </p>

    <p class='ocr_par' dir='ltr' id='par_1_9' title="bbox 100 2231 1285 4125">
     <span class='ocr_line' id='line_1_19' title="bbox 141 2231 1279 2319; baseline -0.002 -22"><span class='ocrx_word' id='word_1_127' title='bbox 141 2232 335 2299; x_wconf 77' lang='lat' dir='ltr'>Aristarchus</span> <span class='ocrx_word' id='word_1_128' title='bbox 358 2233 397 2298; x_wconf 91' lang='lat' dir='ltr'>de</span> <span class='ocrx_word' id='word_1_129' title='bbox 420 2254 477 2299; x_wconf 87' lang='lat' dir='ltr'>suc</span> <span class='ocrx_word' id='word_1_130' title='bbox 503 2236 595 2311; x_wconf 83' lang='grc' dir='ltr'><strong><em>Ἡμῖν</em></strong></span> <span class='ocrx_word' id='word_1_131' title='bbox 617 2237 760 2318; x_wconf 83' lang='lat' dir='ltr'>reposuit</span> <span class='ocrx_word' id='word_1_132' title='bbox 782 2253 838 2319; x_wconf 88' lang='lat' dir='ltr'>pro</span> <span class='ocrx_word' id='word_1_133' title='bbox 863 2237 972 2310; x_wconf 74' lang='grc' dir='ltr'><strong><em>Ὑμῖν,</em></strong></span> <span class='ocrx_word' id='word_1_134' title='bbox 997 2231 1082 2318; x_wconf 91' lang='lat' dir='ltr'>quod</span> <span class='ocrx_word' id='word_1_135' title='bbox 1104 2250 1166 2316; x_wconf 93' lang='lat' dir='ltr'>quo</span> <span class='ocrx_word' id='word_1_136' title='bbox 1186 2250 1279 2318; x_wconf 78' lang='lat' dir='ltr'>argu·</span> 
     </span>
     <span class='ocr_line' id='line_1_20' title="bbox 102 2331 1278 2425; baseline -0.001 -23"><span class='ocrx_word' id='word_1_137' title='bbox 102 2345 200 2405; x_wconf 89' lang='lat' dir='ltr'>mento</span> <span class='ocrx_word' id='word_1_138' title='bbox 223 2339 379 2405; x_wconf 88' lang='lat' dir='ltr'>adductus</span> <span class='ocrx_word' id='word_1_139' title='bbox 401 2340 529 2414; x_wconf 87' lang='lat' dir='ltr'>fecerit,</span> <span class='ocrx_word' id='word_1_140' title='bbox 554 2339 631 2404; x_wconf 91' lang='lat' dir='ltr'>audi</span> <span class='ocrx_word' id='word_1_141' title='bbox 650 2360 688 2405; x_wconf 86' lang='lat' dir='ltr'>ex</span> <span class='ocrx_word' id='word_1_142' title='bbox 707 2341 794 2425; x_wconf 91' lang='lat' dir='ltr'>ipso:</span> <span class='ocrx_word' id='word_1_143' title='bbox 818 2341 848 2422; x_wconf 80' lang='grc' dir='ltr'>(ἀ</span> <span class='ocrx_word' id='word_1_144' title='bbox 868 2340 962 2412; x_wconf 78' lang='grc' dir='ltr'><strong><em>διπλῆ</em></strong></span> <span class='ocrx_word' id='word_1_145' title='bbox 981 2336 1212 2423; x_wconf 74' lang='grc' dir='ltr'><strong><em>τεριεςιγμένη)</em></strong></span> <span class='ocrx_word' id='word_1_146' title='bbox 1232 2331 1278 2401; x_wconf 83' lang='grc' dir='ltr'>θτι</span> 
     </span>
     <span class='ocr_line' id='line_1_21' title="bbox 101 2442 1277 2529; baseline 0.001 -21"><span class='ocrx_word' id='word_1_147' title='bbox 101 2446 248 2519; x_wconf 74' lang='grc' dir='ltr'><strong><em>Ζννθδοτνι</em></strong></span> <span class='ocrx_word' id='word_1_148' title='bbox 270 2443 387 2529; x_wconf 77' lang='grc' dir='ltr'><strong><em>νράφει</em></strong></span> <span class='ocrx_word' id='word_1_149' title='bbox 413 2446 452 2521; x_wconf 76' lang='grc' dir='ltr'>ἦέ</span> <span class='ocrx_word' id='word_1_150' title='bbox 477 2469 547 2525; x_wconf 93' lang='grc' dir='ltr'>περ</span> <span class='ocrx_word' id='word_1_151' title='bbox 573 2448 694 2522; x_wconf 73' lang='grc' dir='ltr'><strong><em>Ὑμῖν.</em></strong></span> <span class='ocrx_word' id='word_1_152' title='bbox 720 2449 993 2512; x_wconf 76' lang='grc' dir='ltr'>ἘΦΤΒΡΙΟΤΟΟ</span> <span class='ocrx_word' id='word_1_153' title='bbox 1016 2444 1047 2510; x_wconf 79' lang='lat' dir='ltr'>u</span> <span class='ocrx_word' id='word_1_154' title='bbox 1067 2445 1080 2509; x_wconf 86' lang='grc' dir='ltr'><strong><em>θ</em></strong></span> <span class='ocrx_word' id='word_1_155' title='bbox 1099 2443 1204 2522; x_wconf 77' lang='grc' dir='ltr'><strong><em>λόγος.</em></strong></span> <span class='ocrx_word' id='word_1_156' title='bbox 1226 2442 1277 2509; x_wconf 70' lang='grc' dir='ltr'>διά</span> 
     </span>
     <span class='ocr_line' id='line_1_22' title="bbox 101 2547 1276 2632; baseline -0.001 -18"><span class='ocrx_word' id='word_1_157' title='bbox 101 2549 128 2615; x_wconf 73' lang='grc' dir='ltr'>δὲ</span> <span class='ocrx_word' id='word_1_158' title='bbox 153 2558 202 2618; x_wconf 80' lang='grc' dir='ltr'>τοῦ</span> <span class='ocrx_word' id='word_1_159' title='bbox 234 2556 348 2631; x_wconf 86' lang='grc' dir='ltr'><strong><em>Ἡμῖν</em></strong></span> <span class='ocrx_word' id='word_1_160' title='bbox 380 2552 433 2617; x_wconf 84' lang='grc' dir='ltr'>καί</span> <span class='ocrx_word' id='word_1_161' title='bbox 465 2550 572 2618; x_wconf 80' lang='grc' dir='ltr'><strong><em>ἑαυτὸν</em></strong></span> <span class='ocrx_word' id='word_1_162' title='bbox 603 2553 854 2632; x_wconf 76' lang='grc' dir='ltr'><strong><em>σννναπαριθμεῖ</em></strong></span> <span class='ocrx_word' id='word_1_163' title='bbox 881 2553 934 2617; x_wconf 78' lang='grc' dir='ltr'>καί</span> <span class='ocrx_word' id='word_1_164' title='bbox 963 2550 1087 2625; x_wconf 77' lang='grc' dir='ltr'><strong><em>πάντας</em></strong></span> <span class='ocrx_word' id='word_1_165' title='bbox 1111 2550 1180 2624; x_wconf 82' lang='grc' dir='ltr'><strong><em>τοὺς</em></strong></span> <span class='ocrx_word' id='word_1_166' title='bbox 1206 2547 1276 2614; x_wconf 83' lang='grc' dir='ltr'>καθ’</span> 
     </span>
     <span class='ocr_line' id='line_1_23' title="bbox 102 2655 1278 2745; baseline 0.002 -27"><span class='ocrx_word' id='word_1_167' title='bbox 102 2655 207 2724; x_wconf 81' lang='grc' dir='ltr'><strong><em>ἓοωτθν.</em></strong></span> <span class='ocrx_word' id='word_1_168' title='bbox 253 2658 326 2725; x_wconf 89' lang='lat' dir='ltr'>Aiu&#39;</span> <span class='ocrx_word' id='word_1_169' title='bbox 356 2658 451 2727; x_wconf 86' lang='lat' dir='ltr'>vero?</span> <span class='ocrx_word' id='word_1_170' title='bbox 483 2658 648 2739; x_wconf 78' lang='grc' dir='ltr'><strong><em>ἐφθβριςοι</em></strong></span> <span class='ocrx_word' id='word_1_171' title='bbox 680 2659 712 2725; x_wconf 76' lang='grc' dir='ltr'>δὲ</span> <span class='ocrx_word' id='word_1_172' title='bbox 742 2660 756 2723; x_wconf 82' lang='grc' dir='ltr'><strong><em>ί</em></strong></span> <span class='ocrx_word' id='word_1_173' title='bbox 792 2656 904 2739; x_wconf 59' lang='lat' dir='ltr'>atroci</span> <span class='ocrx_word' id='word_1_174' title='bbox 935 2658 970 2724; x_wconf 78' lang='lat' dir='ltr'>Si</span> <span class='ocrx_word' id='word_1_175' title='bbox 1001 2661 1072 2744; x_wconf 87' lang='lat' dir='ltr'>quis</span> <span class='ocrx_word' id='word_1_176' title='bbox 1101 2658 1142 2723; x_wconf 91' lang='lat' dir='ltr'>ad</span> <span class='ocrx_word' id='word_1_177' title='bbox 1167 2676 1278 2745; x_wconf 81' lang='lat' dir='ltr'>regem</span> 
     </span>
     <span class='ocr_line' id='line_1_24' title="bbox 101 2759 1279 2854; baseline 0 -28"><span class='ocrx_word' id='word_1_178' title='bbox 101 2759 311 2832; x_wconf 79' lang='lat' dir='ltr'>Ptolemaeum</span> <span class='ocrx_word' id='word_1_179' title='bbox 343 2767 394 2832; x_wconf 80' lang='grc' dir='ltr'><strong><em>τὸν</em></strong></span> <span class='ocrx_word' id='word_1_180' title='bbox 425 2767 600 2844; x_wconf 72' lang='grc' dir='ltr'><strong><em>Εὐεργέτην</em></strong></span> <span class='ocrx_word' id='word_1_181' title='bbox 632 2764 697 2854; x_wconf 85' lang='lat' dir='ltr'>(vel</span> <span class='ocrx_word' id='word_1_182' title='bbox 726 2768 833 2851; x_wconf 86' lang='lat' dir='ltr'>potius</span> <span class='ocrx_word' id='word_1_183' title='bbox 863 2767 915 2832; x_wconf 80' lang='grc' dir='ltr'><strong><em>σθν</em></strong></span> <span class='ocrx_word' id='word_1_184' title='bbox 946 2763 1143 2844; x_wconf 71' lang='grc' dir='ltr'><strong><em>Κακεργέτην</em></strong></span> <span class='ocrx_word' id='word_1_185' title='bbox 1173 2762 1279 2827; x_wconf 90' lang='lat' dir='ltr'>iudice</span> 
     </span>
     <span class='ocr_line' id='line_1_25' title="bbox 102 2867 1280 2961; baseline -0.003 -27"><span class='ocrx_word' id='word_1_186' title='bbox 102 2872 206 2956; x_wconf 91' lang='lat' dir='ltr'>populo</span> <span class='ocrx_word' id='word_1_187' title='bbox 238 2873 322 2958; x_wconf 91' lang='lat' dir='ltr'>apud</span> <span class='ocrx_word' id='word_1_188' title='bbox 346 2873 547 2938; x_wconf 84' lang='lat' dir='ltr'>Athenaeum</span> <span class='ocrx_word' id='word_1_189' title='bbox 570 2894 643 2961; x_wconf 80' lang='lat' dir='ltr'>pag.</span> <span class='ocrx_word' id='word_1_190' title='bbox 670 2870 746 2938; x_wconf 84' lang='lat'>184.</span> <span class='ocrx_word' id='word_1_191' title='bbox 770 2872 819 2956; x_wconf 89' lang='lat' dir='ltr'>o),</span> <span class='ocrx_word' id='word_1_192' title='bbox 844 2893 939 2957; x_wconf 89' lang='lat' dir='ltr'>quem</span> <span class='ocrx_word' id='word_1_193' title='bbox 962 2869 1164 2937; x_wconf 82' lang='lat' dir='ltr'>Aristarchus</span> <span class='ocrx_word' id='word_1_194' title='bbox 1188 2867 1280 2932; x_wconf 89' lang='lat' dir='ltr'>disci-</span> 
     </span>
     <span class='ocr_line' id='line_1_26' title="bbox 100 2970 1278 3067; baseline -0.007 -24"><span class='ocrx_word' id='word_1_195' title='bbox 100 2978 204 3060; x_wconf 89' lang='lat' dir='ltr'>pulum</span> <span class='ocrx_word' id='word_1_196' title='bbox 234 2980 349 3045; x_wconf 88' lang='lat' dir='ltr'>hahuit</span> <span class='ocrx_word' id='word_1_197' title='bbox 379 2980 509 3064; x_wconf 89' lang='lat' dir='ltr'>(Athen.</span> <span class='ocrx_word' id='word_1_198' title='bbox 539 2999 613 3067; x_wconf 81' lang='lat' dir='ltr'>pag.</span> <span class='ocrx_word' id='word_1_199' title='bbox 647 2977 701 3045; x_wconf 80' lang='lat'>71.</span> <span class='ocrx_word' id='word_1_200' title='bbox 733 2984 792 3063; x_wconf 78' lang='lat' dir='ltr'>a),</span> <span class='ocrx_word' id='word_1_201' title='bbox 824 2981 871 3042; x_wconf 88' lang='lat' dir='ltr'>ita</span> <span class='ocrx_word' id='word_1_202' title='bbox 899 2978 1048 3042; x_wconf 78' lang='lat' dir='ltr'>dixisset:</span> <span class='ocrx_word' id='word_1_203' title='bbox 1074 2970 1278 3053; x_wconf 66' lang='lat' dir='ltr'>calciarium</span> 
     </span>
     <span class='ocr_line' id='line_1_27' title="bbox 102 3079 1278 3164; baseline -0.004 -17"><span class='ocrx_word' id='word_1_204' title='bbox 102 3083 179 3164; x_wconf 82' lang='grc' dir='ltr'><strong><em>ν’έπερ</em></strong></span> <span class='ocrx_word' id='word_1_205' title='bbox 204 3086 297 3164; x_wconf 84' lang='grc' dir='ltr'><strong><em>ὑμῖν</em></strong></span> <span class='ocrx_word' id='word_1_206' title='bbox 322 3084 463 3164; x_wconf 80' lang='grc' dir='ltr'><strong><em>ἀνδράσιν</em></strong></span> <span class='ocrx_word' id='word_1_207' title='bbox 484 3079 645 3164; x_wconf 65' lang='grc' dir='ltr'><strong><em>ἀμίαντα,</em></strong></span> <span class='ocrx_word' id='word_1_208' title='bbox 667 3084 897 3150; x_wconf 89' lang='lat' dir='ltr'>contumeliosa</span> <span class='ocrx_word' id='word_1_209' title='bbox 916 3085 1015 3148; x_wconf 87' lang='lat' dir='ltr'>oratio</span> <span class='ocrx_word' id='word_1_210' title='bbox 1035 3087 1067 3148; x_wconf 89' lang='lat' dir='ltr'>et</span> <span class='ocrx_word' id='word_1_211' title='bbox 1086 3079 1175 3146; x_wconf 91' lang='lat' dir='ltr'>nullo</span> <span class='ocrx_word' id='word_1_212' title='bbox 1186 3083 1278 3164; x_wconf 89' lang='lat' dir='ltr'>pacto</span> 
     </span>
     <span class='ocr_line' id='line_1_28' title="bbox 102 3183 1280 3278; baseline -0.003 -28"><span class='ocrx_word' id='word_1_213' title='bbox 102 3189 251 3257; x_wconf 88' lang='lat' dir='ltr'>toleranda</span> <span class='ocrx_word' id='word_1_214' title='bbox 274 3193 421 3257; x_wconf 91' lang='lat' dir='ltr'>omnibus</span> <span class='ocrx_word' id='word_1_215' title='bbox 445 3193 627 3278; x_wconf 88' lang='lat' dir='ltr'>purpuratis</span> <span class='ocrx_word' id='word_1_216' title='bbox 650 3194 719 3259; x_wconf 77' lang='lat' dir='ltr'>visa</span> <span class='ocrx_word' id='word_1_217' title='bbox 742 3192 865 3256; x_wconf 84' lang='lat' dir='ltr'>fuisset.</span> <span class='ocrx_word' id='word_1_218' title='bbox 890 3188 952 3255; x_wconf 81' lang='lat' dir='ltr'>Sed</span> <span class='ocrx_word' id='word_1_219' title='bbox 974 3208 1075 3273; x_wconf 89' lang='lat' dir='ltr'>neque</span> <span class='ocrx_word' id='word_1_220' title='bbox 1097 3185 1173 3250; x_wconf 87' lang='lat' dir='ltr'>illae</span> <span class='ocrx_word' id='word_1_221' title='bbox 1192 3183 1280 3250; x_wconf 91' lang='lat' dir='ltr'>blau-</span> 
     </span>
     <span class='ocr_line' id='line_1_29' title="bbox 103 3291 1280 3383; baseline -0.005 -24"><span class='ocrx_word' id='word_1_222' title='bbox 103 3293 202 3374; x_wconf 75' lang='lat' dir='ltr'>ditae,</span> <span class='ocrx_word' id='word_1_223' title='bbox 235 3319 314 3383; x_wconf 89' lang='lat' dir='ltr'>ques</span> <span class='ocrx_word' id='word_1_224' title='bbox 349 3304 506 3363; x_wconf 81' lang='lat' dir='ltr'>crescente</span> <span class='ocrx_word' id='word_1_225' title='bbox 540 3296 741 3364; x_wconf 80' lang='lat' dir='ltr'>humanitate</span> <span class='ocrx_word' id='word_1_226' title='bbox 775 3299 860 3362; x_wconf 88' lang='lat' dir='ltr'>inter</span> <span class='ocrx_word' id='word_1_227' title='bbox 892 3295 1036 3361; x_wconf 89' lang='lat' dir='ltr'>homines</span> <span class='ocrx_word' id='word_1_228' title='bbox 1070 3291 1280 3378; x_wconf 83' lang='lat' dir='ltr'>elegantiores</span> 
     </span>
     <span class='ocr_line' id='line_1_30' title="bbox 102 3398 1282 3489; baseline -0.004 -26"><span class='ocrx_word' id='word_1_229' title='bbox 102 3399 234 3480; x_wconf 82' lang='grc' dir='ltr'><strong><em>ἀρέσκεια</em></strong></span> <span class='ocrx_word' id='word_1_230' title='bbox 264 3403 419 3489; x_wconf 90' lang='lat' dir='ltr'>quaedam</span> <span class='ocrx_word' id='word_1_231' title='bbox 443 3406 580 3489; x_wconf 89' lang='lat' dir='ltr'>peperit,</span> <span class='ocrx_word' id='word_1_232' title='bbox 604 3404 752 3469; x_wconf 90' lang='lat' dir='ltr'>heroibus</span> <span class='ocrx_word' id='word_1_233' title='bbox 776 3402 959 3468; x_wconf 88' lang='lat' dir='ltr'>Homericis</span> <span class='ocrx_word' id='word_1_234' title='bbox 980 3404 1073 3466; x_wconf 91' lang='lat' dir='ltr'>notae</span> <span class='ocrx_word' id='word_1_235' title='bbox 1096 3398 1226 3462; x_wconf 88' lang='lat' dir='ltr'>fuerunt</span> <span class='ocrx_word' id='word_1_236' title='bbox 1249 3398 1282 3460; x_wconf 90' lang='lat' dir='ltr'>st</span> 
     </span>
     <span class='ocr_line' id='line_1_31' title="bbox 104 3501 1280 3597; baseline -0.005 -27"><span class='ocrx_word' id='word_1_237' title='bbox 104 3505 268 3576; x_wconf 82' lang='lat' dir='ltr'>Aristarchi</span> <span class='ocrx_word' id='word_1_238' title='bbox 291 3513 472 3576; x_wconf 88' lang='lat' dir='ltr'>coniectura</span> <span class='ocrx_word' id='word_1_239' title='bbox 493 3531 567 3576; x_wconf 91' lang='lat' dir='ltr'>cum</span> <span class='ocrx_word' id='word_1_240' title='bbox 589 3509 653 3576; x_wconf 91' lang='lat' dir='ltr'>loci</span> <span class='ocrx_word' id='word_1_241' title='bbox 672 3511 828 3576; x_wconf 87' lang='lat' dir='ltr'>sententia</span> <span class='ocrx_word' id='word_1_242' title='bbox 846 3512 979 3597; x_wconf 73' lang='lat' dir='ltr'>pugnat.</span> <span class='ocrx_word' id='word_1_243' title='bbox 1016 3504 1120 3570; x_wconf 78' lang='grc' dir='ltr'><strong><em>’Λλνιά</em></strong></span> <span class='ocrx_word' id='word_1_244' title='bbox 1140 3501 1280 3580; x_wconf 84' lang='grc' dir='ltr'><strong><em>τίθεσθε,</em></strong></span> 
     </span>
     <span class='ocr_line' id='line_1_32' title="bbox 104 3607 1281 3702; baseline -0.003 -26"><span class='ocrx_word' id='word_1_245' title='bbox 104 3610 206 3682; x_wconf 87' lang='lat' dir='ltr'>Nestor</span> <span class='ocrx_word' id='word_1_246' title='bbox 226 3619 350 3702; x_wconf 87' lang='lat' dir='ltr'>iuquit,</span> <span class='ocrx_word' id='word_1_247' title='bbox 374 3616 508 3681; x_wconf 89' lang='grc' dir='ltr'><strong><em>ε’πίθοντο</em></strong></span> <span class='ocrx_word' id='word_1_248' title='bbox 534 3617 596 3697; x_wconf 74' lang='grc' dir='ltr'>γάρ</span> <span class='ocrx_word' id='word_1_249' title='bbox 619 3639 670 3693; x_wconf 94' lang='grc' dir='ltr'>μοι</span> <span class='ocrx_word' id='word_1_250' title='bbox 695 3615 747 3680; x_wconf 79' lang='grc' dir='ltr'>καί</span> <span class='ocrx_word' id='word_1_251' title='bbox 770 3615 927 3693; x_wconf 85' lang='grc' dir='ltr'><strong><em>ἀμείνονες</em></strong></span> <span class='ocrx_word' id='word_1_252' title='bbox 950 3613 1026 3693; x_wconf 76' lang='grc' dir='ltr'><strong><em>ἤπερ</em></strong></span> <span class='ocrx_word' id='word_1_253' title='bbox 1047 3611 1144 3689; x_wconf 81' lang='grc' dir='ltr'><strong><em>ὑμεῖς.</em></strong></span> <span class='ocrx_word' id='word_1_254' title='bbox 1181 3607 1281 3673; x_wconf 90' lang='lat' dir='ltr'>Plena</span> 
     </span>
     <span class='ocr_line' id='line_1_33' title="bbox 104 3716 1284 3806; baseline -0.008 -19"><span class='ocrx_word' id='word_1_255' title='bbox 104 3725 259 3803; x_wconf 76' lang='lat' dir='ltr'>gravitatis</span> <span class='ocrx_word' id='word_1_256' title='bbox 300 3728 333 3788; x_wconf 91' lang='lat' dir='ltr'>et</span> <span class='ocrx_word' id='word_1_257' title='bbox 360 3725 560 3788; x_wconf 84' lang='lat' dir='ltr'>auctoritatis</span> <span class='ocrx_word' id='word_1_258' title='bbox 590 3725 690 3788; x_wconf 88' lang='lat' dir='ltr'>oratio</span> <span class='ocrx_word' id='word_1_259' title='bbox 721 3726 784 3798; x_wconf 88' lang='lat' dir='ltr'>est,</span> <span class='ocrx_word' id='word_1_260' title='bbox 815 3719 917 3806; x_wconf 90' lang='lat' dir='ltr'>qualis</span> <span class='ocrx_word' id='word_1_261' title='bbox 949 3717 1116 3784; x_wconf 84' lang='lat' dir='ltr'>Octaviani</span> <span class='ocrx_word' id='word_1_262' title='bbox 1141 3716 1284 3802; x_wconf 81' lang='lat' dir='ltr'>Augusti</span> 
     </span>
     <span class='ocr_line' id='line_1_34' title="bbox 104 3821 1283 3909; baseline -0.003 -21"><span class='ocrx_word' id='word_1_263' title='bbox 104 3821 158 3890; x_wconf 85' lang='lat' dir='ltr'>fuit</span> <span class='ocrx_word' id='word_1_264' title='bbox 179 3828 217 3893; x_wconf 93' lang='lat' dir='ltr'>ad</span> <span class='ocrx_word' id='word_1_265' title='bbox 241 3831 373 3896; x_wconf 85' lang='lat' dir='ltr'>iuvenes</span> <span class='ocrx_word' id='word_1_266' title='bbox 396 3832 443 3895; x_wconf 87' lang='lat' dir='ltr'>ita</span> <span class='ocrx_word' id='word_1_267' title='bbox 469 3829 619 3895; x_wconf 90' lang='lat' dir='ltr'>dicentis:</span> <span class='ocrx_word' id='word_1_268' title='bbox 643 3829 746 3892; x_wconf 83' lang='lat' dir='ltr'>cadite</span> <span class='ocrx_word' id='word_1_269' title='bbox 769 3828 889 3892; x_wconf 81' lang='grc' dir='ltr'><strong><em>οἰινοιιοε</em></strong></span> <span class='ocrx_word' id='word_1_270' title='bbox 911 3849 1023 3902; x_wconf 76' lang='lat' dir='ltr'>renea,</span> <span class='ocrx_word' id='word_1_271' title='bbox 1047 3845 1130 3909; x_wconf 81' lang='lat' dir='ltr'>qoem</span> <span class='ocrx_word' id='word_1_272' title='bbox 1149 3821 1283 3886; x_wconf 81' lang='grc' dir='ltr'><strong><em>οἰινιαονι</em></strong></span> 
     </span>
     <span class='ocr_line' id='line_1_35' title="bbox 105 3928 1285 4022; baseline 0.001 -31"><span class='ocrx_word' id='word_1_273' title='bbox 105 3950 176 3998; x_wconf 78' lang='lat' dir='ltr'>cenea</span> <span class='ocrx_word' id='word_1_274' title='bbox 205 3937 366 4000; x_wconf 79' lang='grc' dir='ltr'><strong><em>ιιοοάίοίοιιί</em></strong></span> <span class='ocrx_word' id='word_1_275' title='bbox 390 3935 427 4022; x_wconf 89' lang='lat'>¹).</span> <span class='ocrx_word' id='word_1_276' title='bbox 474 3935 523 4002; x_wconf 79' lang='lat' dir='ltr'>Ex</span> <span class='ocrx_word' id='word_1_277' title='bbox 554 3935 730 4001; x_wconf 88' lang='lat' dir='ltr'>Aristarchi</span> <span class='ocrx_word' id='word_1_278' title='bbox 753 3939 862 4000; x_wconf 90' lang='lat' dir='ltr'>autem</span> <span class='ocrx_word' id='word_1_279' title='bbox 887 3933 1076 3999; x_wconf 90' lang='lat' dir='ltr'>correctione</span> <span class='ocrx_word' id='word_1_280' title='bbox 1099 3928 1215 3994; x_wconf 89' lang='lat' dir='ltr'>Nestor</span> <span class='ocrx_word' id='word_1_281' title='bbox 1237 3928 1285 3992; x_wconf 91' lang='lat' dir='ltr'>ita</span> 
     </span>
     <span class='ocr_line' id='line_1_36' title="bbox 106 4031 1281 4125; baseline 0.006 -22"><span class='ocrx_word' id='word_1_282' title='bbox 106 4034 188 4106; x_wconf 88' lang='lat' dir='ltr'>dicit:</span> <span class='ocrx_word' id='word_1_283' title='bbox 221 4042 355 4124; x_wconf 76' lang='grc' dir='ltr'><strong><em>ἐπίθοντο</em></strong></span> <span class='ocrx_word' id='word_1_284' title='bbox 386 4040 450 4125; x_wconf 58' lang='lat' dir='ltr'>aas</span> <span class='ocrx_word' id='word_1_285' title='bbox 481 4065 532 4121; x_wconf 90' lang='grc' dir='ltr'>μοι</span> <span class='ocrx_word' id='word_1_286' title='bbox 564 4040 616 4107; x_wconf 80' lang='grc' dir='ltr'>καί</span> <span class='ocrx_word' id='word_1_287' title='bbox 649 4040 804 4121; x_wconf 85' lang='grc' dir='ltr'><strong><em>ἀμείνονες</em></strong></span> <span class='ocrx_word' id='word_1_288' title='bbox 838 4042 913 4122; x_wconf 74' lang='grc' dir='ltr'><strong><em>ἥπερ</em></strong></span> <span class='ocrx_word' id='word_1_289' title='bbox 942 4042 1051 4118; x_wconf 74' lang='grc' dir='ltr'><strong><em>ἡμεῖς,</em></strong></span> <span class='ocrx_word' id='word_1_290' title='bbox 1075 4031 1146 4118; x_wconf 56' lang='lat' dir='ltr'>“Det</span> <span class='ocrx_word' id='word_1_291' title='bbox 1170 4057 1205 4098; x_wconf 65' lang='grc' dir='ltr'>τε</span> <span class='ocrx_word' id='word_1_292' title='bbox 1229 4031 1281 4097; x_wconf 63' lang='grc' dir='ltr'>κθ)</span> 
     </span>
    </p>
   </div>
   <div class='ocr_carea' id='block_1_4' title="bbox 107 4273 1287 4434">
    <p class='ocr_par' dir='ltr' id='par_1_10' title="bbox 107 4273 1287 4434">
     <span class='ocr_line' id='line_1_37' title="bbox 136 4273 1287 4352; baseline 0.002 -20"><span class='ocrx_word' id='word_1_293' title='bbox 136 4283 158 4344; x_wconf 89' lang='lat' dir='ltr'>l)</span> <span class='ocrx_word' id='word_1_294' title='bbox 180 4285 290 4336; x_wconf 83' lang='lat' dir='ltr'>Stchsens</span> <span class='ocrx_word' id='word_1_295' title='bbox 306 4287 333 4336; x_wconf 86' lang='lat' dir='ltr'>in</span> <span class='ocrx_word' id='word_1_296' title='bbox 350 4285 460 4352; x_wconf 81' lang='grc' dir='ltr'><strong><em>Αρροιιιί.</em></strong></span> <span class='ocrx_word' id='word_1_297' title='bbox 484 4285 589 4338; x_wconf 64' lang='lat' dir='ltr'>Florem.</span> <span class='ocrx_word' id='word_1_298' title='bbox 611 4287 635 4337; x_wconf 93' lang='lat'>1.</span> <span class='ocrx_word' id='word_1_299' title='bbox 659 4293 682 4337; x_wconf 85' lang='lat'>5.</span> <span class='ocrx_word' id='word_1_300' title='bbox 711 4282 849 4344; x_wconf 73' lang='grc' dir='ltr'><strong><em>ἀκούσατε,</em></strong></span> <span class='ocrx_word' id='word_1_301' title='bbox 876 4281 939 4346; x_wconf 68' lang='lat' dir='ltr'>ton,</span> <span class='ocrx_word' id='word_1_302' title='bbox 968 4281 1012 4332; x_wconf 86' lang='grc' dir='ltr'><strong><em>νθσι</em></strong></span> <span class='ocrx_word' id='word_1_303' title='bbox 1040 4280 1152 4348; x_wconf 74' lang='grc' dir='ltr'><strong><em>γέροντος</em></strong></span> <span class='ocrx_word' id='word_1_304' title='bbox 1181 4273 1209 4330; x_wconf 70' lang='grc' dir='ltr'>οὗ</span> <span class='ocrx_word' id='word_1_305' title='bbox 1236 4280 1287 4334; x_wconf 66' lang='lat' dir='ltr'>aaa</span> 
     </span>
     <span class='ocr_line' id='line_1_38' title="bbox 107 4370 315 4434; baseline -0.01 -7"><span class='ocrx_word' id='word_1_306' title='bbox 107 4379 207 4432; x_wconf 76' lang='grc' dir='ltr'><strong><em>ῖτροντις</em></strong></span> <span class='ocrx_word' id='word_1_307' title='bbox 225 4370 315 4434; x_wconf 70' lang='lat' dir='ltr'>timae</span> 
     </span>
    </p>
   </div>
   <div class='ocr_carea' id='block_1_5' title="bbox 0 0 1531 4970">
    <p class='ocr_par' dir='ltr' id='par_1_11' title="bbox 0 0 1531 4970">
     <span class='ocr_line' id='line_1_39' title="bbox 0 0 1531 4970; baseline 0 0"><span class='ocrx_word' id='word_1_308' title='bbox 0 0 1531 4970; x_wconf 95' lang='lat' dir='ltr'> </span> 
     </span>
    </p>
   </div>
  </div>
 </body>
</html>
