3034 4968
636 225 700 298 125

118 416 194 505 Pag.
230 413 307 481 194.
343 412 458 481 τούτων
492 414 523 481 δέ
560 415 632 502 (τῶν
666 417 765 499 ἐθνῶν)
796 413 1028 498 ε’πιφανέεατθν
1058 418 1103 487 ies
1134 416 1169 483 τδ
1200 423 1259 486 τούν

85 524 245 602 Ἀρουέρνων
270 521 323 586 καί
347 522 382 587 πθ
401 527 461 587 τῶν
478 522 655 601 Καρνούτων
665 570 675 600 ,
695 522 731 587 δι’
752 519 791 588 οὐν
811 525 931 600 ἀμφοῖν
950 523 1085 605 ἐνεχθείς
1106 524 1120 589 θ
1140 524 1258 604 Λείχηρ

86 629 118 700 είς
147 631 197 694 τὸν
219 627 376 692 Ὠκεανὸν
400 625 529 704 έξΕΙΟΙ.
564 628 718 718 ¹Flumen
741 631 775 693 in
799 649 888 695 mare
909 648 973 694 non
997 628 1177 711 ἐξέρχεται,
1205 630 1260 696 sed

86 732 184 809 ἐξίησι,
211 734 295 819 quod
317 753 443 818 repone.

119 840 281 906 Praeterea
317 840 419 904 scribe
449 840 463 904 θ
495 841 618 919 Λίρηρ,
648 861 724 907 num
755 843 860 927 prima
891 842 997 908 brevis
1026 847 1084 906 est.
1131 840 1258 926 Ubique

85 946 153 1030 apud
184 943 372 1011 Strabonem
404 954 418 1008 1
450 950 482 1011 et
515 955 554 1011 el
587 946 840 1025 confimduntnr,
870 951 908 1012 ut
929 950 965 1013 iu
987 954 1111 1027 Λείρις,
1138 954 1257 1028 Σεῑρις,

81 1049 219 1133 Ὀσειρις,
244 1051 450 1131 Ταπθσειρις,
476 1057 508 1118 et
531 1057 604 1119 cont
641 1099 648 1118 .

119 1263 193 1352 Peg.
226 1260 300 1328 198.
335 1265 370 1330 τὸ
391 1263 457 1329 ἀπὸ
479 1273 534 1340 τῆς
558 1261 669 1345 μάχης
694 1265 844 1336 ἀπνθυτας
869 1264 927 1338 τάς
952 1265 1099 1344 κεφαλάς
1122 1269 1181 1330 τῶν
1204 1287 1258 1330 πο-

86 1371 185 1448 λεμίων
210 1369 358 1446 ἒξάππειν
381 1371 415 1436 ε’κ
438 1376 495 1436 τῶν
520 1371 659 1452 αὐχένων
682 1376 741 1436 τῶν
762 1367 882 1446 ίππων,
905 1371 1096 1448 κομίσαντας
1117 1371 1148 1436 δέ
1167 1395 1256 1451 προσ-

84 1476 279 1543 πατταλεύειυ
310 1476 330 1517 *
353 1478 408 1550 τθην
440 1476 510 1542 θέαν
541 1485 605 1549 τοῖς
629 1478 838 1558 προπυλαίοις.
865 1477 942 1557 φησί
966 1482 1040 1554 χούν
1065 1477 1257 1550 Ποσειδώνιος

84 1583 165 1656 αὐτὸς
196 1585 266 1649 ίδεῖυ
291 1584 410 1658 ταύτην
435 1583 600 1654 πολλάκις.
626 1580 806 1668 Ττυυεροιιω
830 1585 864 1647 in
887 1582 971 1648 huno
993 1583 1145 1649 modum:
1170 1607 1258 1664 προσ-

84 1692 280 1756 τατταλεθειν
312 1699 377 1762 τοῖς
397 1690 619 1770 προπυλαίοις.
652 1691 729 1770 φησί
756 1695 830 1767 γοῦν
853 1688 1044 1760 Ποσειδώνιος
1068 1689 1161 1761 αὐτὸς
1186 1688 1258 1754 ίδεῖν

83 1796 186 1870 ταύτην
213 1798 267 1872 τύην
292 1795 363 1861 θέαν
386 1794 552 1868 πολλάκις.
601 1795 722 1862 Eadem
746 1798 854 1861 narrat
877 1793 1034 1860 Diodorus
1056 1793 1093 1858 V.
1118 1793 1173 1860 29.
1197 1801 1257 1860 τῶν

83 1899 108 1965 δέ
136 1905 284 1970 πεσόντων
308 1905 462 1979 πολεμίων
487 1903 544 1976 τάς
570 1903 716 1985 κεφαλάς
743 1903 946 1981 ἀφαιροῦντες
971 1899 1169 1979 περιάπτουσι
1194 1909 1257 1974 τοῖς

81 2008 184 2088 αὐχέσι
206 2015 263 2074 τῶν
286 2007 389 2076 ίππων
411 2045 457 2058 -
480 2009 533 2074 καί
557 2009 598 2075 τά
623 2008 774 2088 ἀκροθίνια
797 2012 903 2072 ταῦτα
927 2013 999 2078 ταῖς
1018 2005 1126 2078 οίκίαις
1147 2029 1257 2086 προση-

81 2118 172 2179 λούσιν
201 2112 300 2195 ὐσπερ
331 2116 362 2180 ἕν
385 2117 545 2192 κυνηγίαις
569 2113 631 2180 τισί
656 2113 867 2194 κεχειρωμένοι
892 2112 988 2191 θηρία.
1038 2110 1113 2178 Sine
1136 2117 1256 2179 contro·

81 2221 174 2287 versia
195 2222 272 2288 haec
296 2227 329 2288 et
354 2221 518 2307 complura
542 2220 605 2287 ulia
627 2223 662 2286 in
684 2219 767 2286 libro
790 2218 818 2286 V
842 2241 861 2286 a
881 2219 1051 2285 Posidonio
1075 2221 1201 2285 sumsit.

120 2431 194 2521 Peg.
219 2430 295 2499 199.
320 2431 372 2496 καί
397 2436 486 2501 τοῦτο
510 2430 541 2498 δέ
560 2437 618 2497 τῶν
638 2430 840 2512 θρυλουμένων
861 2431 921 2500 islo
941 2426 986 2496 θτι
1007 2429 1123 2504 πάντες
1145 2434 1255 2500 Κελτοί

81 2546 384 2606 ΦΙΛΟΝΘΙΚΟΙΤΕ
414 2538 473 2604 είσί
504 2538 556 2604 καί
588 2541 620 2604 οὐ
653 2537 811 2620 νομίζεται
840 2540 911 2614 παρ’
934 2539 1040 2608 αὐτοῖς
1065 2539 1193 2621 αἰσχρὸν
1218 2539 1254 2604 τὸ

80 2653 130 2719 τῆς
157 2646 258 2722 ἀκμῆς
288 2645 427 2726 ἀφειδεῖν
458 2644 527 2716 τούς
559 2644 650 2716 νέους.
697 2643 763 2709 Diu
792 2649 824 2709 et
846 2643 989 2710 multum
1013 2664 1065 2709 me
1088 2643 1141 2709 hic
1162 2644 1252 2710 locus

82 2748 187 2817 frustra
214 2755 324 2828 torsit,
357 2771 433 2816 nam
463 2750 539 2836 quid
571 2751 688 2815 dixerit
718 2747 832 2816 Strabo
863 2752 941 2815 satis
964 2752 1167 2835 perspicuum
1189 2756 1255 2836 est,

83 2875 138 2939 qno
164 2859 258 2924 modo
287 2858 322 2922 id
352 2858 469 2922 dixerit
501 2877 518 2922 e
548 2855 702 2922 vocabulo
724 2861 873 2941 corrupto
895 2855 1008 2921 elicere
1030 2877 1093 2921 nou
1116 2876 1256 2941 possum.

83 2959 175 3028 Locus
193 2985 231 3030 ex
249 2963 413 3030 Posidonii
433 2962 581 3028 Ηίσίοσίίο
598 2967 724 3027 sumtus
743 2967 801 3027 est.
836 2961 966 3026 Praeter
984 2958 1173 3028 Strabonem
1194 2963 1258 3030 dno

84 3065 134 3132 ulii
159 3073 324 3156 scriptores
354 3069 464 3135 eodem
487 3070 670 3138 testimonio
693 3070 744 3133 nsi
768 3072 842 3132 sunt
866 3069 933 3132 sine
956 3070 1084 3133 nomine
1108 3072 1257 3135 auctoris.

84 3173 159 3241 nudi
179 3179 323 3262 primum
345 3174 545 3240 Athenaeum
567 3194 639 3262 pag.
667 3172 742 3238 603.
765 3192 796 3239 a.
821 3172 930 3238 Κελτοί
955 3173 987 3238 δέ
1007 3178 1065 3238 τῶν
1085 3173 1255 3255 βαρβάρων

87 3281 174 3347 καίτοι
206 3281 364 3352 καλλίςας
392 3277 515 3361 ἔχοντες
540 3289 691 3358 γυναῖκας
716 3279 867 3350 παιδικοῖς
891 3282 1014 3356 μᾶλλον
1037 3279 1195 3360 χαίρουσιν
1219 3283 1258 3354 ὥς

86 3377 226 3460 πολλάκις
258 3387 351 3458 ένίους
377 3386 426 3451 ε’πύ
451 3393 523 3458 ταῖς
546 3386 755 3466 δοραῖςμετά
783 3386 833 3452 δύο
858 3384 1008 3465 ἐρωμένων
1032 3385 1260 3452 ἀναπαύεσθαι.

86 3492 163 3559 Audi
190 3516 273 3561 nunc
303 3491 480 3560 Diodorum
503 3489 541 3557 V.
568 3491 620 3557 32.
645 3500 799 3582 γυναῖκας
823 3491 848 3556 δ’
873 3490 997 3573 ἔχοντες
1021 3489 1145 3565 εὐειδεῖς
1170 3489 1261 3566 ίίκνςα

87 3600 207 3674 ταύταις
237 3602 436 3680 προσέχουσιν
460 3597 548 3663 ἀλλά
572 3599 644 3676 πρὸς
668 3599 727 3670 τάς
750 3604 809 3664 τῶν
832 3597 957 3677 ἀρρένων
981 3599 1153 3670 ε’πιπλοκάς
1178 3598 1265 3665 ε’κτθ-

89 3727 144 3777 πως
167 3710 326 3772 λυσσῶσιν.
351 3705 471 3770 είιθθασι
495 3704 527 3769 δέ
550 3704 600 3770 ἐπί
624 3706 723 3785 δοραῖς
748 3704 851 3785 θηρίων
874 3706 983 3784 χαμαί
1008 3703 1203 3778 καθεύδοντες
1229 3705 1264 3782 ἐξ

87 3810 258 3893 ἀμφοτέρων
295 3817 353 3878 τῶν
387 3815 484 3891 μερῶν
515 3813 712 3889 παρακοίτοις
745 3812 980 3889 συγκυλίεσθαι.
1013 3810 1047 3876 τὸ
1078 3810 1110 3876 δέ
1140 3811 1263 3879 πάντωυ

88 3918 325 3996 παραδοξότατον
359 3923 414 3991 τῆς
452 3915 530 3994 ίδίας
566 3914 800 3997 εὐσχημοσύνης
837 3917 1089 3996 ἀφρονπιςούντες
1120 3917 1176 3991 τύην
1207 3925 1261 3985 τοῦ

88 4024 220 4100 σώματος
252 4021 329 4104 θίραν
360 4020 494 4094 εὐκθπως
526 4022 633 4099 ἑτέροις
665 4024 819 4105 προίενται
852 4023 905 4088 καί
935 4028 1023 4088 τοῦτο
1049 4023 1177 4103 αίσχρδν
1203 4026 1263 4108 οὐχ

88 4129 244 4207 ἡγοῦνται,
268 4130 358 4194 ἀλλά
379 4132 501 4205 μάλλου
521 4124 595 4194 θταν
619 4154 666 4203 τις
687 4131 788 4194 αὐτῶν
808 4129 1017 4211 χαριζομένων
1037 4130 1081 4205 μίη
1102 4129 1265 4208 προσδέξη-

90 4258 139 4299 ται
167 4237 218 4311 τδην
248 4236 401 4311 διδομένην
433 4235 527 4315 χάριν
551 4233 661 4312 ἀτιμου
686 4238 846 4313 ἡγοῦνται.
896 4234 991 4302 Vides
1015 4255 1053 4300 ea
1076 4256 1154 4321 quae
1177 4236 1265 4303 Posi·

92 4339 196 4406 donins
234 4340 374 4429 eleganti
414 4341 620 4428 simplicitate
660 4344 858 4408 enunciaeset
899 4341 938 4407 ab
973 4343 1081 4427 inepto
1115 4343 1266 4428 scriptore
