3034 4970
107 415 241 492 hostilis,
265 417 397 496 domus,
420 437 513 506 eger,
534 415 661 482 fundus.
685 415 868 484 Herodotus
886 414 912 481 I.
934 413 1009 480 196.
1026 415 1287 502 (retexerimus)

106 520 189 601 κίρνξ
212 525 388 602 πωλέεσκε,
414 529 521 605 πρῶτα
544 522 600 600 μὲν
624 521 678 594 τίρν
703 521 897 596 εὐειδεςοίτην
921 522 955 586 ἐκ
978 519 1116 587 πασίων·
1142 524 1227 602 μετόν
1252 524 1285 589 δὲ

106 622 170 699 όιιως
196 627 274 704 αὕτη
306 633 483 712 εὑροῦσα
516 628 667 694 πολλόν
699 626 822 707 πρηόείη
857 625 959 701 ἄλλην
992 629 1192 708 οίνεκνίρνσσε,
1228 631 1286 696 ubi

105 732 159 822 leg.
189 732 289 810 ιίλλην
320 736 358 802 ἂν
390 736 546 816 ἐκήρυσσε.
592 733 679 799 Hine
706 735 735 799 si
759 732 836 818 quid
858 732 986 818 ρωοίίόοό
1002 735 1103 816 pretio
1127 736 1284 814 obiicitur,

106 840 161 905 diei
182 841 261 907 solet
285 847 339 908 τοῦ
363 841 548 922 εὑρίσκοντος
573 844 605 904 et
628 843 753 926 saepius
777 844 829 905 τοῦ
856 837 988 919 εὑρόντος
1012 842 1150 906 vaenire.
1194 840 1285 921 Quod

106 947 180 1030 spud
202 945 357 1012 Plautum
380 948 500 1012 dieitur
522 948 557 1011 in
579 947 782 1010 Menaechmis
804 945 860 1010 III.
887 943 918 1009 3.
942 943 997 1009 24.

274 1053 356 1117 Νκιιι
378 1053 454 1138 quid
474 1052 544 1116 uis?
566 1070 623 1117 ssu.
645 1053 718 1116 haec
739 1076 784 1116 me
806 1059 978 1116 curaturum
1002 1053 1104 1118 ιίόοίίο.

106 1159 169 1220 tum
189 1177 296 1222 seeum
318 1179 359 1224 ne
383 1157 499 1223 anciila
522 1157 632 1222 audiat
642 1205 651 1236 ,

274 1269 308 1326 ιιι
330 1271 473 1348 quantum
488 1263 607 1347 ροιείοιι
632 1266 750 1348 quique
772 1263 889 1328 liessnt
911 1271 1063 1329 οοοαοοαι.

104 1365 134 1430 id
150 1367 332 1454 Xenophon
362 1371 397 1434 in
429 1370 552 1434 Memor.
587 1369 627 1434 II.
662 1369 692 1433 5.
728 1369 758 1434 5.
791 1371 838 1433 its
870 1369 968 1434 dixit:
1000 1365 1074 1434 όταν
1098 1393 1145 1441 τις
1168 1368 1284 1445 οίιιίτην

105 1473 216 1552 πονηρόν
250 1483 339 1556 πωλῇ
371 1475 423 1539 καί
453 1476 637 1540 ἀποδιδῶται
671 1480 739 1540 τοῦ
778 1473 984 1553 εὑρόντος,
1015 1476 1072 1541 ubi
1102 1483 1216 1541 πωλεῖν
1246 1476 1285 1542 du
1337 1554 1340 1568 Ι

103 1598 182 1643 more
203 1578 361 1666 signifieat
384 1585 539 1645 emtorem
562 1601 717 1666 quaerere,
744 1585 777 1645 et
800 1580 996 1646 οἱποδιδοσόαι
1019 1581 1165 1646 invenire.

142 1682 207 1750 Ηοο
229 1688 336 1770 ipsum
358 1688 461 1772 igitur
483 1687 567 1771 apud
588 1686 769 1752 Homerum
789 1691 821 1751 et
841 1688 965 1752 Atticos
984 1691 1106 1752 veteres
1125 1686 1280 1768 οίλφοίνειν

103 1788 300 1875 significabat.
346 1788 440 1876 Capti
469 1793 503 1856 in
534 1792 637 1864 bello.
669 1794 754 1878 rapti
785 1813 804 1856 u
829 1791 1038 1876 praedonibus
1060 1794 1105 1856 ric
1130 1793 1280 1857 dicuutur

103 1888 164 1957 ὦνον
191 1898 315 1978 οίλφεῖν.
359 1897 451 1962 Iliad.
481 1907 517 1963 Φ.
543 1896 596 1964 79.
622 1899 677 1964 καί
700 1897 734 1976 μ’
759 1896 933 1977 ἐπέρασσας
957 1933 998 1946 --
1024 1896 1225 1977 ἑκατόμβοιον
1248 1897 1281 1962 δέ

102 2021 142 2062 τοι
163 1994 267 2084 ἦλφον.
304 2002 418 2090 Odyss.
444 2014 483 2069 Ο.
508 2003 585 2072 452.
609 2005 623 2068 ό
648 2005 672 2070 δ’
697 2005 768 2082 ὑμῖν
793 2003 896 2084 μόριον
921 1998 989 2067 ὦνον
1014 2001 1112 2086 οίλφοι
1135 1998 1194 2084 όπη
1226 2026 1280 2066 πε-

101 2103 214 2182 ροίσητε,
238 2119 271 2173 Ρ.
296 2107 373 2174 250.

270 2213 342 2304 όοξω
358 2214 428 2290 τῆλ’
453 2214 570 2290 Ἰόοίκης
595 2211 646 2280 ίνα
669 2239 720 2294 μοι
745 2216 849 2295 βίοτον
872 2216 967 2282 πολὺν
991 2214 1099 2296 ἄλφοι.

101 2321 130 2380 et
150 2328 184 2384 T.
209 2318 285 2386 383.
309 2317 373 2385 όόεν
397 2320 432 2386 κέ
456 2345 500 2386 τοι
525 2320 610 2399 ἄξιον
632 2321 745 2403 οίλφοι.

139 2423 184 2490 hx
207 2429 337 2512 antiquo
357 2432 452 2513 poeta
476 2432 592 2493 sumsit
614 2426 807 2494 Plutarchus
831 2428 914 2513 quod
936 2429 970 2491 in
990 2428 1180 2512 βρωροείοοιζι
1197 2430 1279 2495 dixit

98 2547 164 2616 pag.
197 2531 272 2597 668.
297 2550 324 2598 0.
350 2534 486 2606 πλείονος
512 2537 722 2615 πιπράσκεται
745 2535 775 2598 ἐν
801 2537 900 2615 Ῥώμη
924 2534 1013 2615 ίχόὺς
1037 2536 1054 2612 ἦ
1079 2534 1165 2613 βοῦς.
1188 2535 1277 2618 κεροί-

97 2657 158 2710 μιον
179 2639 240 2720 rep
263 2644 399 2705 πωλοῦσι
425 2649 534 2718 τιμῆς,
560 2637 630 2716 όσην
655 2643 708 2706 οὐκ
731 2640 768 2706 όον

429 2745 592 2826 ἑκατόμβη
616 2747 787 2829 βούπρῳρος
812 2745 920 2828 οίλφοι.

138 2849 335 2916 Nesciremus
375 2852 531 2934 οὶλφοίνειν
567 2874 603 2919 eo
639 2873 732 2918 sensu
766 2851 845 2917 olim
880 2853 1127 2919 Atheniensibus
1161 2855 1276 2918 tritum

95 2952 200 3034 fuisse,
235 2960 299 3023 nisi
333 2961 425 3025 nobis
461 2961 621 3035 αττικιςίης
657 2959 858 3046 pereruditus
891 2958 1014 3044 (Aelius
1042 2958 1215 3046 Dionysius
1246 2961 1276 3023 ἐν

94 3066 154 3130 τοῖς
173 3065 324 3135 Ἀττικοῖς
347 3065 488 3145 όνόμοοσι)
508 3071 627 3132 certam
645 3066 742 3130 huius
761 3067 807 3130 rei
826 3066 1016 3129 memoriam
1036 3069 1068 3129 et
1087 3065 1277 3130 documenta

41 3165 46 3175 '
93 3174 239 3234 servasset
260 3171 295 3234 in
318 3170 457 3236 Bekkeri
480 3173 592 3238 Αιιοοό.
615 3192 689 3258 pag.
712 3169 789 3236 382.
819 3168 850 3234 8.
886 3169 1101 3251 Ἀλφοίνειτ
1135 3171 1272 3250 εὑρίσκει.

92 3268 290 3356 ’Λριεοφοίνης
316 3277 659 3358 Θεσμοφοριαζούσαις·

313 3382 391 3460 οίμοι
416 3384 612 3461 κακοδαίμων
636 3390 691 3458 τῆς
719 3381 779 3446 τόθ’
804 3377 995 3462 ἧμόραςότε

311 3484 396 3553 είτίν
417 3490 451 3568 μ’
474 3491 489 3554 ό
512 3487 604 3571 κόραξ
627 3485 711 3561 οὗτος
734 3487 883 3569 οίλφοίνει.

134 3591 265 3667 Εὔπολις
289 3594 497 3679 Ταξιάρχοις·

310 3704 343 3767 οὐ
367 3704 478 3769 όῖοττον
502 3705 598 3778 αὐτὴν
622 3702 706 3783 δεῦρό
729 3724 779 3782 μοι
803 3708 861 3769 τῶν
885 3699 1012 3779 τοξοτῶν

310 3806 396 3886 ἄνων
420 3808 603 3891 οίποκηρόξει
628 3834 676 3883 τις
699 3805 732 3884 ό,
759 3835 788 3875 τι
811 3809 849 3875 δν
871 3811 1015 3895 οίλφοίνρ;

86 3906 140 3972 καί
167 3910 342 3989 ίποιητιίς·

450 4018 651 4100 ἑκατόμβοιον
676 4019 707 4086 δί
731 4043 776 4087 τοι
802 4017 912 4102 ἦλφον.

84 4119 172 4183 nihil
200 4130 245 4190 est
274 4127 325 4192 his
359 4127 568 4205 luculentius,
603 4130 666 4192 uisi
697 4128 781 4212 quod
803 4125 1025 4212 Aristophanis
1048 4125 1144 4196 verbs
1166 4125 1271 4197 labem

84 4229 119 4290 et
140 4227 257 4296 vitium
278 4239 498 4320 conceperunt.
546 4232 781 4319 Supplendum:

311 4336 395 4405 είιιίν
417 4338 451 4419 μ’
477 4337 623 4420 ό-κιίρνξ·
651 4339 770 4417 »οὑτοσί
797 4339 829 4403 τί
851 4335 1023 4421 οίλφοίνει”,·
