3052 4970
823 225 888 309 too

237 427 416 502 coniectura
448 435 496 497 est
527 436 560 496 et
589 433 624 495 in
655 435 780 496 textum
813 436 953 516 recepta,
982 429 1091 516 paullo
1114 427 1266 507 calidius,
1288 435 1322 495 ut
1342 427 1408 494 mihi

239 539 369 624 quidem
403 540 541 606 videtur.
598 537 748 602 Primum
783 540 858 624 quia
892 537 1100 624 frigidissime
1136 539 1349 620 importunum
1377 559 1407 612 γε

237 646 389 710 inseritur
417 665 507 710 mors
539 643 741 709 Brunclriano
772 649 804 708 et
840 642 996 719 aliorum,
1034 644 1089 726 qui
1123 643 1314 726 ubicumque
1343 643 1410 704 rima

240 758 321 818 esset
351 751 458 828 ςοιβθθ
482 750 565 824 δίκην
590 750 671 813 nihil
692 750 868 833 οθμοήγῖοοοσ
891 774 930 827 γε
955 749 1112 814 addebant
1135 749 1174 813 de
1198 768 1265 813 suc.
1309 746 1411 813 Deinde

239 857 253 922 θ
278 856 380 937 πατήρ
406 857 498 929 αὐτὸς
523 854 661 934 γυναῖκά
686 879 737 933 μοι
762 855 782 936 ζ
790 855 952 932 κτήσει,
976 858 1014 919 ut
1032 854 1210 920 Aristarchi
1226 855 1320 920 verbo
1337 857 1411 927 utar,

240 961 409 1043 νεοτεμκθν
434 963 507 1030 ἐςιν.
545 960 689 1047 Denique
714 982 770 1026 our
793 961 927 1049 vulgata
951 959 1149 1040 γαμέσσεται
1168 962 1204 1024 in
1224 961 1412 1045 suspicionem

239 1072 371 1136 vocetur
400 1066 484 1132 nihil
514 1087 626 1132 causae
658 1087 725 1132 esse
756 1068 861 1134 video.
909 1065 948 1132 In
977 1066 1081 1132 forma
1107 1064 1190 1131 nihil
1213 1069 1261 1131 ast
1284 1067 1359 1150 qnod
1378 1085 1414 1128 re-

240 1174 425 1261 prehendas.
461 1171 623 1238 Homerus
645 1176 679 1238 in
701 1174 811 1238 futuro
833 1175 883 1260 (ut
902 1195 997 1258 supra
1016 1174 1172 1256 vidimus)
1193 1173 1314 1238 dicebat
1331 1169 1414 1236 καλέα

242 1286 275 1346 et
306 1279 447 1344 καλέσσω
472 1284 504 1343 et
528 1279 784 1360 προκαλέσσεται.
835 1279 995 1344 Similiter
1022 1277 1134 1357 γαμέω
1165 1283 1197 1343 et
1225 1279 1414 1357 γαμέσσεται.

242 1385 290 1451 Βο
320 1383 551 1471 significatione
584 1385 674 1450 nulla
706 1407 773 1452 esse
796 1390 901 1472 potest
926 1386 1096 1451 dubitatio.
1146 1385 1341 1462 Γαμέοοεται
1367 1383 1415 1446 hoo

243 1490 310 1555 solo
333 1489 402 1554 loco
426 1489 560 1577 legitur,
586 1491 631 1575 (et
653 1490 816 1568 μάσσεται
840 1513 965 1577 quoqne
989 1496 1037 1556 est
1059 1488 1151 1564 θσαξ
1173 1491 1347 1569 λεγόμεναι)
1373 1485 1416 1552 sed

243 1596 379 1664 verbum
402 1595 495 1680 plane
520 1596 663 1661 eiusdem
685 1601 852 1682 potestatis
876 1619 939 1663 non
960 1597 1060 1663 semel
1078 1599 1113 1662 in
1129 1598 1240 1663 eadem
1258 1617 1291 1663 re
1309 1597 1416 1680 ponitur

245 1702 329 1788 apud
351 1699 542 1766 Homerum.
577 1701 669 1768 Nihil
690 1704 823 1768 interest
845 1706 929 1768 inter
952 1711 1069 1781 γαμεῖν
1099 1710 1131 1769 et
1160 1703 1271 1769 rotxad'
1303 1698 1415 1778 ἀγεσθοι

245 1813 277 1874 et
304 1806 454 1886 ἀγεσθαι,
487 1808 601 1870 domum
631 1813 738 1872 ἀοοοεο
768 1831 887 1872 sororem
917 1813 949 1873 et
980 1831 1098 1872 οοοεοκι
1121 1809 1236 1890 dacore.
1280 1803 1415 1885 Ἀγεσθαι

245 1915 348 2000 igitur
377 1917 414 1978 ut
445 1914 619 1991 γαμεῖσθαι
651 1913 735 1997 apud
762 1913 943 1979 Homerum
974 1915 1105 1999 ponitur
1134 1933 1191 1999 pro
1217 1937 1328 1978 αοοσοαι
1348 1913 1413 1974 doro.

245 2017 467 2084 Luculentum
492 2018 676 2102 exemplum
706 2022 810 2084 estin
835 2019 893 2084 Od.
917 2025 954 2102 φ.
980 2019 1056 2085 213.
1079 2020 1137 2085 ubi
1160 2019 1291 2107 Ulysses
1312 2017 1413 2083 duobus

245 2123 393 2192 fidelibus
417 2127 517 2192 servis
540 2125 618 2190 haec
641 2123 827 2210 pollicetur:
998 2113 1000 2116 ’

382 2333 499 2414 ἀξομαι
524 2335 710 2419 ἀμφοτέροις
734 2339 869 2418 ἀλθχους
894 2337 945 2404 κοά
971 2339 1110 2417 κτήματ’
1132 2337 1272 2403 θτάσσο.

291 2440 384 2506 Nihil
403 2445 535 2508 interest
554 2441 587 2507 in
604 2465 637 2508 er
658 2442 779 2519 Πκλεθς
800 2469 851 2523 μοι
871 2454 1009 2523 γυναῖκα
1030 2445 1247 2524 γαμέσοεται,
1269 2449 1299 2509 et
1317 2439 1411 2518 ἄξομεν

247 2547 432 2629 ἀμφοτέραις
452 2547 603 2628 ἀλόχους,
626 2550 835 2634 quamobrem
853 2556 995 2617 veterem
1014 2551 1171 2616 librorum
1183 2553 1324 2616 omnium
1336 2547 1412 2628 serip-

247 2659 354 2720 turam
377 2675 440 2720 non
463 2660 595 2742 tangere
618 2660 686 2727 erat
709 2659 817 2723 satius.

761 2923 922 2998 LXXXV.

502 3106 542 3172 Ol
566 3106 809 3187 ἀπολογούμενοι
834 3109 905 3188 τρός
929 3110 988 3182 τάς
1010 3110 1179 3186 ἀθετήσεις.

293 3284 438 3351 Iooosum
470 3290 518 3352 est
547 3288 655 3354 videre
686 3308 783 3372 quam
816 3285 943 3355 levibus
970 3295 1002 3354 et
1023 3289 1171 3355 futilibus
1192 3288 1375 3377 argumentis
1393 3281 1413 3344 ot

247 3391 490 3469 ἀπολογούμενοι
523 3393 594 3474 πρὸς
628 3393 687 3466 τάς
715 3393 874 3469 ἀθετήσεις
901 3398 1092 3482 gravissima
1114 3396 1357 3482 interpolationis
1375 3392 1413 3454 in·

249 3500 331 3565 dicia
362 3499 400 3563 ab
431 3499 614 3564 Aristarcho
644 3500 802 3585 patefacta
833 3499 953 3566 diluere
986 3522 1019 3566 se
1040 3521 1131 3587 posse
1154 3507 1278 3587 putant.
1321 3499 1370 3566 ast
1387 3496 1415 3558 iu

247 3605 340 3675 Iliad.
373 3614 411 3668 Σ.
445 3601 634 3671 444-456.
666 3605 754 3672 Ιοοοε
778 3608 946 3673 manifesto
970 3609 1239 3686 διεσκευασμένος,
1264 3611 1301 3672 ut
1322 3586 1415 3670 acutis

248 3713 330 3776 simo
360 3712 562 3777 Aristarchus
595 3711 834 3778 demonstravit.
881 3712 975 3779 Nihil
1003 3716 1086 3778 inest
1108 3716 1143 3779 in
1164 3716 1277 3790 rebus,
1299 3708 1415 3778 nihilis

248 3817 372 3894 verbis,
406 3819 490 3901 quod
521 3817 617 3884 faciat
648 3818 688 3884 ad
718 3840 788 3883 rem
822 3822 877 3884 aut
900 3817 1041 3885 Homero
1065 3819 1202 3907 dignum
1225 3823 1277 3886 sit.
1320 3815 1414 3884 Versus

249 3926 324 3987 sunt
354 3923 507 3998 εὐτελεῖς,
541 3923 649 4008 quales
679 3945 736 3989 nos
763 3945 887 4010 quoque
909 3945 1048 4012 pangere
1069 3925 1158 3991 facili
1181 3925 1312 3991 artificio
1332 3937 1414 4010 posse

247 4049 331 4093 mus.
359 4028 442 4109 Quid
461 4029 642 4095 Aristarchi
659 4027 877 4096 adversarius?
899 4031 1191 4114 Ἀκακεφαλαθοοις
1213 4027 1412 4116 attaminati·

248 4142 397 4198 KAKssC
419 4131 468 4200 οὖν
493 4135 678 4217 Ἀρθςαρχος
703 4138 816 4202 ἀθετεῖ.
842 4142 905 4209 τῶς
930 4136 1069 4224 γὰρούκ
1093 4135 1209 4204 ἀτοκον
1230 4139 1272 4204 τά
1290 4138 1342 4216 μὲν
1360 4125 1412 4208 τεαὶ

249 4244 303 4304 τοῦ
334 4238 442 4318 γοθμου
465 4241 648 4319 τολοιιάτε
674 4240 745 4307 θντα
770 4242 823 4307 τοι)
850 4247 928 4308 τοῖσι
953 4243 1034 4319 δήλα
1057 4241 1179 4322 λέγειν,
1204 4247 1320 4310 σιοτάν
1340 4241 1366 4304 a
1384 4235 1415 4299 ἀν’

160 4419 161 4423 ,
246 4343 384 4426 θήλθεν.
421 4346 483 4431 Qui
504 4349 550 4414 ita
573 4349 652 4414 dicit
675 4351 798 4434 opinari
821 4351 949 4417 videtur
972 4349 1150 4417 Homerum
1169 4351 1247 4418 haec
1267 4371 1326 4419 non
1344 4341 1413 4416 auti·
