3026 4970
98 454 158 538 quis
179 456 273 520 ferat:
298 455 367 522 uide
385 463 421 522 at
435 457 554 538 uideas,
574 455 630 520 sed
650 458 853 524 scribendum
871 457 929 522 σίδε
949 455 1049 536 σέρφον
1067 455 1148 538 iope
1166 454 1269 540 σνδὲρς.
1290 459 1293 466 ’

135 560 168 624 In
188 561 496 649 plusquamperfecto
518 562 619 628 semel
641 563 806 630 Bekkerus
825 565 1012 649 imprudens
1032 564 1197 650 digamma
1215 585 1268 629 ne·

97 663 187 750 glexit
210 693 239 735 ω.
267 667 342 734 176.

331 775 397 840 ἐπεὶ
423 774 531 839 πολλοὶ
556 773 626 838 ἴσων
651 773 752 854 σἰνέρες
778 775 921 855 ἡμέτερον
945 775 995 838 δῶ.

96 879 142 944 sed
162 877 227 943 ἴσων
251 886 299 946 est
321 882 422 957 ibent,
448 883 604 946 sententia
627 886 658 946 et
682 885 820 946 metrum
846 879 1008 966 postulant
1030 881 1138 945 πολλοὶ
1163 880 1266 956 σίσσον,

96 989 127 1048 ut
146 985 260 1061 σίδμεν,
285 987 345 1055 ries
370 991 402 1052 et
424 986 539 1050 σίσωσνν
563 987 646 1070 apud
668 984 850 1051 Homerum
873 991 948 1052 sunt
970 991 1131 1071 perpetua.

133 1089 253 1176 Duplex
275 1093 421 1158 futurum
443 1091 563 1166 σενδήσω
587 1097 619 1158 et
641 1093 777 1170 σείσσμων
801 1097 867 1157 sine
889 1092 958 1157 uile
976 1094 1130 1158 varietate
1150 1093 1269 1176 passim

94 1193 202 1282 legitur
224 1207 263 1264 H.
288 1197 364 1263 226.

261 1305 391 1384 Ἔκσορ,
416 1308 466 1368 νῦν
489 1305 546 1381 μὲν
570 1304 604 1377 δὴ
627 1301 721 1385 τοίχου
743 1303 853 1369 faloam
878 1305 969 1370 οἰόθεν
992 1301 1057 1374 οἶος.

94 1411 120 1472 et
142 1417 174 1472 Φ.
198 1408 276 1474 292.

217 1517 294 1580 ἀλλ’
318 1513 369 1580 ὅδε
392 1517 448 1592 μὲν
471 1516 565 1597 rotza
588 1516 746 1593 λωφήσει,
771 1516 809 1581 σὺ
835 1516 865 1580 δὲ
888 1516 998 1580 estem
1023 1514 1128 1586 οὗτός.

93 1624 121 1683 et
147 1625 270 1706 saepius
297 1621 374 1688 aiibi
398 1626 435 1686 ut
459 1623 565 1696 εἷδνὶσω
590 1627 622 1687 et
645 1621 766 1700 εἵσσμων
790 1621 874 1706 apud
897 1622 1105 1686 Athenienses
1127 1620 1270 1704 frequen·

92 1730 134 1790 ter
153 1730 363 1812 reperiuntur.

129 1833 243 1902 Forma¹
263 1836 357 1902 tertia
378 1854 527 1919 personae
551 1834 604 1916 ἤδη
629 1834 744 1899 diserte
767 1832 949 1898 Aristarcho
973 1832 1141 1906 tribuitur,
1167 1829 1270 1896 veluti

91 1937 125 2002 ad
144 1948 180 2006 E.
205 1938 260 2006 64.

377 2047 442 2110 ἐπεὶ
468 2045 530 2110 οὔτι
556 2047 626 2110 θεῶν
649 2047 683 2110 ἐκ
706 2045 853 2126 θέσφωσσο
880 2044 945 2126 ἤδη.

90 2149 140 2215 ubi
168 2155 356 2220 annotatur:
388 2149 481 2222 οὕτως
513 2151 698 2232 Ἀρίςοιρχος
730 2150 779 2214 δνσὶ
803 2155 856 2215 σοῦ
881 2159 908 2215 Η
934 2149 1001 2232 ἤδη.
1047 2149 1132 2236 Ergo
1157 2150 1273 2213 caeteri

90 2255 143 2334 ᾔδει
173 2255 336 2344 legebant.
384 2255 445 2322 Sed
476 2259 510 2321 in
539 2263 608 2324 tam
640 2261 725 2322 carta
748 2261 780 2322 et
803 2257 943 2323 evidenti
967 2255 1113 2342 analogia
1135 2255 1272 2320 Aristar-

89 2361 176 2428 ohum
196 2383 263 2428 non
285 2365 448 2446 sequimur
468 2363 520 2428 nai
543 2362 677 2440 λέγομεν
698 2359 742 2426 ἔτι
765 2360 978 2442 Ἀρνςοὲρχενόν
999 2363 1060 2429 ε’ςνυ
1079 2359 1271 2439 οὶροοὶρτυμσο,

89 2471 121 2530 ut
150 2470 187 2534 de
217 2469 280 2534 hae
301 2446 369 2553 ipsa
390 2469 492 2534 forma
516 2469 569 2552 ἤδη
594 2469 677 2532 dixit
701 2465 934 2534 Ohoerohoseus
958 2467 997 2533 ad
1022 2465 1191 2532 Theodosii
1218 2471 1272 2530 οο

87 2595 169 2637 nones
190 2577 227 2640 in
250 2574 389 2638 Bekkeri
411 2575 570 2639 Aneedotie
592 2595 666 2661 pag.
695 2572 791 2638 1288.
813 2578 845 2638 et
865 2573 949 2659 apud
969 2570 1175 2638 Gaisfordum
1196 2593 1271 2658 pag.

89 2677 147 2744 562
171 2688 204 2746 et
229 2683 264 2744 in
287 2680 430 2806 Etymol.
457 2681 505 2747 M.
530 2701 561 2765 p.
587 2680 668 2758 419,
694 2680 746 2746 25.

637 2993 722 3058 XVI.

525 3209 839 3268 ΣΤΝΟΚΩΧΟΤΕ.

130 3416 272 3481 Barbara
291 3414 393 3478 torma
411 3411 624 3477 oommaoulat
642 3410 749 3475 locum
769 3410 803 3473 in
819 3407 910 3472 Iliad.
924 3418 956 3471 Β.
971 3405 1047 3472 218.
1062 3407 1101 3472 de
1113 3407 1273 3474 Thersite:

271 3521 312 3584 σὼ
336 3519 367 3583 δέ
392 3520 416 3582 οἱ
441 3518 510 3596 ὤμω
535 3517 654 3597 Kaprai,
681 3516 731 3579 ἐπὶ
756 3518 843 3588 aridos
867 3511 1069 3592 συνοχωκότε.

87 3626 141 3691 ubi
169 3630 358 3691 annotatur:
390 3623 663 3703 συνοχωκόσεῑ
697 3622 759 3686 ἀπὸ
785 3625 837 3685 τοῦ
861 3618 1063 3703 συνέχεσθαι,
1087 3614 1105 3682 δ’
1125 3621 1170 3688 ἐςν
1194 3643 1275 3698 συμ-

87 3731 283 3796 σεπσωκένοω
317 3731 368 3795 aei
397 3728 579 3810 »ξυνοχῇσιν
602 3729 685 3795 ὂδοῦ”
710 3727 813 3815 (Iliad.
839 3738 878 3792 Ψ.
906 3726 984 3810 330)
1009 3735 1078 3796 τοῖς
1102 3725 1165 3790 eiad
1189 3725 1275 3790 σλοέ·

87 3862 154 3910 τους
188 3839 231 3909 εἷς
263 3837 346 3906 ςενὸν
375 3838 601 3914 συμπτώσεσσν.
624 3842 656 3902 et
679 3835 718 3902 ad
741 3845 781 3899 Ψ.
808 3833 883 3898 330.
908 3831 1071 3912 ξυνοχῇσιν
1094 3831 1179 3895 ὁδοῖσι
1204 3841 1276 3906 τοῖς

85 3947 289 4022 reparatores
322 3951 392 4015 τοῖς
422 3944 477 4008 ἀπ’
508 3941 692 4022 εὐρυχωρίας
724 3942 766 4012 εἰς
798 3940 880 4008 ςενὸν
904 3937 1198 4015 συγκεκλεισμένους
1224 3939 1276 4003 aei

86 4047 534 4128 ,,ἕοτ1ςῆθοςσυνοχωκο’σες.”
578 4049 657 4134 hog.
682 4043 894 4126 συνοχωκότε.
939 4044 1026 4109 Audi
1047 4065 1131 4109 nuno
1154 4045 1277 4109 Erotio-

84 4179 162 4233 num
187 4179 221 4221 v.
246 4157 429 4234 Συυοκωχνὶο
455 4156 568 4234 συνοχὴ
593 4155 644 4218 κυνὶ
670 4153 789 4225 σύνοδος
815 4151 866 4216 nai
892 4145 948 4215 οἷον
969 4148 1151 4227 σύμπτωσίς
1172 4172 1218 4221 σος
1238 4151 1277 4220 ὥς

85 4262 137 4328 κυνὶ
160 4260 304 4344 Ὅμηρός
328 4266 425 4342 Φνσο·

228 4374 232 4382 ’
407 4367 516 4450 κυρσῶ,
541 4366 591 4433 r’ri
616 4369 703 4443 ςῆθοο
727 4363 930 4446 συνοχωκότε,
