3080 4972
658 231 701 302 27

134 416 287 488 Continuo
318 425 471 508 sequitur:
496 423 567 496 ίσως
593 424 631 489 ἀν
656 465 699 474 -
723 432 781 492 τῶν
804 428 944 491 τοιούτων
970 423 1145 504 λνμμάτων
1169 429 1275 492 ἀποιλ-

97 527 258 604 λνγείντε,
292 524 314 592 ἀ
347 537 409 600 τοῖς
443 530 598 596 ἀσθενοῦσι
631 533 717 612 ποιρά
747 538 805 595 τῶν
836 532 945 612 tarpeia
976 531 1081 604 σιτίοις
1113 533 1274 611 διδομένοις

96 628 186 696 ἔοικεν.
218 634 270 697 aa>
304 635 366 714 γάρ
399 635 501 705 ἐκεῖνος
536 636 599 701 οὔτ’
622 638 713 716 ἰσχὺν
738 638 883 712 ἐντίθησιν
908 638 970 702 οὔτ’
1001 639 1199 712 ἀποθνήσκειν
1226 638 1273 721 έςῖ.

96 737 251 804 Praeclara
283 741 362 805 haec
393 747 424 806 et
448 743 590 808 multum
614 744 771 809 celebrata
793 746 875 823 ῥῆσις
898 744 1021 809 duobus
1043 744 1169 808 mendis
1193 748 1275 808 tam-

97 865 183 927 quam
213 845 352 910 maculis
376 847 550 914 deformata
573 855 636 926 est,
661 869 795 934 quorum
818 848 954 915 alterum
984 850 1061 915 olim
1084 849 1200 914 sustuli
1224 850 1275 913 de·

96 948 179 1014 lende
208 953 378 1017 ἀσθενοῦσι.
427 953 551 1039 Nempe
582 963 645 1025 τοῖς
670 955 838 1019 manifesto
861 956 901 1019 ad
927 956 1031 1027 σιτίοις
1056 955 1275 1022 referendum,

97 1076 147 1118 nec
174 1061 280 1122 tamen
311 1057 378 1123 ullo
408 1059 504 1124 modo
533 1063 567 1124 in
599 1069 662 1134 τοῖς
695 1061 851 1124 ἀσθενοῦσι
875 1062 981 1126 deesse
1004 1066 1117 1146 potest.
1164 1060 1278 1145 Itaque

97 1158 267 1228 Dindorfius
297 1166 332 1228 in
364 1165 501 1230 editione
524 1169 646 1231 minore
671 1166 809 1254 (Lipsiae
833 1167 917 1251 apud
940 1166 1143 1232 Teubnerum
1170 1165 1271 1253 1855)

97 1285 162 1351 pag.
192 1267 276 1332 XIV.
310 1277 372 1342 τοῖς
404 1279 466 1343 τοῖς
499 1272 655 1335 ἀσθενοῦσι
679 1309 722 1319 -
746 1273 849 1343 σιτίοις
875 1273 1034 1348 διδομένοις
1058 1276 1191 1339 coniecit
1214 1275 1275 1339 im-

98 1391 211 1436 memor
238 1394 366 1450 eorum,
391 1397 470 1461 quae
494 1378 528 1440 in
552 1379 670 1442 maiore
695 1378 833 1442 editione
855 1376 985 1458 (Oxonii
1010 1377 1121 1464 1846).
1146 1402 1219 1467 ρος.
1246 1380 1277 1444 X

98 1480 262 1544 rectissime
297 1480 437 1546 dixerat:
474 1505 533 1547 ιοοοι
567 1485 800 1548 committendam
826 1486 937 1567 putavi
972 1492 1005 1548 ut
1041 1487 1275 1570 eloquentissimo

98 1584 201 1645 oratori
233 1585 343 1669 inferas
376 1595 404 1650 ct
437 1595 600 1653 contortam
633 1591 819 1675 alienumque
853 1591 888 1652 σθ
922 1591 1092 1654 Atticorum
1127 1593 1275 1672 clepoata'a

99 1689 254 1768 offiapcrem
281 1715 376 1772 pecca
404 1695 534 1759 dicendi.
583 1695 646 1760 Sed
677 1695 765 1761 salva
793 1716 841 1760 res
873 1697 933 1760 erit
966 1697 1021 1760 uhi
1045 1699 1116 1781 quis
1140 1697 1278 1762 alterum

100 1796 244 1859 mendum
271 1798 511 1882 deprehenderit
539 1805 760 1886 exemeritque.
808 1801 1003 1885 Expromam
1035 1804 1136 1888 igitur
1169 1802 1277 1867 locum

100 1899 177 1964 unde
205 1923 318 1968 verum
349 1903 422 1969 elici
446 1909 572 1990 poterit.
619 1907 756 1993 Legitur
773 1927 848 1992 pag.
876 1904 950 1970 461.
979 1906 1031 1971 16.
1057 1908 1178 1988 μείζους
1202 1908 1277 1973 είσὶν

102 2006 134 2066 σοι’
162 2009 243 2086 ποιρά
277 2017 336 2073 τῶν
368 2011 469 2088 δήμων
492 2012 598 2091 δωςεοά
621 2019 678 2076 τῶν
703 2012 789 2091 ποορά
813 2017 871 2076 τῶν
895 2009 999 2076 ἀλλων
1023 2019 1181 2078 πολιτειῶν
1204 2013 1278 2079 διδο-

101 2109 199 2184 μένων.
240 2114 425 2202 Diligenter
455 2118 615 2184 considera
639 2124 762 2184 rectene
784 2118 861 2182 haec
885 2119 1022 2183 habeant
1047 2140 1087 2183 an
1108 2139 1207 2183 secus.
1242 2117 1279 2184 Si

101 2213 321 2287 Demosthenes
357 2225 392 2286 in
422 2245 458 2288 ea
488 2244 521 2288 re
552 2228 719 2310 participio
752 2222 905 2301 διδόμενοι
936 2227 986 2288 uti
1017 2224 1189 2301 voluisset,
1223 2225 1279 2289 ubi

101 2323 221 2388 tandem
242 2327 445 2393 collocasset?
468 2330 609 2396 Dixisset
628 2333 801 2396 necessario
818 2333 851 2395 ai
872 2331 959 2410 τοιοά
979 2337 1038 2394 τῶν
1058 2332 1158 2408 δήμων
1173 2330 1278 2410 δωρεοά

102 2425 256 2507 διδόμενοι.
302 2433 397 2499 Nunc
427 2457 529 2520 neque
559 2437 619 2501 hoc
643 2437 725 2501 dixit
748 2457 848 2520 neque
871 2436 971 2513 illud,
996 2437 1051 2502 sed
1073 2437 1158 2502 male
1182 2437 1280 2502 abun-

102 2532 171 2599 dans
198 2542 405 2625 participium
434 2563 453 2605 a
482 2541 571 2606 futili
596 2547 767 2607 correctore
790 2543 1019 2628 interpolatum
1043 2548 1098 2607 est.
1148 2541 1279 2628 Optime

102 2643 131 2702 et
159 2646 293 2714 ἀττικιςί
321 2647 438 2712 dieitur
461 2650 495 2712 οοὶ
520 2648 605 2726 acra
629 2655 687 2712 τῶν
712 2648 813 2725 δήμων
836 2649 959 2730 δωρεοιί,
986 2654 1022 2713 ut
1045 2668 1118 2735 pag.
1146 2647 1221 2714 476.
1248 2649 1278 2714 2.

101 2754 166 2817 τοῖς
185 2751 257 2830 παρ’
281 2752 393 2816 ἐκείνου
418 2753 563 2832 δωρεαῖς,
588 2741 621 2819 et
644 2756 764 2838 passim
789 2740 906 2834 ἧποορά
931 2755 1000 2818 θεῶν
1024 2753 1141 2828 εθνοιοο,
1167 2755 1180 2818 ὁ
1205 2753 1278 2833 παρ’

103 2851 171 2925 ἐμοῦ
205 2856 311 2934 λίνος,
352 2859 377 2921 οἱ
411 2859 498 2939 ποιρά
532 2860 686 2924 Φιλίππου
718 2859 884 2938 πρέσβεις,
918 2861 951 2922 ci
985 2860 1071 2938 ποιρά
1102 2864 1155 2923 τοῦ
1188 2861 1280 2932 δεῖνος

103 2957 214 3033 ἐλπίδες
241 2965 327 3050 (ρος.
355 2961 408 3028 52.
434 2963 511 3052 24),
537 2970 569 3030 et
588 2965 694 3030 multa
713 2965 777 3029 alia
795 2965 846 3030 his
867 2963 995 3029 similia.
1033 2964 1143 3050 ltaque
1161 2969 1282 3053 optime

103 3069 131 3126 et
163 3070 295 3137 damassi
331 3068 448 3134 dicitur
482 3071 523 3135 τά
557 3071 644 3151 ποιρά
682 3076 740 3133 τῶν
776 3072 883 3151 tarpeio
914 3071 999 3134 σιτίοο
1031 3075 1063 3136 et
1095 3075 1140 3137 sic
1164 3075 1281 3137 emicat

103 3177 216 3238 summi
246 3174 389 3258 Oratoris
419 3198 532 3242 manus
563 3177 659 3242 haec:
693 3169 714 3240 ἀ
743 3185 805 3249 τοῖς
837 3177 922 3257 ποορά
954 3183 1011 3241 τῶν
1043 3179 1150 3257 tarpeia
1174 3178 1278 3251 σιτίοις

104 3274 199 3344 ἔοικεν.
246 3280 356 3346 Oculis
385 3303 483 3367 paene
506 3285 664 3348 cernimus
688 3283 930 3348 correctorculos
953 3284 1095 3366 primum
1120 3282 1280 3359 διδομένοις

99 3385 290 3453 infarcientes
314 3388 427 3453 deinde
450 3390 621 3464 ἀσθενοῦσι,
642 3391 730 3473 quasi
751 3408 906 3472 umquam
925 3386 967 3450 τά
989 3387 1076 3465 rapa
1096 3393 1153 3451 τῶν
1173 3390 1282 3468 ίοιτρῶν

101 3491 183 3553 σιτίιι
204 3497 287 3558 sanis
311 3499 343 3558 et
365 3492 546 3560 valentibus
570 3495 728 3559 darentur.
777 3492 859 3558 Sunt
881 3493 959 3558 haec
982 3495 1051 3576 ipsa
1075 3513 1131 3577 per
1154 3515 1186 3558 se
1206 3497 1283 3559 satis

100 3595 193 3678 plana
221 3606 250 3664 et
279 3603 464 3685 perspicua,
489 3621 551 3666 non
573 3621 683 3685 sperno
708 3605 814 3665 tamen
837 3599 1038 3664 luculentum
1062 3601 1283 3665 testimonium

102 3723 138 3766 ex
162 3707 388 3790 antiquissimis
410 3706 502 3771 libris
526 3706 681 3772 oblatum.
730 3705 767 3769 ln
789 3706 951 3770 Prooemiia
972 3725 990 3768 a
1012 3707 1195 3789 nescioquo
1214 3708 1284 3772 rhe-

101 3813 166 3872 tore
190 3810 327 3876 collectis
352 3816 384 3875 et
406 3832 559 3898 magnam
582 3817 706 3897 partem
731 3833 769 3876 ex
793 3809 1007 3876 Demosthene
1027 3813 1143 3875 sumtis
1163 3811 1284 3900 legitur

102 3934 173 4000 pag.
208 3914 299 3982 1460.
335 3917 364 3980 l.
397 3917 585 3994 θμοιθτοιτοο,
620 3914 640 3980 ὦ
673 3916 777 3996 ἀνδρες
810 3917 983 3992 Ἀθηναῖοι,
1016 3923 1078 3986 τοῖς
1110 3919 1197 3997 ποοςά
1227 3925 1284 3982 τῶν

104 4021 210 4097 ίοιτρῶν
238 4023 340 4094 σιτίοις
371 4021 503 4094 διδθντες
537 4023 617 4100 ὑμῖν.
643 4023 695 4087 acal
720 4024 783 4102 γάο
807 4023 908 4086 ἐκεῖνον
932 4021 996 4086 οὔτ’
1021 4022 1114 4101 ἰσχὺν
1139 4024 1284 4098 ἐντίθησιν

105 4125 165 4188 οὔτ’
190 4127 384 4202 ἀποθνήσκειν
406 4131 454 4211 έᾷ.
492 4129 601 4194 Viden’
625 4130 702 4214 quid
725 4128 781 4193 ille
804 4131 838 4192 in
862 4148 917 4192 suo
940 4127 1022 4193 libro
1037 4127 1174 4218 legerit?
1200 4127 1284 4198 Satis

104 4232 205 4317 igitur
228 4233 279 4318 diu
301 4257 358 4300 nos
381 4235 473 4301 scioli
495 4239 570 4300 sunt
591 4233 756 4301 ludificati.
