3096 4972
781 243 848 320 570

266 435 352 527 Ergo
374 437 532 521 οάαροτίεο
553 437 718 506 dicebatur
740 437 900 520 παροίγειν
924 443 957 504 et
978 437 1139 526 Hyperidi
1160 430 1182 506 ὑ
1206 439 1259 505 καὶ
1286 438 1406 521 παροί-

223 543 320 623 ξειεν
344 540 383 608 civ
406 565 454 616 τις
477 543 685 610 reddendum.

268 751 348 838 Pag.
382 746 456 815 778.
488 749 544 816 25.
576 750 601 814 εί
633 747 696 831 χάρ
725 774 772 822 τις
804 749 882 818 είποι
911 755 951 825 cic
982 753 1015 818 ἐκ
1047 751 1288 818 restaurares
1312 755 1330 830 ὑ
1354 761 1408 820 τῶν

223 853 461 923 πλουσιωτάτων
479 855 557 930 -ἢ
589 860 647 919 τῶν
674 855 816 920 τοιούτων
839 857 918 929 τινὸς
942 863 1039 938 μερῶν
1062 857 1132 930 τοὺς
1157 857 1311 936 λέγοντας
1337 856 1407 924 εἶναι

223 964 272 1028 δεῖ
291 959 503 1026 aetenam
528 959 566 1024 άν
588 959 682 1024 αὑτὸν
705 963 744 1032 cie
768 960 955 1028 καταλύοντι
979 964 1029 1028 τὸν
1053 965 1162 1047 δῆμον,
1187 967 1305 1050 quibus
1338 966 1409 1031 haec

226 1067 372 1155 opponit:
405 1065 457 1129 καί
488 1066 550 1143 μὺρν
574 1060 592 1127 ὑ
612 1087 641 1128 τι
665 1065 815 1142 βούλεσθε
839 1066 953 1132 τοὺτων
976 1062 1065 1141 ὑπτίν
1089 1069 1134 1137 ἔτι
1159 1068 1250 1134 δεινὸν
1274 1071 1291 1146 ἢ
1318 1069 1347 1134 εί
1367 1095 1409 1142 τις

226 1172 275 1256 [ἐξ
306 1168 343 1236 ὧν
375 1165 460 1242 οὑτίς
494 1171 539 1237 ἔτι
571 1171 682 1255 μερῶν]
713 1170 790 1236 είτοι
821 1181 884 1246 τοῖς
913 1171 1108 1253 βιαζομένοις
1132 1171 1243 1250 ἐξεῖναι
1268 1175 1409 1254 λέγεινῆ

227 1287 290 1352 τοῖς
314 1279 348 1341 ἐκ
372 1282 425 1342 τοῦ
449 1276 654 1355 δεσμωτηρίου
680 1276 698 1350 ἢ
723 1284 787 1348 τοῖς
811 1274 849 1343 ὧν
873 1278 1052 1343 άπέκτεινεν
1076 1278 1090 1343 ὑ
1115 1278 1207 1356 δῆμος
1226 1282 1298 1351 τοὺς
1320 1281 1410 1346 πατέ-

227 1411 281 1466 ρας
317 1385 382 1448 xva.
429 1380 465 1447 Si
500 1383 571 1466 quis
605 1401 668 1446 non
703 1384 801 1446 sentit
831 1381 990 1449 emblema
1020 1383 1080 1450 hoc
1110 1387 1145 1448 in
1174 1389 1324 1473 margine
1350 1407 1410 1452 esse

228 1487 448 1555 collocandum
480 1489 620 1574 cogitato
650 1507 759 1550 secum
791 1508 830 1553 an
862 1487 1012 1554 alieniore
1042 1488 1111 1554 loco
1130 1511 1226 1577 quam
1253 1493 1311 1556 ubi
1333 1513 1411 1556 nunc

229 1602 276 1661 est
305 1596 381 1679 poni
411 1594 564 1676 potuerit.
611 1590 744 1655 Prorsus
775 1611 841 1657 esse
865 1613 1133 1677 supervacaneum
1156 1597 1231 1679 quia
1255 1600 1411 1682 sequitur:

230 1698 335 1766 πάντα
359 1697 421 1778 γάρ
446 1697 534 1761 ταῦθ’
558 1693 694 1776 ὑπάρχει
718 1696 832 1778 τούτῳ,
858 1701 929 1782 quis
952 1720 1015 1765 non
1038 1697 1148 1767 videti

274 1903 356 1992 Pag.
390 1902 465 1972 779.
501 1902 531 1971 7.
564 1903 670 1968 πάντα
701 1903 764 1983 γάρ
793 1907 882 1970 ταῦθ’
915 1906 1049 1987 ὑπάρχει
1081 1907 1176 1990 τοιίτιρ
1208 1913 1261 1973 καί
1294 1908 1412 1988 πρίσεςι

230 2017 293 2081 τοῖς
325 2005 444 2090 οἷόσπερ
468 2006 554 2080 οὑτίς
577 2009 624 2077 ἔτι
646 2011 700 2083 τίω
724 2011 830 2091 φύσιν.
878 2011 1036 2097 Impedita
1059 2015 1214 2079 sententia
1238 2019 1286 2078 est
1326 2015 1415 2080 trix

230 2135 313 2181 sana.
362 2114 447 2195 Quid
480 2117 508 2179 si
539 2115 673 2180 dixerit:
707 2115 842 2197 ὑπάρχει
873 2117 968 2198 τούτῳ
998 2119 1050 2182 καί
1084 2127 1145 2190 τοῖς
1160 2127 1163 2131 ’
1178 2115 1308 2198 οἵοισπερ
1332 2115 1413 2189 οὗτος

230 2223 285 2293 τὴν
303 2219 409 2299 φύσιν.
444 2220 492 2285 De
511 2222 698 2286 attractione
716 2227 779 2293 τοῖς
800 2218 929 2302 οἵοισπερ
948 2219 1033 2296 οὑτος
1053 2224 1127 2291 vide
1147 2223 1187 2288 ad
1207 2244 1282 2311 pag.
1297 2221 1373 2288 613.
1385 2221 1414 2286 8.

275 2429 355 2516 Peg.
381 2427 456 2496 779.
482 2427 535 2492 16.
559 2431 603 2505 μὴ
628 2428 708 2507 γάρ,
729 2423 750 2491 ὦ
772 2433 831 2492 Ζεῦ
851 2429 903 2494 καί
925 2431 999 2508 ίεοί,
1022 2430 1158 2506 τοσαύτη
1177 2430 1290 2503 σπάνις
1310 2431 1414 2512 άνδρῶν

231 2533 347 2613 γίνοιτο
372 2544 409 2616 τῇ
434 2533 523 2598 πίλει
547 2531 605 2602 aas
629 2531 705 2614 παρ’
731 2535 967 2614 Ἀριτοχείτονος
990 2541 1050 2600 τῶν
1071 2543 1173 2601 καλῶν
1196 2560 1226 2600 τι
1253 2519 1413 2601 ΠΟΙΗσα·

231 2640 311 2704 σθαι.
358 2639 542 2706 Absurdum
575 2639 634 2704 hoc
655 2638 800 2722 ¹quidem
834 2645 881 2704 est
916 2640 1102 2714 ποιήσασθαί
1135 2664 1164 2704 τι
1201 2641 1297 2705 καλὸν
1332 2635 1413 2718 παρά

229 2769 318 2818 τινος.
366 2745 509 2810 Emenda
533 2746 758 2810 ΠΟΡΙσασίαι.
805 2744 857 2808 Sic
879 2747 1009 2824 τάχαίά
1032 2746 1215 2828 πορίζεσθαι.
1241 2746 1412 2812 et'aimilia

228 2853 348 2937 passim
372 2850 501 2938 legitur.

276 2956 348 3021 Non
369 2956 561 3040 infrequenti
584 2976 686 3021 errore
709 2957 744 3019 in
766 2955 857 3020 libris
882 2952 1002 3033 πορίσαι
1026 2959 1059 3020 et
1077 2963 1216 3030 ποιῆσαι,
1237 2953 1413 3035 πορίσασθαι

232 3065 265 3127 et
287 3061 470 3135 ποιήσασθαι
494 3064 577 3128 inter
599 3083 632 3126 se
655 3061 903 3126 confunduntur.

277 3271 357 3357 Peg.
384 3267 460 3338 780.
486 3269 540 3337 16.
565 3272 621 3336 sici
647 3277 717 3342 ταῖς
741 3269 848 3335 πόλεσι
874 3267 992 3340 πάσαις
1015 3267 1115 3346 βωμοί
1141 3267 1193 3331 καί
1219 3268 1274 3350 νεῲ
1298 3267 1415 3334 πάντων

232 3383 291 3442 τῶν
322 3379 407 3453 θεῶν,
440 3377 469 3439 ἐν
500 3377 530 3441 δὲ
561 3375 676 3447 τούτοις
709 3375 761 3440 καί
794 3383 1014 3440 ΠΡΟΝΟΙΑΟ
1046 3372 1178 3448 'adnecto
1198 3411 1240 3422 --
1261 3374 1335 3438 αλλ’
1366 3372 1416 3436 οὑκ

233 3484 470 3548 ’ΛΠΟΝΟΙΑΟ
492 3482 552 3549 aa
575 3481 743 3552 άναιδείας.
779 3479 827 3546 Eix
850 3482 1046 3566 oppositione
1069 3485 1193 3544 certum
1214 3485 1263 3545 est
1283 3477 1414 3560 προνοίας

234 3588 401 3655 Oratorem
423 3587 557 3666 dixisse,
581 3608 644 3653 non
668 3587 824 3666 προναίας.
860 3584 1228 3666 deshonestationes
1250 3581 1416 3662 inportata

233 3696 416 3779 Antiquarii
452 3695 593 3759 sciebant
629 3692 775 3772 προναίαν
815 3693 907 3756 unice
936 3712 1050 3758 verum
1080 3711 1163 3768 esse,
1200 3691 1256 3755 sed
1285 3688 1418 3775 populus

234 3802 371 3882 πρόνοιαν
396 3798 554 3884 appellare
577 3797 707 3864 solebat.
750 3797 875 3882 Itaque·
889 3817 954 3861 non
975 3802 1024 3862 est
1045 3814 1161 3882 magno
1185 3814 1279 3880 opere
1304 3797 1419 3858 miran-

234 3909 312 3974 dum
331 3905 531 3993 Hyperidem
554 3905 735 3990 quotidiano
754 3902 866 3988 populi
883 3921 1027 3976 sermone
1045 3905 1188 3970 utentem
1208 3901 1243 3964 in
1261 3919 1301 3966 ea
1312 3920 1348 3965 re
1358 3918 1417 3964 non

235 4035 310 4094 cum
333 4013 433 4077 doctis
456 4030 532 4078 vera
553 4012 687 4088 sentire,
710 4008 765 4074 sed
789 4027 864 4074 oum
886 4006 1003 4092 populo
1024 4025 1136 4082 errare.

247 4175 249 4180 Ι
280 4220 360 4306 Pag.
394 4218 469 4287 781.
494 4219 527 4286 2.
561 4217 605 4288 ἔτι
637 4217 668 4284 δὲ
700 4215 792 4283 πάντ’
823 4217 907 4297 αὑτῷ
942 4217 1045 4280 ταῦτα
1079 4211 1190 4294 ἐάνπερ
1221 4213 1309 4288 ὑμεῖς
1335 4213 1415 4293 ὀρθῶς

234 4325 367 4400 άκοὺιρτε
389 4323 539 4402 ἀδόκιμα.
574 4324 662 4416 Quid
681 4343 797 4409 quaeso
821 4327 869 4400 est
891 4321 988 4402 ὀρθῶς,
1002 4316 1141 4386 acesio?
1175 4318 1308 4403 iuuat,
1330 4316 1418 4386 uodo
