3052 4970
663 230 728 298 407

605 479 785 547 LXXXIII.

314 675 482 726 nnoroauu
506 676 747 727 murmuras
772 677 917 727 sonorus
941 677 1075 728 marm.

146 838 314 928 Leguntur
343 841 378 904 in
408 838 544 904 Scholiis
570 861 811 926 nonnumquam
834 841 1111 907 annotatiunculae
1135 843 1291 928 quaedam

106 946 248 1014 scurriles
271 946 442 1011 hominum
464 944 644 1013 Homerum
668 947 881 1012 deridentium
905 951 961 1013 aut
985 947 1106 1013 duriter
1131 949 1294 1034 increpan-

106 1054 203 1131 tium,
236 1072 318 1138 quae
347 1050 431 1116 nihil
462 1055 591 1118 omnino
622 1053 744 1118 faciunt
775 1053 813 1118 ad
842 1073 922 1118 rem.
968 1051 1007 1118 In
1029 1051 1121 1118 Iliad.
1147 1063 1185 1119 0.
1213 1053 1289 1124 137.

106 1159 140 1225 de
162 1159 238 1225 lova
262 1157 398 1223 dicitm:

375 1252 388 1325 3
413 1262 438 1327 δ’
462 1261 563 1341 ἡμέας
587 1260 644 1329 εἶσι
668 1263 855 1343 κυδοιμήσων
879 1265 909 1339 ἐς
930 1264 1099 1344 ’Όλιιμτσι

282 1368 402 1449 μάρψει
427 1369 453 1433 δ’
476 1369 572 1451 ἑξείης
595 1367 626 1445 ὅς
651 1369 682 1434 τ’
708 1369 804 1444 αἴτιος
828 1367 858 1444 ὅς
883 1397 918 1436 τε
943 1371 993 1436 καὶ
1019 1372 1092 1438 οὐκί.

106 1477 270 1562 adscripsit
301 1496 408 1540 scurra
438 1476 649 1542 subsannans:
682 1477 733 1541 καὶ
767 1483 829 1549 τῶς
857 1478 871 1541 d
895 1482 1026 1551 τσισῦτσς
1052 1478 1155 1557 πατὴρ
1178 1478 1289 1560 stapsi

105 1607 137 1646 τε
167 1584 238 1646 θεῶν
269 1604 323 1666 τες
354 1579 407 1646 Sic
439 1579 613 1650 Christiani
643 1582 830 1648 Homericos
857 1583 931 1648 deos
954 1582 1134 1648 maledictis
1157 1586 1289 1650 incesse-

104 1689 187 1752 bant.
236 1686 389 1753 Eiusdem
418 1689 541 1754 farinae
568 1693 643 1754 sunt
674 1710 754 1775 quaa
785 1688 943 1774 adscripta
973 1694 1047 1753 sunt
1076 1689 1116 1753 ad
1138 1688 1228 1754 Iliad.
1253 1701 1287 1755 P.

104 1793 167 1859 225
200 1798 233 1858 ot
264 1792 340 1860 227.
365 1796 399 1858 in
421 1805 461 1858 A.
485 1793 602 1867 άλλως.
626 1792 679 1875 ὅρα
703 1796 737 1858 τὸ
761 1795 905 1876 αἰσχράν·
931 1794 1188 1875 κατατρύχεσάαί
1209 1801 1287 1877 φησι

104 1901 171 1972 τσὺς
202 1905 311 1980 Τρῶας
344 1901 386 1972 εἷς
414 1901 469 1977 τὴν
492 1907 550 1964 τῶν
574 1899 754 1983 συμμάχων
776 1900 951 1983 διατροφήν.
976 1905 1008 1965 et
1032 1897 1154 1972 άλλως·
1180 1900 1287 1966 σκότει

103 2008 155 2083 τὴν
180 2004 303 2071 άιιιαι·
328 2005 410 2084 άξισῖ
430 2005 499 2072 cirri
522 2012 579 2070 τῶι
604 1999 722 2089 τροφῶν
745 2001 783 2073 ὧν
807 2007 964 2086 παρέσχεν
989 2007 1093 2076 αὐτοῖς
1117 2005 1287 2071 ἀντιδοῦναι

102 2113 158 2184 τάς
184 2110 309 2194 ψυχάς.
357 2113 573 2198 Adscripscrat
595 2112 673 2178 haec
697 2112 776 2178 olim
799 2112 896 2178 homo
915 2133 1058 2178 morosus
1079 2116 1111 2176 ct
1130 2113 1289 2179 truculen-

100 2224 151 2284 tus
185 2222 222 2284 in
257 2239 311 2284 ora
344 2219 395 2282 sui
425 2217 521 2296 libri,
557 2219 669 2284 deinde
699 2219 849 2284 librarius
878 2240 941 2284 non
972 2219 1145 2284 admodum
1176 2225 1288 2286 acutus

101 2325 221 2390 scholia
243 2325 321 2389 haec
344 2344 410 2388 esse
432 2329 520 2389 ratus
543 2323 680 2410 praefixo
704 2322 810 2397 alanos
832 2328 950 2410 recapit
972 2327 1007 2389 in
1030 2325 1183 2390 ordinem.

142 2431 300 2496 Eiusdem
329 2430 448 2495 farinas
478 2435 526 2496 est
557 2432 717 2496 annotatio
748 2432 787 2497 ad
817 2441 856 2497 A.
892 2429 968 2496 355.
996 2433 1034 2504 ὡς
1059 2431 1288 2513 Φιιισψευδὶιςὸ

99 2539 221 2621 τυφλὸς
254 2532 298 2601 ὅτι
330 2535 382 2602 καὶ
414 2533 516 2605 sassa
548 2536 698 2617 ψεύδεται
730 2538 791 2601 κτὲ.
825 2558 906 2622 quaa
936 2537 1018 2602 Zoili
1045 2557 1196 2603 essenon
1220 2541 1288 2604 sine

100 2645 240 2729 quadam
263 2644 332 2709 reri
354 2644 457 2728 specie
480 2645 659 2728 suspicatur
680 2641 872 2709 Dindorfius.

607 2910 786 2979 LXXXIV.

400 3109 565 3160 mistress
588 3107 740 3159 VXTRRUM
762 3105 988 3157 comosum.

141 3273 239 3344 Iliad.
265 3282 290 3337 Ι.
315 3271 390 3338 393.

239 3380 274 3457 ἢν
296 3379 359 3460 γάρ
383 3380 418 3454 δά
443 3402 485 3457 με
508 3375 596 3444 odom
620 3377 676 3443 dsol
702 3377 754 3441 καὶ
779 3376 889 3443 ισίιιαδ’
914 3373 1027 3453 ἵκωμαι

238 3485 359 3560 Πηλεύς
386 3486 435 3561 θήν
459 3508 510 3563 μοι
534 3482 644 3549 ἔπειτα
668 3492 804 3563 γυναῖκα
828 3482 1029 3562 γαμέσσετιιι
1054 3480 1158 3555 αὐτάς.

95 3599 272 3665 annotatur
293 3595 328 3657 in
351 3600 390 3657 A.
416 3590 601 3673 Ἀρίςαρχσς
626 3588 807 3670 γυναῖκά
831 3614 879 3669 γε
903 3589 1122 3667 μάσσεται.
1147 3593 1179 3654 at
1198 3592 1232 3654 in
1253 3587 1290 3656 L.

94 3703 238 3771 εἰτεῦάειι
273 3696 372 3777 ἔλαβε
407 3697 579 3779 Μένανδρος
618 3699 653 3764 τὸ
697 3697 940 3775 „dodrantes
980 3686 1020 3767 ἣν
1063 3693 1292 3774 ἐβουλόμην

94 3808 207 3892 tyci?
239 3805 274 3870 τὸ
306 3805 335 3870 δὲ
365 3804 630 3884 γαμέτσεται
662 3807 763 3868 τάσιιι
789 3799 873 3883 εἶχον
904 3799 1112 3879 μάσσεται
1143 3799 1211 3865 olari
1236 3805 1289 3866 τοῦ

95 3918 281 4000 ζητήσει.
313 3911 441 3978 Lacuna
468 3913 503 3975 in
532 3911 592 3977 hoc
618 3910 687 3976 loco
712 3913 759 3975 est
782 3910 826 3974 sic
850 3907 1040 3993 supplenda:
1066 3911 1168 3972 τάσαι
1193 3903 1291 3990 εἶχον.

93 4027 121 4112 (ὃ
158 4022 194 4086 δὲ
229 4017 415 4098 Ἀρίςιιρχσς
452 4015 633 4094 γυναῖκά
667 4016 729 4100 γε)
764 4012 986 4092 μάσσεται.
1043 4012 1134 4092 Quod
1165 4018 1291 4082 eratin

93 4129 251 4200 omnibus
279 4124 370 4188 libris
401 4130 538 4201 γυναῖκα
569 4123 786 4202 γαμέσσεται,
810 4121 992 4186 Aristarcho
1015 4121 1204 4184 mendosum
1228 4143 1295 4188 asse

92 4237 281 4308 videbatur.
326 4230 438 4316 ltaque
467 4250 504 4295 ex
527 4231 656 4317 ingenio
680 4230 847 4294 substituit
870 4236 922 4291 ΓΕ
943 4235 1185 4305 ΜΑΕΟΕΤΑΙ,
1203 4235 1295 4312 poter

91 4352 157 4431 ipsa
190 4338 267 4404 miti
298 4338 493 4404 conditionem
524 4341 654 4424 quaeret.
715 4334 870 4401 Omnium
904 4331 1019 4419 plausu
1054 4338 1184 4422 excepta
1218 4334 1294 4408 hacc
