<?xml version="1.0" encoding="UTF-8"?>
<!DOCTYPE html PUBLIC "-//W3C//DTD XHTML 1.0 Transitional//EN"
    "http://www.w3.org/TR/xhtml1/DTD/xhtml1-transitional.dtd">
<html xmlns="http://www.w3.org/1999/xhtml" xml:lang="en" lang="en">
 <head>
  <title>
</title>
<meta http-equiv="Content-Type" content="text/html;charset=utf-8" />
  <meta name='ocr-system' content='tesseract 3.04.00' />
  <meta name='ocr-capabilities' content='ocr_page ocr_carea ocr_par ocr_line ocrx_word'/>
</head>
<body>
  <div class='ocr_page' id='page_1' title='image "./miscellaneacrit02cobegoog_0207.png"; bbox 0 0 3034 4970; ppageno 0'>
   <div class='ocr_carea' id='block_1_1' title="bbox 645 251 710 321">
    <p class='ocr_par' dir='ltr' id='par_1_1' title="bbox 645 251 710 321">
     <span class='ocr_line' id='line_1_1' title="bbox 645 251 710 321; baseline 0 0"><span class='ocrx_word' id='word_1_1' title='bbox 645 251 710 321; x_wconf 81' lang='grc'><strong>185</strong></span> 
     </span>
    </p>
   </div>
   <div class='ocr_carea' id='block_1_2' title="bbox 97 443 1268 744">
    <p class='ocr_par' dir='ltr' id='par_1_2' title="bbox 97 443 1268 744">
     <span class='ocr_line' id='line_1_2' title="bbox 134 443 1267 536; baseline -0.003 -22"><span class='ocrx_word' id='word_1_2' title='bbox 134 445 253 516; x_wconf 76' lang='lat' dir='ltr'><strong>Somno</strong></span> <span class='ocrx_word' id='word_1_3' title='bbox 286 468 358 536; x_wconf 77' lang='lat' dir='ltr'><strong>pag.</strong></span> <span class='ocrx_word' id='word_1_4' title='bbox 385 443 462 511; x_wconf 81' lang='lat'><strong>498.</strong></span> <span class='ocrx_word' id='word_1_5' title='bbox 486 446 621 513; x_wconf 73' lang='grc' dir='ltr'><strong><em>ἐντεῦθεν</em></strong></span> <span class='ocrx_word' id='word_1_6' title='bbox 644 447 676 513; x_wconf 71' lang='grc' dir='ltr'><strong>δὲ</strong></span> <span class='ocrx_word' id='word_1_7' title='bbox 700 452 795 518; x_wconf 75' lang='grc' dir='ltr'><strong><em>πλοῦς</em></strong></span> <span class='ocrx_word' id='word_1_8' title='bbox 820 447 870 512; x_wconf 83' lang='grc' dir='ltr'><strong>ἐπ’</strong></span> <span class='ocrx_word' id='word_1_9' title='bbox 896 445 1030 522; x_wconf 85' lang='grc' dir='ltr'><strong><em>Ἀμιτιῦ</em></strong></span> <span class='ocrx_word' id='word_1_10' title='bbox 1054 443 1107 512; x_wconf 88' lang='grc' dir='ltr'><strong><em>ιωιί</em></strong></span> <span class='ocrx_word' id='word_1_11' title='bbox 1128 443 1267 522; x_wconf 69' lang='grc' dir='ltr'><strong><em>Σινώπης</em></strong></span> 
     </span>
     <span class='ocr_line' id='line_1_3' title="bbox 97 551 1268 640; baseline -0.001 -21"><span class='ocrx_word' id='word_1_12' title='bbox 97 562 167 636; x_wconf 83' lang='grc' dir='ltr'><strong><em>τριῶν</em></strong></span> <span class='ocrx_word' id='word_1_13' title='bbox 196 557 311 636; x_wconf 72' lang='grc' dir='ltr'><strong><em>ἡμερῶν</em></strong></span> <span class='ocrx_word' id='word_1_14' title='bbox 344 553 362 628; x_wconf 76' lang='grc' dir='ltr'><em>ἢ</em></span> <span class='ocrx_word' id='word_1_15' title='bbox 394 563 492 618; x_wconf 81' lang='grc' dir='ltr'><strong>ΔΤΟ.</strong></span> <span class='ocrx_word' id='word_1_16' title='bbox 541 553 621 634; x_wconf 82' lang='lat' dir='ltr'><strong>Quis</strong></span> <span class='ocrx_word' id='word_1_17' title='bbox 650 553 838 620; x_wconf 80' lang='lat' dir='ltr'><strong>mortalium</strong></span> <span class='ocrx_word' id='word_1_18' title='bbox 866 555 911 619; x_wconf 90' lang='lat' dir='ltr'><strong>sio</strong></span> <span class='ocrx_word' id='word_1_19' title='bbox 934 551 1093 640; x_wconf 78' lang='lat' dir='ltr'><strong>loquitur?</strong></span> <span class='ocrx_word' id='word_1_20' title='bbox 1139 553 1268 640; x_wconf 85' lang='lat' dir='ltr'><strong>Repone</strong></span> 
     </span>
     <span class='ocr_line' id='line_1_4' title="bbox 98 658 797 744; baseline -0.003 -17"><span class='ocrx_word' id='word_1_21' title='bbox 98 669 169 742; x_wconf 78' lang='grc' dir='ltr'><strong><em>τριῶν</em></strong></span> <span class='ocrx_word' id='word_1_22' title='bbox 191 665 308 744; x_wconf 73' lang='grc' dir='ltr'><strong><em>ἡμερῶν</em></strong></span> <span class='ocrx_word' id='word_1_23' title='bbox 333 658 349 736; x_wconf 68' lang='lat' dir='ltr'><strong>i</strong></span> <span class='ocrx_word' id='word_1_24' title='bbox 374 668 422 736; x_wconf 92' lang='grc' dir='ltr'><strong>Δ,</strong></span> <span class='ocrx_word' id='word_1_25' title='bbox 446 659 478 724; x_wconf 94' lang='lat' dir='ltr'><strong>id</strong></span> <span class='ocrx_word' id='word_1_26' title='bbox 503 665 551 725; x_wconf 86' lang='lat' dir='ltr'><strong>ost</strong></span> <span class='ocrx_word' id='word_1_27' title='bbox 575 661 742 742; x_wconf 64' lang='grc' dir='ltr'><strong><em>τεττάρων.</em></strong></span> <span class='ocrx_word' id='word_1_28' title='bbox 792 669 797 678; x_wconf 88' lang='grc'><strong><em>’</em></strong></span> 
     </span>
    </p>
   </div>
   <div class='ocr_carea' id='block_1_3' title="bbox 95 884 1269 1289">
    <p class='ocr_par' dir='ltr' id='par_1_3' title="bbox 95 884 1269 1289">
     <span class='ocr_line' id='line_1_5' title="bbox 133 884 1268 974; baseline 0.001 -24"><span class='ocrx_word' id='word_1_29' title='bbox 133 887 206 974; x_wconf 77' lang='lat' dir='ltr'><strong>Peg.</strong></span> <span class='ocrx_word' id='word_1_30' title='bbox 233 884 310 952; x_wconf 86' lang='grc'><strong>503.</strong></span> <span class='ocrx_word' id='word_1_31' title='bbox 336 884 528 963; x_wconf 76' lang='grc' dir='ltr'><strong><em>ιωμισίέντσι</em></strong></span> <span class='ocrx_word' id='word_1_32' title='bbox 549 885 580 949; x_wconf 77' lang='grc' dir='ltr'><strong>δέ</strong></span> <span class='ocrx_word' id='word_1_33' title='bbox 604 890 657 950; x_wconf 84' lang='grc' dir='ltr'><strong><em>τσῦ</em></strong></span> <span class='ocrx_word' id='word_1_34' title='bbox 682 885 825 959; x_wconf 77' lang='grc' dir='ltr'><strong><em>σώματος</em></strong></span> <span class='ocrx_word' id='word_1_35' title='bbox 846 884 887 956; x_wconf 84' lang='grc' dir='ltr'><strong>είς</strong></span> <span class='ocrx_word' id='word_1_36' title='bbox 907 910 938 952; x_wconf 92' lang='grc' dir='ltr'><strong><em>τι</em></strong></span> <span class='ocrx_word' id='word_1_37' title='bbox 956 886 1064 968; x_wconf 75' lang='grc' dir='ltr'><strong><em>χωρίον</em></strong></span> <span class='ocrx_word' id='word_1_38' title='bbox 1087 886 1268 966; x_wconf 79' lang='grc' dir='ltr'><strong><em>ἐπΙβαίνιν-</em></strong></span> 
     </span>
     <span class='ocr_line' id='line_1_6' title="bbox 96 991 1269 1079; baseline 0.002 -25"><span class='ocrx_word' id='word_1_39' title='bbox 96 1015 133 1056; x_wconf 88' lang='grc' dir='ltr'><strong><em>τιν</em></strong></span> <span class='ocrx_word' id='word_1_40' title='bbox 160 991 296 1063; x_wconf 74' lang='grc' dir='ltr'><strong><em>ἅπαντες</em></strong></span> <span class='ocrx_word' id='word_1_41' title='bbox 326 992 477 1072; x_wconf 80' lang='grc' dir='ltr'><strong><em>καθαρσίῳ</em></strong></span> <span class='ocrx_word' id='word_1_42' title='bbox 512 992 672 1074; x_wconf 81' lang='grc' dir='ltr'><strong><em>χρώμενοι.</em></strong></span> <span class='ocrx_word' id='word_1_43' title='bbox 720 992 812 1073; x_wconf 83' lang='lat' dir='ltr'><strong>Quod</strong></span> <span class='ocrx_word' id='word_1_44' title='bbox 846 993 958 1059; x_wconf 83' lang='lat' dir='ltr'><strong>Strabo</strong></span> <span class='ocrx_word' id='word_1_45' title='bbox 992 996 1156 1079; x_wconf 81' lang='lat' dir='ltr'><strong>perspicue</strong></span> <span class='ocrx_word' id='word_1_46' title='bbox 1191 993 1269 1057; x_wconf 88' lang='lat' dir='ltr'><strong>dicit</strong></span> 
     </span>
     <span class='ocr_line' id='line_1_7' title="bbox 95 1095 1268 1186; baseline -0.001 -23"><span class='ocrx_word' id='word_1_47' title='bbox 95 1095 199 1165; x_wconf 79' lang='lat' dir='ltr'>Graece</span> <span class='ocrx_word' id='word_1_48' title='bbox 221 1098 393 1164; x_wconf 84' lang='lat' dir='ltr'><strong>dicendum</strong></span> <span class='ocrx_word' id='word_1_49' title='bbox 417 1102 464 1164; x_wconf 84' lang='lat' dir='ltr'><strong>est</strong></span> <span class='ocrx_word' id='word_1_50' title='bbox 487 1097 769 1178; x_wconf 80' lang='grc' dir='ltr'><strong><em>ἐπΕΜβαίνινσιν,</em></strong></span> <span class='ocrx_word' id='word_1_51' title='bbox 794 1106 832 1164; x_wconf 86' lang='lat' dir='ltr'><strong>ot</strong></span> <span class='ocrx_word' id='word_1_52' title='bbox 854 1103 976 1186; x_wconf 91' lang='lat' dir='ltr'><strong>passim</strong></span> <span class='ocrx_word' id='word_1_53' title='bbox 998 1099 1115 1164; x_wconf 85' lang='lat' dir='ltr'><strong>dieitur</strong></span> <span class='ocrx_word' id='word_1_54' title='bbox 1140 1097 1268 1180; x_wconf 78' lang='grc' dir='ltr'><strong><em>κειμένῳ</em></strong></span> 
     </span>
     <span class='ocr_line' id='line_1_8' title="bbox 96 1202 907 1289; baseline 0.006 -22"><span class='ocrx_word' id='word_1_55' title='bbox 96 1202 301 1289; x_wconf 81' lang='grc' dir='ltr'><strong><em>ἐπεμβαίνειν,</em></strong></span> <span class='ocrx_word' id='word_1_56' title='bbox 324 1202 468 1280; x_wconf 75' lang='grc' dir='ltr'><strong>πεσόντι,</strong></span> <span class='ocrx_word' id='word_1_57' title='bbox 494 1204 670 1270; x_wconf 77' lang='grc' dir='ltr'><strong><em>πεπτωκότι</em></strong></span> <span class='ocrx_word' id='word_1_58' title='bbox 693 1205 907 1284; x_wconf 83' lang='grc' dir='ltr'><strong><em>ἐπεμβαίνειν.</em></strong></span> 
     </span>
    </p>
   </div>
   <div class='ocr_carea' id='block_1_4' title="bbox 94 1425 1271 1834">
    <p class='ocr_par' dir='ltr' id='par_1_4' title="bbox 94 1425 1271 1834">
     <span class='ocr_line' id='line_1_9' title="bbox 132 1425 1269 1518; baseline -0.002 -23"><span class='ocrx_word' id='word_1_59' title='bbox 132 1427 253 1495; x_wconf 63' lang='lat' dir='ltr'><strong>Siliano</strong></span> <span class='ocrx_word' id='word_1_60' title='bbox 284 1449 359 1518; x_wconf 79' lang='lat' dir='ltr'><strong>pag.</strong></span> <span class='ocrx_word' id='word_1_61' title='bbox 385 1428 462 1496; x_wconf 86' lang='lat'><strong>513.</strong></span> <span class='ocrx_word' id='word_1_62' title='bbox 510 1428 711 1504; x_wconf 70' lang='grc' dir='ltr'><strong><em>Σπιταμένης</em></strong></span> <span class='ocrx_word' id='word_1_63' title='bbox 735 1425 777 1502; x_wconf 77' lang='grc' dir='ltr'><strong>εἷς</strong></span> <span class='ocrx_word' id='word_1_64' title='bbox 804 1431 867 1496; x_wconf 78' lang='grc' dir='ltr'><strong>ἘΚ</strong></span> <span class='ocrx_word' id='word_1_65' title='bbox 891 1437 949 1497; x_wconf 81' lang='grc' dir='ltr'><strong><em>τῶν</em></strong></span> <span class='ocrx_word' id='word_1_66' title='bbox 972 1429 1168 1509; x_wconf 70' lang='grc' dir='ltr'><strong><em>ἀποδράντων</em></strong></span> <span class='ocrx_word' id='word_1_67' title='bbox 1192 1437 1269 1509; x_wconf 86' lang='grc' dir='ltr'><strong><em>Περ·</em></strong></span> 
     </span>
     <span class='ocr_line' id='line_1_10' title="bbox 95 1535 1271 1625; baseline 0.003 -29"><span class='ocrx_word' id='word_1_68' title='bbox 95 1540 143 1599; x_wconf 80' lang='grc' dir='ltr'><strong><em>τῶν</em></strong></span> <span class='ocrx_word' id='word_1_69' title='bbox 170 1535 220 1601; x_wconf 79' lang='grc' dir='ltr'><strong><em>τὸν</em></strong></span> <span class='ocrx_word' id='word_1_70' title='bbox 251 1537 460 1616; x_wconf 74' lang='grc' dir='ltr'><strong>Ἀλέξανδρον.</strong></span> <span class='ocrx_word' id='word_1_71' title='bbox 509 1536 587 1602; x_wconf 89' lang='lat' dir='ltr'><strong>Dele</strong></span> <span class='ocrx_word' id='word_1_72' title='bbox 619 1537 653 1600; x_wconf 86' lang='grc' dir='ltr'><strong>εἰι</strong></span> <span class='ocrx_word' id='word_1_73' title='bbox 683 1540 796 1601; x_wconf 90' lang='lat' dir='ltr'><strong>natum</strong></span> <span class='ocrx_word' id='word_1_74' title='bbox 828 1558 866 1600; x_wconf 83' lang='lat' dir='ltr'><strong>ex</strong></span> <span class='ocrx_word' id='word_1_75' title='bbox 897 1536 1114 1625; x_wconf 81' lang='lat' dir='ltr'><strong>dittographia</strong></span> <span class='ocrx_word' id='word_1_76' title='bbox 1147 1546 1212 1601; x_wconf 79' lang='lat' dir='ltr'><strong>ele</strong></span> <span class='ocrx_word' id='word_1_77' title='bbox 1239 1541 1271 1602; x_wconf 88' lang='lat' dir='ltr'><strong>ot</strong></span> 
     </span>
     <span class='ocr_line' id='line_1_11' title="bbox 97 1638 1270 1727; baseline 0 -22"><span class='ocrx_word' id='word_1_78' title='bbox 97 1649 149 1706; x_wconf 76' lang='grc' dir='ltr'><strong>ΕΚ.</strong></span> <span class='ocrx_word' id='word_1_79' title='bbox 192 1641 402 1727; x_wconf 85' lang='lat' dir='ltr'><strong>Perfreqnens</strong></span> <span class='ocrx_word' id='word_1_80' title='bbox 431 1644 466 1706; x_wconf 91' lang='lat' dir='ltr'><strong>in</strong></span> <span class='ocrx_word' id='word_1_81' title='bbox 497 1639 661 1708; x_wconf 77' lang='lat' dir='ltr'><strong>Strabonis</strong></span> <span class='ocrx_word' id='word_1_82' title='bbox 690 1638 860 1707; x_wconf 89' lang='lat' dir='ltr'><strong>Codioibus</strong></span> <span class='ocrx_word' id='word_1_83' title='bbox 882 1641 960 1708; x_wconf 87' lang='lat' dir='ltr'><strong>haoo</strong></span> <span class='ocrx_word' id='word_1_84' title='bbox 983 1643 1124 1708; x_wconf 79' lang='lat' dir='ltr'><strong>confusio</strong></span> <span class='ocrx_word' id='word_1_85' title='bbox 1148 1647 1181 1707; x_wconf 89' lang='lat' dir='ltr'><strong>et</strong></span> <span class='ocrx_word' id='word_1_86' title='bbox 1202 1662 1270 1727; x_wconf 91' lang='lat' dir='ltr'><strong>per-</strong></span> 
     </span>
     <span class='ocr_line' id='line_1_12' title="bbox 94 1747 838 1834; baseline 0 -24"><span class='ocrx_word' id='word_1_87' title='bbox 94 1751 218 1814; x_wconf 76' lang='lat' dir='ltr'><strong>mutatio</strong></span> <span class='ocrx_word' id='word_1_88' title='bbox 241 1753 306 1826; x_wconf 87' lang='lat' dir='ltr'><strong>est,</strong></span> <span class='ocrx_word' id='word_1_89' title='bbox 330 1750 457 1813; x_wconf 90' lang='lat' dir='ltr'><strong>utiam</strong></span> <span class='ocrx_word' id='word_1_90' title='bbox 481 1751 607 1834; x_wconf 87' lang='lat' dir='ltr'><strong>saepius</strong></span> <span class='ocrx_word' id='word_1_91' title='bbox 631 1747 838 1813; x_wconf 82' lang='lat' dir='ltr'><strong>ostendimus.</strong></span> 
     </span>
    </p>
   </div>
   <div class='ocr_carea' id='block_1_5' title="bbox 91 1985 1271 2500">
    <p class='ocr_par' dir='ltr' id='par_1_5' title="bbox 91 1985 1271 2500">
     <span class='ocr_line' id='line_1_13' title="bbox 131 1985 1270 2074; baseline 0 -24"><span class='ocrx_word' id='word_1_92' title='bbox 131 1985 204 2074; x_wconf 82' lang='lat' dir='ltr'><strong>Pag.</strong></span> <span class='ocrx_word' id='word_1_93' title='bbox 231 1987 307 2053; x_wconf 88' lang='grc'><strong>515.</strong></span> <span class='ocrx_word' id='word_1_94' title='bbox 353 1985 463 2053; x_wconf 73' lang='grc' dir='ltr'><strong><em>Κρίτων</em></strong></span> <span class='ocrx_word' id='word_1_95' title='bbox 491 1987 640 2070; x_wconf 82' lang='grc' dir='ltr'><strong><em>Ὀρτιρσίῳ</em></strong></span> <span class='ocrx_word' id='word_1_96' title='bbox 665 1985 794 2062; x_wconf 80' lang='grc' dir='ltr'><strong><em>δειρίέντι</em></strong></span> <span class='ocrx_word' id='word_1_97' title='bbox 815 1985 940 2064; x_wconf 80' lang='grc' dir='ltr'><strong><em>ἐξέδωκε</em></strong></span> <span class='ocrx_word' id='word_1_98' title='bbox 961 1987 1016 2061; x_wconf 67' lang='lat' dir='ltr'><strong>rba</strong></span> <span class='ocrx_word' id='word_1_99' title='bbox 1042 1986 1187 2064; x_wconf 87' lang='grc' dir='ltr'><strong><em>Μαρκίαν</em></strong></span> <span class='ocrx_word' id='word_1_100' title='bbox 1216 1987 1270 2068; x_wconf 76' lang='grc' dir='ltr'><strong>ἐφ’</strong></span> 
     </span>
     <span class='ocr_line' id='line_1_14' title="bbox 96 2091 1269 2182; baseline 0.001 -25"><span class='ocrx_word' id='word_1_101' title='bbox 96 2092 169 2168; x_wconf 75' lang='grc' dir='ltr'><strong><em>ἡμῶν</em></strong></span> <span class='ocrx_word' id='word_1_102' title='bbox 191 2095 277 2158; x_wconf 75' lang='grc' dir='ltr'><strong><em>κατὰ</em></strong></span> <span class='ocrx_word' id='word_1_103' title='bbox 300 2096 441 2159; x_wconf 70' lang='grc' dir='ltr'><strong><em>Παλαιὸν</em></strong></span> <span class='ocrx_word' id='word_1_104' title='bbox 465 2095 621 2172; x_wconf 85' lang='grc' dir='ltr'><strong><em>Ῥωμαίων</em></strong></span> <span class='ocrx_word' id='word_1_105' title='bbox 645 2093 717 2164; x_wconf 84' lang='grc' dir='ltr'><strong><em>ἐίσς.</em></strong></span> <span class='ocrx_word' id='word_1_106' title='bbox 764 2091 853 2158; x_wconf 75' lang='lat' dir='ltr'><strong>Solet</strong></span> <span class='ocrx_word' id='word_1_107' title='bbox 867 2095 906 2182; x_wconf 87' lang='lat' dir='ltr'><strong>in</strong></span> <span class='ocrx_word' id='word_1_108' title='bbox 925 2093 984 2160; x_wconf 87' lang='lat' dir='ltr'><strong>tali</strong></span> <span class='ocrx_word' id='word_1_109' title='bbox 1002 2115 1036 2161; x_wconf 89' lang='lat' dir='ltr'><strong>re</strong></span> <span class='ocrx_word' id='word_1_110' title='bbox 1056 2091 1116 2166; x_wconf 79' lang='grc' dir='ltr'><strong><em>ἐθοι</em></strong></span> <span class='ocrx_word' id='word_1_111' title='bbox 1137 2118 1167 2158; x_wconf 88' lang='grc' dir='ltr'><strong><em>τι</em></strong></span> <span class='ocrx_word' id='word_1_112' title='bbox 1188 2093 1269 2171; x_wconf 84' lang='lat' dir='ltr'><strong>dici,</strong></span> 
     </span>
     <span class='ocr_line' id='line_1_15' title="bbox 93 2196 1269 2284; baseline 0.001 -22"><span class='ocrx_word' id='word_1_113' title='bbox 93 2218 147 2263; x_wconf 93' lang='lat' dir='ltr'><strong>non</strong></span> <span class='ocrx_word' id='word_1_114' title='bbox 179 2197 260 2284; x_wconf 75' lang='grc' dir='ltr'><strong>ἕως,</strong></span> <span class='ocrx_word' id='word_1_115' title='bbox 295 2208 333 2265; x_wconf 90' lang='lat' dir='ltr'><strong>nt</strong></span> <span class='ocrx_word' id='word_1_116' title='bbox 365 2202 401 2265; x_wconf 92' lang='lat' dir='ltr'><strong>in</strong></span> <span class='ocrx_word' id='word_1_117' title='bbox 435 2199 496 2272; x_wconf 82' lang='grc' dir='ltr'><strong><em>έίις</em></strong></span> <span class='ocrx_word' id='word_1_118' title='bbox 533 2224 563 2265; x_wconf 93' lang='grc' dir='ltr'><strong><em>τι</em></strong></span> <span class='ocrx_word' id='word_1_119' title='bbox 597 2200 683 2264; x_wconf 80' lang='grc' dir='ltr'><strong><em>ταῦτ’</em></strong></span> <span class='ocrx_word' id='word_1_120' title='bbox 712 2196 791 2280; x_wconf 78' lang='grc' dir='ltr'><strong><em>ἔχει.</em></strong></span> <span class='ocrx_word' id='word_1_121' title='bbox 836 2200 947 2284; x_wconf 86' lang='lat' dir='ltr'><strong>ltaque</strong></span> <span class='ocrx_word' id='word_1_122' title='bbox 979 2201 1080 2266; x_wconf 86' lang='lat' dir='ltr'><strong>scribo</strong></span> <span class='ocrx_word' id='word_1_123' title='bbox 1110 2199 1196 2265; x_wconf 82' lang='grc' dir='ltr'><strong><em>κατιί</em></strong></span> <span class='ocrx_word' id='word_1_124' title='bbox 1223 2207 1269 2263; x_wconf 85' lang='grc' dir='ltr'><strong>ΤΙ</strong></span> 
     </span>
     <span class='ocr_line' id='line_1_16' title="bbox 93 2302 1271 2394; baseline 0.003 -28"><span class='ocrx_word' id='word_1_125' title='bbox 93 2308 222 2372; x_wconf 75' lang='grc' dir='ltr'><strong><em>Παλαιὸν</em></strong></span> <span class='ocrx_word' id='word_1_126' title='bbox 246 2343 288 2354; x_wconf 93' lang='lat'>-</span> <span class='ocrx_word' id='word_1_127' title='bbox 314 2304 403 2379; x_wconf 70' lang='grc' dir='ltr'><strong>έὸως,</strong></span> <span class='ocrx_word' id='word_1_128' title='bbox 429 2314 467 2370; x_wconf 85' lang='lat' dir='ltr'><strong>ut</strong></span> <span class='ocrx_word' id='word_1_129' title='bbox 488 2326 560 2394; x_wconf 83' lang='lat' dir='ltr'><strong>pag.</strong></span> <span class='ocrx_word' id='word_1_130' title='bbox 588 2302 664 2372; x_wconf 81' lang='grc'><strong>357.</strong></span> <span class='ocrx_word' id='word_1_131' title='bbox 689 2307 774 2369; x_wconf 75' lang='grc' dir='ltr'><strong><em>κατὰ</em></strong></span> <span class='ocrx_word' id='word_1_132' title='bbox 798 2303 860 2377; x_wconf 63' lang='lat' dir='ltr'><strong>idos</strong></span> <span class='ocrx_word' id='word_1_133' title='bbox 879 2328 909 2370; x_wconf 89' lang='grc' dir='ltr'><strong><em>τι</em></strong></span> <span class='ocrx_word' id='word_1_134' title='bbox 929 2304 1074 2392; x_wconf 73' lang='grc' dir='ltr'><strong><em>παλαιόν,</em></strong></span> <span class='ocrx_word' id='word_1_135' title='bbox 1094 2312 1127 2372; x_wconf 88' lang='lat' dir='ltr'><strong>ot</strong></span> <span class='ocrx_word' id='word_1_136' title='bbox 1145 2306 1271 2391; x_wconf 75' lang='lat' dir='ltr'><strong>saepius</strong></span> 
     </span>
     <span class='ocr_line' id='line_1_17' title="bbox 91 2408 1040 2500; baseline 0.003 -25"><span class='ocrx_word' id='word_1_137' title='bbox 91 2408 167 2480; x_wconf 83' lang='lat' dir='ltr'><strong>aiibi.</strong></span> <span class='ocrx_word' id='word_1_138' title='bbox 212 2413 342 2498; x_wconf 85' lang='lat' dir='ltr'><strong>Repone</strong></span> <span class='ocrx_word' id='word_1_139' title='bbox 364 2417 396 2478; x_wconf 90' lang='lat' dir='ltr'><strong>et</strong></span> <span class='ocrx_word' id='word_1_140' title='bbox 417 2432 492 2500; x_wconf 80' lang='lat' dir='ltr'><strong>pag.</strong></span> <span class='ocrx_word' id='word_1_141' title='bbox 517 2410 591 2476; x_wconf 90' lang='lat'><strong>601.</strong></span> <span class='ocrx_word' id='word_1_142' title='bbox 618 2410 703 2477; x_wconf 84' lang='grc' dir='ltr'><strong><em>ιιατιί</em></strong></span> <span class='ocrx_word' id='word_1_143' title='bbox 727 2413 783 2498; x_wconf 90' lang='grc' dir='ltr'><strong><em>(τι)</em></strong></span> <span class='ocrx_word' id='word_1_144' title='bbox 808 2413 944 2477; x_wconf 77' lang='grc' dir='ltr'><strong><em>παλαιὸν</em></strong></span> <span class='ocrx_word' id='word_1_145' title='bbox 968 2411 1040 2484; x_wconf 80' lang='grc' dir='ltr'><strong><em>ἐίις.</em></strong></span> 
     </span>
    </p>
   </div>
   <div class='ocr_carea' id='block_1_6' title="bbox 92 2649 1273 3164">
    <p class='ocr_par' dir='ltr' id='par_1_6' title="bbox 92 2649 1273 3164">
     <span class='ocr_line' id='line_1_18' title="bbox 132 2649 1269 2740; baseline 0.002 -24"><span class='ocrx_word' id='word_1_146' title='bbox 132 2650 206 2740; x_wconf 79' lang='lat' dir='ltr'><strong>Pag.</strong></span> <span class='ocrx_word' id='word_1_147' title='bbox 236 2649 313 2719; x_wconf 88' lang='grc'><strong>516.</strong></span> <span class='ocrx_word' id='word_1_148' title='bbox 345 2652 448 2733; x_wconf 80' lang='grc' dir='ltr'><strong><em>ίμορεῖ</em></strong></span> <span class='ocrx_word' id='word_1_149' title='bbox 468 2651 499 2717; x_wconf 77' lang='grc' dir='ltr'><strong>δὲ</strong></span> <span class='ocrx_word' id='word_1_150' title='bbox 523 2654 540 2728; x_wconf 74' lang='grc' dir='ltr'><em>ἦ</em></span> <span class='ocrx_word' id='word_1_151' title='bbox 565 2652 655 2732; x_wconf 83' lang='grc' dir='ltr'><strong><em>Ἀρία</em></strong></span> <span class='ocrx_word' id='word_1_152' title='bbox 682 2661 720 2734; x_wconf 64' lang='grc' dir='ltr'><strong><em>τῇ</em></strong></span> <span class='ocrx_word' id='word_1_153' title='bbox 745 2662 917 2734; x_wconf 72' lang='grc' dir='ltr'><strong><em>Βακτριανρῑ</em></strong></span> <span class='ocrx_word' id='word_1_154' title='bbox 941 2653 1091 2718; x_wconf 66' lang='grc' dir='ltr'><strong>1111’καί</strong></span> <span class='ocrx_word' id='word_1_155' title='bbox 1116 2655 1171 2731; x_wconf 73' lang='grc' dir='ltr'><strong><em>τίρν</em></strong></span> <span class='ocrx_word' id='word_1_156' title='bbox 1196 2653 1269 2718; x_wconf 80' lang='grc' dir='ltr'><strong><em>ὑπι·</em></strong></span> 
     </span>
     <span class='ocr_line' id='line_1_19' title="bbox 94 2757 1272 2840; baseline 0 -16"><span class='ocrx_word' id='word_1_157' title='bbox 94 2761 187 2824; x_wconf 77' lang='grc' dir='ltr'><strong><em>ςῖισαν</em></strong></span> <span class='ocrx_word' id='word_1_158' title='bbox 210 2759 267 2840; x_wconf 81' lang='grc' dir='ltr'><strong><em>ὄρει</em></strong></span> <span class='ocrx_word' id='word_1_159' title='bbox 291 2761 333 2839; x_wconf 78' lang='grc' dir='ltr'><strong><em>τῷ</em></strong></span> <span class='ocrx_word' id='word_1_160' title='bbox 359 2757 460 2838; x_wconf 81' lang='grc' dir='ltr'><strong><em>ἔχωντι</em></strong></span> <span class='ocrx_word' id='word_1_161' title='bbox 484 2761 539 2834; x_wconf 72' lang='grc' dir='ltr'><strong>τέρν</strong></span> <span class='ocrx_word' id='word_1_162' title='bbox 562 2763 762 2840; x_wconf 79' lang='grc' dir='ltr'><strong><em>Βακτριανήν.</em></strong></span> <span class='ocrx_word' id='word_1_163' title='bbox 799 2760 993 2824; x_wconf 82' lang='lat' dir='ltr'><strong>Acutissime</strong></span> <span class='ocrx_word' id='word_1_164' title='bbox 1010 2760 1093 2825; x_wconf 84' lang='lat' dir='ltr'><strong>vidit</strong></span> <span class='ocrx_word' id='word_1_165' title='bbox 1112 2759 1272 2825; x_wconf 84' lang='lat' dir='ltr'><strong>Miillerus</strong></span> 
     </span>
     <span class='ocr_line' id='line_1_20' title="bbox 92 2864 1273 2945; baseline 0.003 -19"><span class='ocrx_word' id='word_1_166' title='bbox 92 2864 121 2926; x_wconf 90' lang='lat' dir='ltr'><strong>in</strong></span> <span class='ocrx_word' id='word_1_167' title='bbox 152 2872 513 2931; x_wconf 74' lang='lat' dir='ltr'><strong>rssocTAcaNorer</strong></span> <span class='ocrx_word' id='word_1_168' title='bbox 547 2864 646 2930; x_wconf 86' lang='lat' dir='ltr'><strong>latere</strong></span> <span class='ocrx_word' id='word_1_169' title='bbox 682 2865 740 2930; x_wconf 77' lang='grc' dir='ltr'><strong>ὑπὸ</strong></span> <span class='ocrx_word' id='word_1_170' title='bbox 777 2867 967 2945; x_wconf 79' lang='grc' dir='ltr'><strong><em>Στασιίνσρι,</em></strong></span> <span class='ocrx_word' id='word_1_171' title='bbox 1003 2867 1055 2930; x_wconf 89' lang='lat' dir='ltr'><strong>oui</strong></span> <span class='ocrx_word' id='word_1_172' title='bbox 1089 2873 1211 2931; x_wconf 88' lang='lat' dir='ltr'><strong>oonstat</strong></span> <span class='ocrx_word' id='word_1_173' title='bbox 1237 2868 1273 2930; x_wconf 90' lang='lat' dir='ltr'><strong>in</strong></span> 
     </span>
     <span class='ocr_line' id='line_1_21' title="bbox 92 2969 1271 3058; baseline 0.004 -26"><span class='ocrx_word' id='word_1_174' title='bbox 92 2969 236 3037; x_wconf 83' lang='lat' dir='ltr'><strong>divisione</strong></span> <span class='ocrx_word' id='word_1_175' title='bbox 266 2973 395 3056; x_wconf 88' lang='lat' dir='ltr'><strong>imperii</strong></span> <span class='ocrx_word' id='word_1_176' title='bbox 424 2977 495 3056; x_wconf 87' lang='lat' dir='ltr'><strong>post</strong></span> <span class='ocrx_word' id='word_1_177' title='bbox 517 2970 690 3036; x_wconf 81' lang='lat' dir='ltr'><strong>Alexandri</strong></span> <span class='ocrx_word' id='word_1_178' title='bbox 712 2977 851 3036; x_wconf 88' lang='lat' dir='ltr'><strong>mortem</strong></span> <span class='ocrx_word' id='word_1_179' title='bbox 875 2969 1077 3037; x_wconf 79' lang='lat' dir='ltr'><strong>Bactrianam</strong></span> <span class='ocrx_word' id='word_1_180' title='bbox 1100 2972 1271 3058; x_wconf 79' lang='lat' dir='ltr'><strong>obtigisse,</strong></span> 
     </span>
     <span class='ocr_line' id='line_1_22' title="bbox 92 3074 1273 3164; baseline 0.003 -26"><span class='ocrx_word' id='word_1_181' title='bbox 92 3080 120 3139; x_wconf 87' lang='lat' dir='ltr'><strong>et</strong></span> <span class='ocrx_word' id='word_1_182' title='bbox 151 3077 200 3142; x_wconf 87' lang='lat' dir='ltr'><strong>vel</strong></span> <span class='ocrx_word' id='word_1_183' title='bbox 236 3076 382 3142; x_wconf 88' lang='lat' dir='ltr'><strong>additum</strong></span> <span class='ocrx_word' id='word_1_184' title='bbox 417 3079 459 3156; x_wconf 74' lang='grc' dir='ltr'><strong><em>τῷ</em></strong></span> <span class='ocrx_word' id='word_1_185' title='bbox 491 3074 670 3141; x_wconf 80' lang='grc' dir='ltr'>ἜΧΟΝΤΙ</span> <span class='ocrx_word' id='word_1_186' title='bbox 705 3078 760 3150; x_wconf 70' lang='grc' dir='ltr'><strong><em>τὴν</em></strong></span> <span class='ocrx_word' id='word_1_187' title='bbox 797 3077 986 3156; x_wconf 76' lang='grc' dir='ltr'><strong><em>Βακτριανήν</em></strong></span> <span class='ocrx_word' id='word_1_188' title='bbox 1018 3077 1127 3164; x_wconf 80' lang='lat' dir='ltr'><strong>arguit</strong></span> <span class='ocrx_word' id='word_1_189' title='bbox 1157 3087 1273 3142; x_wconf 87' lang='lat' dir='ltr'><strong>nomen</strong></span> 
     </span>
    </p>
   </div>
   <div class='ocr_carea' id='block_1_7' title="bbox 91 3181 1275 3690">
    <p class='ocr_par' dir='ltr' id='par_1_7' title="bbox 91 3181 1273 3481">
     <span class='ocr_line' id='line_1_23' title="bbox 91 3181 1273 3269; baseline 0.002 -23"><span class='ocrx_word' id='word_1_190' title='bbox 91 3183 228 3268; x_wconf 87' lang='lat' dir='ltr'><strong>propium</strong></span> <span class='ocrx_word' id='word_1_191' title='bbox 259 3183 368 3249; x_wconf 87' lang='lat' dir='ltr'><strong>latere.</strong></span> <span class='ocrx_word' id='word_1_192' title='bbox 414 3181 478 3248; x_wconf 78' lang='lat' dir='ltr'><strong>Sed</strong></span> <span class='ocrx_word' id='word_1_193' title='bbox 508 3203 608 3268; x_wconf 81' lang='lat' dir='ltr'><strong>neque</strong></span> <span class='ocrx_word' id='word_1_194' title='bbox 632 3185 699 3269; x_wconf 89' lang='lat' dir='ltr'><strong>ipse</strong></span> <span class='ocrx_word' id='word_1_195' title='bbox 722 3203 824 3269; x_wconf 85' lang='lat' dir='ltr'><strong>nsque</strong></span> <span class='ocrx_word' id='word_1_196' title='bbox 847 3182 929 3248; x_wconf 85' lang='lat' dir='ltr'><strong>alins</strong></span> <span class='ocrx_word' id='word_1_197' title='bbox 952 3185 1123 3268; x_wconf 85' lang='lat' dir='ltr'><strong>quisquam</strong></span> <span class='ocrx_word' id='word_1_198' title='bbox 1146 3203 1184 3247; x_wconf 87' lang='lat' dir='ltr'><strong>ex</strong></span> <span class='ocrx_word' id='word_1_199' title='bbox 1206 3181 1273 3268; x_wconf 91' lang='lat' dir='ltr'><strong>pal-</strong></span> 
     </span>
     <span class='ocr_line' id='line_1_24' title="bbox 91 3287 1273 3377; baseline 0.001 -26"><span class='ocrx_word' id='word_1_200' title='bbox 91 3292 185 3355; x_wconf 91' lang='lat' dir='ltr'><strong>maria</strong></span> <span class='ocrx_word' id='word_1_201' title='bbox 205 3291 265 3356; x_wconf 87' lang='lat' dir='ltr'><strong>heo</strong></span> <span class='ocrx_word' id='word_1_202' title='bbox 288 3289 508 3357; x_wconf 84' lang='lat' dir='ltr'><strong>emendatione</strong></span> <span class='ocrx_word' id='word_1_203' title='bbox 531 3290 673 3355; x_wconf 86' lang='lat' dir='ltr'><strong>iruotum</strong></span> <span class='ocrx_word' id='word_1_204' title='bbox 697 3292 815 3377; x_wconf 83' lang='lat' dir='ltr'><strong>capiet,</strong></span> <span class='ocrx_word' id='word_1_205' title='bbox 841 3291 916 3374; x_wconf 87' lang='lat' dir='ltr'><strong>quia</strong></span> <span class='ocrx_word' id='word_1_206' title='bbox 938 3309 1057 3376; x_wconf 79' lang='lat' dir='ltr'><strong>magna</strong></span> <span class='ocrx_word' id='word_1_207' title='bbox 1080 3288 1193 3354; x_wconf 88' lang='lat' dir='ltr'><strong>laouna</strong></span> <span class='ocrx_word' id='word_1_208' title='bbox 1220 3287 1273 3354; x_wconf 91' lang='lat' dir='ltr'><strong>ob·</strong></span> 
     </span>
     <span class='ocr_line' id='line_1_25' title="bbox 92 3395 964 3481; baseline 0.003 -23"><span class='ocrx_word' id='word_1_209' title='bbox 92 3396 198 3462; x_wconf 85' lang='lat' dir='ltr'><strong>sorbsit</strong></span> <span class='ocrx_word' id='word_1_210' title='bbox 220 3417 257 3462; x_wconf 89' lang='lat' dir='ltr'><strong>ea</strong></span> <span class='ocrx_word' id='word_1_211' title='bbox 280 3416 360 3481; x_wconf 89' lang='lat' dir='ltr'><strong>quae</strong></span> <span class='ocrx_word' id='word_1_212' title='bbox 383 3395 620 3481; x_wconf 79' lang='lat' dir='ltr'><strong>praecedebant.</strong></span> <span class='ocrx_word' id='word_1_213' title='bbox 961 3440 964 3448; x_wconf 84' lang='lat'>·</span> 
     </span>
    </p>

    <p class='ocr_par' dir='ltr' id='par_1_8' title="bbox 93 3499 1275 3690">
     <span class='ocr_line' id='line_1_26' title="bbox 133 3499 1275 3591; baseline -0.004 -22"><span class='ocrx_word' id='word_1_214' title='bbox 133 3501 249 3569; x_wconf 81' lang='lat' dir='ltr'><strong>Eodem</strong></span> <span class='ocrx_word' id='word_1_215' title='bbox 280 3504 376 3570; x_wconf 92' lang='lat' dir='ltr'><strong>modo</strong></span> <span class='ocrx_word' id='word_1_216' title='bbox 407 3503 489 3568; x_wconf 83' lang='lat' dir='ltr'><strong>dixit</strong></span> <span class='ocrx_word' id='word_1_217' title='bbox 519 3524 592 3591; x_wconf 81' lang='lat' dir='ltr'><strong>pag.</strong></span> <span class='ocrx_word' id='word_1_218' title='bbox 626 3499 698 3569; x_wconf 84' lang='lat'><strong>567.</strong></span> <span class='ocrx_word' id='word_1_219' title='bbox 731 3503 786 3578; x_wconf 72' lang='lat' dir='ltr'><strong>rba</strong></span> <span class='ocrx_word' id='word_1_220' title='bbox 820 3507 917 3568; x_wconf 81' lang='lat' dir='ltr'><strong>&#39;&#39;rrlo</strong></span> <span class='ocrx_word' id='word_1_221' title='bbox 949 3501 992 3582; x_wconf 80' lang='grc' dir='ltr'><strong><em>τῷ</em></strong></span> <span class='ocrx_word' id='word_1_222' title='bbox 1022 3499 1166 3586; x_wconf 82' lang='grc' dir='ltr'><strong><em>’Λμύντρι</em></strong></span> <span class='ocrx_word' id='word_1_223' title='bbox 1191 3524 1275 3579; x_wconf 74' lang='grc' dir='ltr'><strong><em>γενι-</em></strong></span> 
     </span>
     <span class='ocr_line' id='line_1_27' title="bbox 93 3604 555 3690; baseline 0.009 -20"><span class='ocrx_word' id='word_1_224' title='bbox 93 3604 196 3690; x_wconf 82' lang='grc' dir='ltr'><strong><em>μένιρν,</em></strong></span> <span class='ocrx_word' id='word_1_225' title='bbox 220 3615 252 3676; x_wconf 87' lang='lat' dir='ltr'><strong>et</strong></span> <span class='ocrx_word' id='word_1_226' title='bbox 276 3610 321 3675; x_wconf 90' lang='lat' dir='ltr'><strong>sio</strong></span> <span class='ocrx_word' id='word_1_227' title='bbox 344 3610 443 3676; x_wconf 89' lang='lat' dir='ltr'><strong>etiam</strong></span> <span class='ocrx_word' id='word_1_228' title='bbox 468 3608 555 3676; x_wconf 88' lang='lat' dir='ltr'><strong>alibi.</strong></span> 
     </span>
    </p>
   </div>
   <div class='ocr_carea' id='block_1_8' title="bbox 92 3845 1276 4468">
    <p class='ocr_par' dir='ltr' id='par_1_9' title="bbox 92 3845 1276 4468">
     <span class='ocr_line' id='line_1_28' title="bbox 134 3845 1275 3939; baseline 0.005 -26"><span class='ocrx_word' id='word_1_229' title='bbox 134 3845 209 3939; x_wconf 80' lang='lat' dir='ltr'><strong>Peg.</strong></span> <span class='ocrx_word' id='word_1_230' title='bbox 234 3849 310 3916; x_wconf 82' lang='lat'><strong>531.</strong></span> <span class='ocrx_word' id='word_1_231' title='bbox 333 3850 412 3930; x_wconf 78' lang='grc' dir='ltr'><strong>Φησὶ</strong></span> <span class='ocrx_word' id='word_1_232' title='bbox 437 3849 500 3931; x_wconf 70' lang='grc' dir='ltr'><strong>γὰρ</strong></span> <span class='ocrx_word' id='word_1_233' title='bbox 524 3847 729 3939; x_wconf 79' lang='lat' dir='ltr'><strong>(Herodotus)</strong></span> <span class='ocrx_word' id='word_1_234' title='bbox 754 3851 790 3914; x_wconf 83' lang='grc' dir='ltr'><strong>έιι</strong></span> <span class='ocrx_word' id='word_1_235' title='bbox 813 3855 979 3925; x_wconf 73' lang='grc' dir='ltr'><strong><em>Ματιηνῶν</em></strong></span> <span class='ocrx_word' id='word_1_236' title='bbox 1004 3850 1097 3915; x_wconf 74' lang='grc' dir='ltr'><strong><em>αὐτὸν</em></strong></span> <span class='ocrx_word' id='word_1_237' title='bbox 1122 3850 1275 3938; x_wconf 81' lang='lat' dir='ltr'><strong>(Araxen)</strong></span> 
     </span>
     <span class='ocr_line' id='line_1_29' title="bbox 94 3950 1275 4038; baseline 0.009 -24"><span class='ocrx_word' id='word_1_238' title='bbox 94 3950 189 4030; x_wconf 83' lang='grc' dir='ltr'><strong><em>ῥέοντα</em></strong></span> <span class='ocrx_word' id='word_1_239' title='bbox 219 3959 260 4029; x_wconf 78' lang='grc' dir='ltr'><strong>είς</strong></span> <span class='ocrx_word' id='word_1_240' title='bbox 284 3956 518 4037; x_wconf 73' lang='grc' dir='ltr'><strong><em>τετταράκοντα</em></strong></span> <span class='ocrx_word' id='word_1_241' title='bbox 543 3965 787 4022; x_wconf 75' lang='grc' dir='ltr'><strong>ΠΟΤΑΜΟΤΕ</strong></span> <span class='ocrx_word' id='word_1_242' title='bbox 811 3956 985 4038; x_wconf 81' lang='grc' dir='ltr'><strong><em>σχίζεσθαι.</em></strong></span> <span class='ocrx_word' id='word_1_243' title='bbox 1032 3957 1104 4023; x_wconf 92' lang='lat' dir='ltr'><strong>Non</strong></span> <span class='ocrx_word' id='word_1_244' title='bbox 1128 3953 1177 4023; x_wconf 83' lang='lat' dir='ltr'><strong>esi</strong></span> <span class='ocrx_word' id='word_1_245' title='bbox 1200 3980 1275 4025; x_wconf 87' lang='lat' dir='ltr'><strong>sona</strong></span> 
     </span>
     <span class='ocr_line' id='line_1_30' title="bbox 92 4054 1274 4154; baseline 0.008 -35"><span class='ocrx_word' id='word_1_246' title='bbox 92 4054 179 4126; x_wconf 85' lang='lat' dir='ltr'><strong>lectio</strong></span> <span class='ocrx_word' id='word_1_247' title='bbox 200 4064 378 4154; x_wconf 79' lang='grc' dir='ltr'><strong><em>ποταμούς.</em></strong></span> <span class='ocrx_word' id='word_1_248' title='bbox 424 4061 540 4128; x_wconf 82' lang='lat' dir='ltr'><strong>Veram</strong></span> <span class='ocrx_word' id='word_1_249' title='bbox 571 4063 660 4128; x_wconf 89' lang='lat' dir='ltr'><strong>dabit</strong></span> <span class='ocrx_word' id='word_1_250' title='bbox 689 4061 871 4128; x_wconf 84' lang='lat' dir='ltr'><strong>Herodotus</strong></span> <span class='ocrx_word' id='word_1_251' title='bbox 902 4061 927 4126; x_wconf 92' lang='lat'><strong>1.</strong></span> <span class='ocrx_word' id='word_1_252' title='bbox 961 4059 1037 4126; x_wconf 77' lang='lat'><strong>202.</strong></span> <span class='ocrx_word' id='word_1_253' title='bbox 1076 4070 1274 4129; x_wconf 75' lang='grc' dir='ltr'>ΣΤΟΜΑΕΙ</span> 
     </span>
     <span class='ocr_line' id='line_1_31' title="bbox 94 4159 1276 4248; baseline 0.003 -18"><span class='ocrx_word' id='word_1_254' title='bbox 94 4159 124 4226; x_wconf 71' lang='grc' dir='ltr'><strong>δὲ</strong></span> <span class='ocrx_word' id='word_1_255' title='bbox 151 4163 341 4248; x_wconf 71' lang='grc' dir='ltr'><strong><em>ἐξερεύγεται</em></strong></span> <span class='ocrx_word' id='word_1_256' title='bbox 378 4167 630 4245; x_wconf 87' lang='grc' dir='ltr'><strong><em>τεσσαρσίιισντα,</em></strong></span> <span class='ocrx_word' id='word_1_257' title='bbox 664 4175 722 4233; x_wconf 81' lang='grc' dir='ltr'><strong><em>τῶν</em></strong></span> <span class='ocrx_word' id='word_1_258' title='bbox 754 4169 797 4234; x_wconf 79' lang='grc' dir='ltr'><strong><em>τίν</em></strong></span> <span class='ocrx_word' id='word_1_259' title='bbox 821 4167 927 4234; x_wconf 84' lang='grc' dir='ltr'><strong><em>πιίντα</em></strong></span> <span class='ocrx_word' id='word_1_260' title='bbox 952 4170 1032 4242; x_wconf 68' lang='grc' dir='ltr'><strong><em>πλὴν</em></strong></span> <span class='ocrx_word' id='word_1_261' title='bbox 1057 4168 1119 4241; x_wconf 79' lang='grc' dir='ltr'><strong>ἐνὸς</strong></span> <span class='ocrx_word' id='word_1_262' title='bbox 1145 4169 1174 4241; x_wconf 81' lang='grc' dir='ltr'><strong>ἐς</strong></span> <span class='ocrx_word' id='word_1_263' title='bbox 1199 4165 1276 4234; x_wconf 71' lang='lat' dir='ltr'><strong>itari</strong></span> 
     </span>
     <span class='ocr_line' id='line_1_32' title="bbox 93 4272 1275 4362; baseline 0.003 -25"><span class='ocrx_word' id='word_1_264' title='bbox 93 4290 126 4332; x_wconf 76' lang='grc' dir='ltr'><strong>τε</strong></span> <span class='ocrx_word' id='word_1_265' title='bbox 156 4275 203 4339; x_wconf 85' lang='grc' dir='ltr'><strong><em>ιιαί</em></strong></span> <span class='ocrx_word' id='word_1_266' title='bbox 233 4274 373 4355; x_wconf 72' lang='grc' dir='ltr'><strong><em>τενιίγεα</em></strong></span> <span class='ocrx_word' id='word_1_267' title='bbox 403 4275 526 4362; x_wconf 73' lang='grc' dir='ltr'><strong>ἐκδιδοῖ,</strong></span> <span class='ocrx_word' id='word_1_268' title='bbox 551 4275 635 4342; x_wconf 87' lang='lat' dir='ltr'><strong>unde</strong></span> <span class='ocrx_word' id='word_1_269' title='bbox 659 4273 808 4342; x_wconf 78' lang='lat' dir='ltr'><strong>Straboni</strong></span> <span class='ocrx_word' id='word_1_270' title='bbox 835 4274 950 4342; x_wconf 85' lang='lat' dir='ltr'><strong>redde:</strong></span> <span class='ocrx_word' id='word_1_271' title='bbox 973 4273 1017 4348; x_wconf 84' lang='grc' dir='ltr'><strong>είς</strong></span> <span class='ocrx_word' id='word_1_272' title='bbox 1041 4272 1275 4356; x_wconf 70' lang='grc' dir='ltr'><strong><em>τετταράκοντα</em></strong></span> 
     </span>
     <span class='ocr_line' id='line_1_33' title="bbox 95 4379 500 4468; baseline 0.015 -25"><span class='ocrx_word' id='word_1_273' title='bbox 95 4380 295 4449; x_wconf 79' lang='lat' dir='ltr'><strong>CTOMATA</strong></span> <span class='ocrx_word' id='word_1_274' title='bbox 325 4379 500 4468; x_wconf 75' lang='grc' dir='ltr'><strong><em>σχίζεσθαι.</em></strong></span> 
     </span>
    </p>
   </div>
   <div class='ocr_carea' id='block_1_9' title="bbox 0 0 1522 4970">
    <p class='ocr_par' dir='ltr' id='par_1_10' title="bbox 0 0 1522 4970">
     <span class='ocr_line' id='line_1_34' title="bbox 0 0 1522 4970; baseline 0 0"><span class='ocrx_word' id='word_1_275' title='bbox 0 0 1522 4970; x_wconf 95' lang='lat' dir='ltr'><strong> </strong></span> 
     </span>
    </p>
   </div>
  </div>
 </body>
</html>
