3086 4968
826 244 891 315 492

305 435 385 529 Peg.
430 441 507 508 460.
550 437 602 520 17.
640 439 691 506 καί
728 445 787 506 τῶν
821 441 879 520 μὲν
912 441 982 512 τοὺς
1018 437 1253 516 δανεισαμένους
1288 427 1424 501 ἀποδοῦναι

259 546 440 612 κελευόντων
468 549 551 633 [τοὺς
576 543 611 622 ἕξ
634 545 758 632 aaa}
796 545 860 626 Qui
882 548 947 610 sint
970 545 996 610 οί
1016 541 1230 622 δανεισάμενοι
1249 545 1427 628 perspicuum

259 658 307 720 est
330 659 362 718 et
385 674 424 718 ex
445 656 515 738 ipsa
538 673 572 718 re
595 658 626 718 et
646 655 745 718 exiis
768 673 847 738 qnae
865 651 1068 737 praecedunt.
1104 647 1274 714 Praeterea
1294 647 1427 714 emblema
1513 667 1514 696 ι

259 761 293 825 in
316 764 385 824 tam
408 758 544 826 molesta
568 759 640 825 sede
665 757 854 824 collocatum
878 763 927 823 eet
950 763 987 821 ut
1009 754 1063 822 vel
1084 756 1159 821 hine
1185 754 1273 820 frans
1294 759 1397 840 pateat.

304 969 385 1056 Pag.
417 966 493 1034 460.
526 965 581 1033 29.
614 969 648 1032 τὸ
681 973 736 1041 τῆς
770 967 886 1040 πόλεως
918 964 984 1041 ἦίος
1005 1003 1046 1014 -—
1067 965 1122 1030 ίδοι
1154 987 1201 1042 τις
1233 963 1271 1028 ίιν
1301 967 1426 1036 τοιοῦτον,
1513 1015 1514 1020 ,

259 1076 395 1161 repetita
417 1073 541 1160 syllaba
564 1072 636 1160 lege
659 1077 792 1138 τοιοῦτον
813 1073 900 1139 ὍΝ.

306 1285 384 1372 Peg.
413 1283 489 1349 461.
516 1282 567 1348 16.
593 1278 614 1364 ᾧ
639 1282 718 1366 μόνῳ
743 1282 864 1364 μείζους
889 1283 963 1350 είσίν
984 1286 1016 1348 αί
1036 1283 1123 1362 παρὰ
1142 1287 1200 1348 τῶν
1220 1283 1323 1358 δήμων
1341 1276 1426 1359 δωρεαί

259 1399 318 1456 τῶν
354 1390 439 1469 παροδ
471 1397 528 1456 τῶν
557 1387 661 1455 ἄλλων
685 1395 842 1454 πολιτειῶν
869 1389 1051 1475 [διδομένων]
1078 1389 1129 1452 καί
1154 1393 1246 1452 τοῦτο
1270 1394 1428 1468 ἀφαιρεῖται

258 1503 310 1562 νῦν
342 1499 383 1577 τῷ
418 1496 507 1578 νίμιρ.
553 1497 785 1583 interpolatum
809 1504 841 1564 et
866 1499 1010 1582 spurium
1035 1503 1082 1564 est
1104 1496 1312 1580 participium
1334 1489 1429 1568 διδομέ-

258 1629 321 1670 νων.
359 1602 515 1668 Dicebant
539 1605 572 1668 αἱ
598 1603 684 1684 παρὰ
709 1609 767 1666 τῶν
791 1603 893 1678 δήμων
916 1601 1041 1682 δωρεαί,
1067 1603 1135 1666 sine
1157 1603 1341 1686 participio,
1360 1595 1427 1683 quod

257 1713 285 1776 si
307 1710 382 1775 addi
406 1710 518 1776 fuisset
542 1709 673 1775 solitum
697 1709 847 1775 dixisset:
874 1711 906 1774 ci
934 1709 1019 1788 παρα
1040 1713 1099 1771 τῶν
1119 1706 1221 1785 δήμων
1246 1707 1347 1786 δωρεαί
1367 1701 1428 1768 διδί·

258 1825 361 1894 μενΑΙ
394 1821 451 1879 τῶν
484 1815 570 1894 παρὰ
601 1822 660 1880 τῶν
691 1813 795 1880 ἄλλων
819 1820 977 1880 πολιτειῶν
1001 1811 1122 1892 μείζους
1147 1813 1234 1878 είσίν.
1283 1812 1341 1878 Sed
1360 1807 1427 1874 nihil

258 1927 306 1987 est
336 1923 396 1987 hac
427 1923 654 2006 compositione
685 1921 899 2007 frequentius:
939 1922 973 1986 αἱ
1004 1921 1090 1998 παρὰ
1121 1925 1179 1983 τῶν
1207 1919 1309 1996 δήμων
1340 1913 1429 1994 δωρεαί

257 2027 458 2113 appellantur
481 2048 554 2115 pag.
583 2026 658 2091 461,
686 2025 746 2104 16,
773 2025 847 2094 467.
874 2023 934 2104 27,
952 2023 1035 2096 476.
1063 2025 1098 2102 2,
1124 2022 1201 2092 478.
1230 2022 1288 2100 16,
1314 2019 1425 2098 499,1.

256 2133 299 2199 lit
333 2135 378 2196 sic
411 2134 427 2206 ἧ
462 2133 547 2213 πιιρίι
582 2133 694 2198 τούτων
724 2131 829 2213 χιίρις.
866 2129 949 2210 470,
982 2129 1012 2194 5.
1048 2130 1127 2196 unde
1151 2130 1346 2196 scribendum
1364 2147 1425 2212 pag.

258 2235 334 2306 477.
369 2237 402 2303 3.
438 2238 496 2309 τὰς
528 2239 666 2319 χοίριτας
700 2237 783 2327 (τοὶς)
818 2237 893 2318 παρ’
928 2239 1009 2316 ὑμῶν
1041 2235 1171 2306 οὶτίςους
1195 2232 1281 2310 ἕξειν.
1326 2232 1427 2298 Eadem

257 2343 382 2410 dicendi
406 2343 509 2408 forma
535 2346 657 2408 estin:

304 2453 321 2526 ἡ
346 2450 433 2529 παρὰ
457 2456 515 2514 τῶν
540 2450 609 2514 θεῶν
634 2449 735 2515 εὔνοιαι
758 2471 831 2538 pag.
860 2450 912 2534 12.
939 2448 977 2528 8,
1006 2447 1057 2513 18.
1083 2447 1116 2514 2.

303 2559 319 2633 ἡ
344 2557 417 2635 παρ’
442 2554 524 2633 ὑμῶν
548 2556 679 2634 τιμωρία
706 2553 783 2623 775.
809 2555 841 2622 2.

302 2665 319 2739 ἡ
344 2661 415 2741 πρὸς
440 2661 511 2732 τοὺς
534 2661 758 2742 πρεσβυτέρους
783 2662 870 2743 παροδ
894 2669 951 2727 τῶν
976 2661 1045 2726 νέων
1069 2660 1204 2740 αἰσχύνη
1230 2659 1301 2728 771.
1329 2659 1351 2722 1.

302 2772 335 2836 ai
359 2768 447 2849 παρα
470 2753 523 2832 τοῦ
547 2769 640 2859 δεῖνος
666 2768 791 2844 ἐλπίδες
818 2767 870 2834 52.
897 2766 952 2834 25.
980 2792 987 2801 ·

301 2880 317 2952 ἡ
342 2877 415 2955 παρ’
442 2874 522 2951 ὑμῶν
548 2874 667 2948 ποίησις
693 2872 767 2939 466.
798 2874 849 2939 16.
945 2955 947 2958 Ι

301 2983 314 3044 ί
339 2979 414 3061 παρ’
442 2979 631 3058 apostotos
659 2978 733 3046 479.
762 2979 817 3046 21.

300 3090 317 3162 ἡ
342 3087 416 3166 παρ’
441 3085 551 3154 ἑνοίςου
574 3085 724 3165 βούλησις
749 3085 803 3156 33,
828 3086 883 3152 28.

300 3195 332 3258 ci
358 3190 443 3274 παροί
467 3216 545 3264 τινος
570 3191 790 3275 βλασφημίαι.

299 3303 332 3366 αἱ
357 3299 443 3381 παροί
467 3322 545 3371 τινος
570 3297 730 3381 ὠφέλειαι.
787 3283 789 3287 ’

300 3409 324 3472 οἱ
350 3409 421 3488 παρ’
447 3406 529 3484 ὑμῶν
554 3404 712 3486 πρέσβεις.

301 3517 313 3582 ί
339 3512 412 3595 παρ’
441 3513 522 3590 ὑμῶν
548 3509 716 3592 τροιτιργίς.

300 3620 414 3700 ἧπαρ
440 3619 521 3696 ὑμῶν
545 3617 618 3698 ont
645 3615 722 3681 533.
749 3619 778 3682 1.
857 3659 859 3662 -

298 3727 407 3792 Etiam
431 3725 469 3789 de
495 3724 644 3788 casalibus
669 3725 713 3788 sic
737 3723 874 3789 dicitur:

202 3857 205 3862 ’
299 3836 323 3899 οἱ
349 3831 433 3913 παροί
460 3855 536 3902 τινος
563 3827 708 3912 φυγοίδες
733 3835 789 3894 aut
812 3831 996 3909 φεύγοντες.
1122 3855 1124 3860 ”

299 3941 367 4012 τοὺς
392 3936 543 4021 φυνοίδας
568 3937 637 4007 τοὺς
664 3935 735 4015 παρ’
762 3936 869 4001 ἑαυτοῦ
896 3935 948 4000 80.
977 3935 1030 4001 12.

300 4046 323 4110 οἱ
350 4047 422 4124 παρ’
448 4043 558 4109 ἐκείνου
582 4041 755 4125 φεύγοντες
781 4039 832 4108 61.
860 4040 913 4107 26.

299 4151 475 4234 Xenophon
502 4150 608 4236 Ορνορ.
633 4147 691 4212 Vl.
718 4146 749 4212 3.
778 4146 828 4210 11.
855 4148 964 4230 φνγίις
990 4152 1063 4226 παρ’
1090 4147 1182 4225 ὑμῶν.

298 4257 451 4322 Isocrates
473 4275 546 4341 pag.
572 4251 626 4318 94.
639 4271 672 4317 a.
696 4254 808 4335 φυγὼν
832 4253 907 4335 παρ’
935 4255 1029 4331 ὑμῶν.
1134 4331 1137 4338 .

297 4358 526 4434 Demosthenes
549 4356 624 4428 593.
650 4356 680 4422 9.
706 4358 741 4422 τί
765 4362 839 4442 παρ’
866 4361 947 4440 ὑμῶν
973 4358 1081 4434 οίδίκως
1111 4360 1256 4426 ἐκπεσεῖν.
