3034 4968
652 289 693 359 67

99 479 273 556 (maioribus
306 478 434 556 nostris)
471 481 697 560 πεπραγμένων
732 481 784 546 aa>
818 489 876 548 τῶν
911 473 1001 558 ὑμῖν,
1037 481 1075 546 θεν
1111 479 1159 562 ἄρ’
1191 485 1274 562 ὑμῶν

99 585 182 648 aaran
207 585 283 647 ἀλλ’
307 584 341 646 ἕκ
364 583 478 648 τούτων
502 610 541 663 γε
565 585 688 660 δύνησθε
712 585 861 666 γενέσθαι.
901 587 985 668 Quid
1004 591 1052 652 est
1073 589 1154 664 ὑμῶν
1173 590 1272 654 αὐτῶν

97 686 248 766 γενέσθμιθ
283 687 348 753 Res
377 694 543 775 perspicua
573 697 637 756 est:
671 693 752 769 ὑμῶν
782 694 881 757 οὐσῶν
913 691 1070 771 γενόμενοι
1103 699 1150 758 est
1181 695 1273 758 castri

98 797 164 859 iuria
183 797 291 882 facti,
324 796 358 860 id
390 801 522 862 estnon
546 798 685 882 amplius
708 801 742 862 in
765 799 902 864 aliorum
925 803 1096 883 potestate,
1120 821 1182 865 non
1206 821 1272 866 am·

97 901 170 986 plius
196 924 237 966 ex
268 901 371 967 alieno
401 903 532 968 arbitrio
563 905 743 988 pendentes.
790 905 955 970 Factiones
977 910 1049 968 tum
1071 907 1106 968 in
1129 927 1193 990 rep.
1220 906 1272 972 do-

97 1010 306 1085 minabantur,
332 1009 371 1074 ad
394 1031 472 1093 quas
496 1031 528 1074 se
551 1009 672 1097 singuh'
695 1011 896 1095 applicabant
919 1015 951 1075 et
975 1013 1019 1074 sio
1042 1010 1159 1095 populo
1182 1011 1272 1076 nulla

95 1121 152 1179 erat
172 1113 285 1180 relicta
307 1119 455 1199 potestas.
482 1117 568 1192 ὑμεῖς
593 1115 618 1179 δ’
638 1119 652 1178 o'
672 1117 764 1193 δῆμος
785 1117 847 1180 -ἐν
869 1115 1015 1195 ὑπηρέτου
1037 1116 1089 1180 aa}
1102 1117 1268 1195 προσθθκης

95 1220 168 1300 μέρει
195 1221 367 1298 γεγένησθε
390 1242 462 1307 pag.
489 1219 541 1286 37.
568 1221 598 1286 2.
624 1242 703 1306 quae
726 1224 868 1306 recoquit
890 1227 995 1286 noster
1017 1243 1090 1309 pag.
1116 1221 1191 1287 175.
1218 1219 1271 1289 17.

94 1325 193 1412 Itaque
227 1327 310 1404 ὑμῶν
341 1328 440 1391 aaran
473 1325 596 1403 γένεσθε
626 1325 784 1414 significat
808 1328 1029 1391 vindicatores
1051 1328 1084 1390 οἰι
1107 1329 1271 1392 θ’θενθοθονιι

94 1456 123 1495 ac
156 1441 280 1498 aeteram
310 1440 437 1496 acetrum
468 1456 566 1496 reram
598 1433 727 1496 omnium
750 1441 925 1516 potestatem
953 1440 1139 1516 νοονρνοτοθο,
1174 1431 1224 1498 das
1256 1437 1270 1500 θ

94 1538 177 1612 δῆμος
207 1538 360 1612 δεσπότης
385 1540 443 1603 τῶν
467 1537 707 1614 πολιτευομένων
733 1537 766 1614 ἦν
789 1538 841 1603 aa}
867 1538 962 1617 κθριος
987 1539 1079 1610 οιὺσθς
1104 1538 1269 1617 ὑποθντων,

93 1665 163 1728 quae
197 1649 341 1710 recantat
370 1647 525 1730 impostor
555 1665 627 1731 pag.
666 1641 740 1708 175.
775 1642 828 1708 13.
882 1641 1036 1708 Sumtum
1067 1650 1114 1709 est
1145 1645 1271 1711 dicendi

91 1771 181 1836 genus
213 1773 231 1815 a
263 1753 512 1816 manumissione
544 1771 716 1815 servorum.
765 1749 947 1814 Priscianus
969 1749 1070 1813 XVII.
1097 1747 1149 1817 17.
1174 1752 1271 1836 (apud

91 1855 220 1920 Meinek.
247 1856 365 1938 ,θ’νιιρνιι.
395 1857 470 1919 Com.
494 1855 546 1920 IV.
574 1853 652 1940 447)
677 1855 851 1932 „PnRfflUffl

304 1962 438 2026 υθιιιθὶοθο
453 1969 610 2048 postquam
632 1983 711 2024 meas
733 1985 752 2024 ο
768 1967 910 2042 praetore
932 1959 1047 2024 recessi.

89 2072 117 2130 et
138 2067 331 2134 Euamrnns:

516 2173 577 2249 ἐγὼ
603 2173 628 2236 δ’
653 2171 725 2250 ε’μθς
750 2171 841 2249 aar?

92 2282 222 2367 corrige:
249 2279 310 2356 ἐγὼ
335 2279 361 2342 δ’
386 2277 457 2356 ε’μὺς
483 2284 533 2343 νῦν
557 2279 638 2355 εἰμι,
664 2278 747 2362 quod
767 2281 801 2342 in
822 2277 964 2343 dramate
983 2276 1128 2364 Satyrioo
1148 2280 1273 2348 dicebat

88 2389 185 2451 nescio
216 2388 289 2470 quis
322 2407 361 2450 ex
393 2387 547 2451 seruitute
577 2405 684 2450 recens
714 2383 879 2448 liberatus.
925 2383 996 2449 Hoc
1019 2386 1121 2472 igitur
1143 2391 1208 2450 est:
1234 2386 1273 2452 θεν

88 2488 143 2569 θροι
175 2494 257 2566 ὑμῶν
290 2493 391 2556 οιὺτιῖιν
423 2490 499 2554 ἀλλ’
534 2491 567 2554 ἕκ
597 2491 709 2555 τούτων
741 2514 779 2567 γε
803 2489 926 2564 δύνησθε
950 2488 1102 2567 γενέσθαι.
1149 2491 1271 2557 Eodem

87 2618 173 2661 sensu
205 2598 325 2662 dicitur
358 2618 429 2684 pag.
465 2593 540 2661 171.
573 2595 624 2661 25.
652 2594 689 2660 θον
714 2593 740 2658 δ’
767 2596 853 2672 ὑμεῖς
878 2593 916 2659 δι’
944 2597 1023 2672 ὑμῶν
1045 2597 1145 2661 ιιὺπὺν
1169 2594 1270 2665 daura

86 2700 260 2781 πρθττηπε,
299 2707 331 2766 et
370 2703 445 2766 hinc
478 2701 611 2766 mordax
642 2701 783 2765 dictum:
816 2704 866 2765 νῦν
896 2701 927 2765 δὲ
958 2702 1153 2767 πολιτεύεσθε
1186 2703 1271 2768 κνιτθι

84 2809 265 2885 συμμορίας.
312 2807 486 2892 Reliquum
516 2812 562 2872 est
585 2813 623 2870 ut
647 2807 810 2871 ostendam
835 2809 916 2882 ὑμῶν
941 2810 1040 2872 οιθτὺν
1064 2806 1206 2885 γενέσθαι
1231 2810 1270 2875 ab

82 2915 144 2999 ipso
174 2914 393 2979 Demosthene
422 2915 468 2977 ita
500 2934 566 2977 esse
589 2917 790 2996 usurpatum.
814 2912 888 2976 vide
911 2933 984 2999 pag.
1009 2911 1062 2976 26.
1088 2909 1141 2978 27.
1167 2911 1214 2978 δεῖ
1236 2912 1270 2988 δη

83 3025 179 3084 τοιὺτοι
214 3018 387 3089 ἐπανέντος
421 3018 472 3082 aa}
508 3019 613 3095 ὑμῶν
646 3020 775 3082 οοὺτῶν
800 3016 843 3081 έτι
870 3017 922 3082 aa>
948 3021 998 3081 νῦν
1023 3018 1270 3095 γενομένους

82 3130 168 3192 κοινὸν
194 3124 250 3190 aa>
275 3124 310 3188 τὸ
335 3125 439 3201 λέγειν
463 3125 514 3188 aa}
540 3123 574 3187 τὸ
597 3123 801 3201 βουλεύεσθαι
826 3123 878 3186 aa>
903 3123 938 3187 τὸ
963 3123 1109 3201 πρθτσειν
1133 3133 1271 3204 ποιῆσοοι,

81 3253 171 3316 quern
193 3231 306 3296 locum
331 3250 426 3315 supra
449 3230 645 3294 ostendimus
668 3232 850 3316 contingere
870 3250 906 3294 ea
926 3249 1005 3313 quae
1027 3227 1177 3314 Sophiste
1189 3249 1273 3294 com-

79 3339 208 3421 pilavit:
246 3343 284 3400 ut
314 3335 436 3420 reliqua
465 3334 555 3400 illinc
585 3338 701 3399 sumsit
733 3337 778 3399 sic
807 3336 905 3399 etiarn
936 3335 1013 3399 hoc:
1040 3333 1077 3398 θεν
1102 3331 1164 3413 θροι
1190 3335 1271 3410 ὑμῶν

79 3446 173 3508 ιιθτὺν
200 3444 279 3507 ἀλλ’
303 3442 336 3504 ἐκ
359 3440 474 3505 τούτων
492 3465 531 3516 γε
552 3433 674 3512 δύνησθε
696 3439 849 3517 γενέσθαι.
880 3437 1027 3504 Recurrit
1047 3439 1137 3503 idem
1149 3441 1275 3505 dicendi

80 3571 176 3634 genus
197 3570 276 3634 pag.
300 3543 601 3610 42.10.συνελο’ντι
624 3545 654 3609 δὲ
679 3544 815 3630 [ἁπλῶς]
840 3545 873 3618 ἢν
895 3547 977 3623 ὑμῶν
994 3546 1094 3609 αὐτῶν
1108 3545 1273 3621 ἐθελήσητε

79 3655 222 3731 γενέσθαι
251 3691 293 3700 -
318 3653 360 3715 τθι
385 3651 505 3730 ὑμέτερ’
532 3653 632 3715 αὐτῶν
656 3653 819 3743 κομιεῖσθε.

118 3761 181 3825 His
213 3763 266 3824 ita
294 3759 370 3822 satis
402 3755 536 3821 firmiter
568 3755 720 3821 stabilitis
750 3757 957 3840 inspiciamus
992 3752 1134 3822 Oodices.
1182 3757 1220 3822 In
1251 3758 1274 3825 S

76 3865 194 3954 legitur
228 3901 274 3912 -
298 3863 421 3936 ὑθνησθε
454 3860 596 3938 γενέοθοιι
627 3862 802 3940 κρείττους,
828 3864 863 3924 in
886 3861 958 3926 aliis
983 3861 1107 3937 δύνησθε
1132 3863 1274 3940 γενέσθαι

75 3972 231 4046 βελτίους.
291 3967 393 4033 Paene
433 3966 534 4032 oculis
566 3972 754 4032 correctores
786 3969 820 4030 in
853 3987 945 4051 opere
977 3971 1156 4034 cernimus:
1191 3971 1274 4037 alius

76 4080 227 4157 κρείττους
256 4074 362 4150 addit,
388 4074 470 4138 alius
492 4073 656 4150 βελτίους.
680 4094 826 4158 perverse
851 4078 883 4137 et
904 4081 1102 4158 praepostere
1121 4081 1266 4160 uterque.

76 4185 237 4265 Κρεθττους
268 4180 379 4244 {carcia
404 4180 566 4256 γίγνεσθοοι
592 4179 742 4243 dicuntur
766 4182 822 4262 qui
844 4202 875 4242 ce
899 4180 978 4262 θρεοε
999 4189 1141 4264 capescat
1158 4187 1190 4246 et
1209 4205 1277 4249 ma-

80 4295 128 4378 gis
162 4307 267 4374 quam
299 4306 453 4369 umquam
485 4290 577 4350 antea
607 4286 728 4349 virtute
762 4283 934 4348 excellunt.
988 4285 1098 4349 Etiam
1132 4286 1277 4363 βελτθους

83 4397 195 4462 {aurcis
217 4393 372 4457 dicuntur
392 4393 447 4477 qui
466 4390 668 4474 aliquantum
688 4391 722 4453 in
741 4390 864 4454 virtute
881 4389 1090 4474 profecerunt.
1116 4391 1274 4458 Neutrum
