3034 4970
804 259 869 328 218

682 459 987 519 ΠΛΗΜΜΤΡΕΙΝ.

290 642 362 712 Una
379 647 508 710 tantum
526 642 630 710 forma
649 640 771 711 Graeca
789 648 837 710 est
856 643 1068 726 τλημμύρειν,
1091 641 1299 727 πλημμύραν,
1323 656 1415 720 τλημ·

245 749 400 831 μύρουτοο.
436 747 587 818 Graeculi
605 749 740 816 alteram
758 751 839 816 vitio
857 756 966 818 natam
986 751 1025 816 de
1045 770 1103 816 suo
1123 749 1310 828 addiderunt
1326 763 1416 825 τλημ-

242 862 353 939 μυρεῑ,
377 864 593 938 τλημμυροῑν,
619 861 832 935 τλημμυρῶυ,
857 856 962 925 veluti
985 877 1060 944 pag.
1086 853 1164 924 742.
1190 857 1249 922 ubi
1272 860 1304 921 st
1324 869 1417 931 τλύύ·

244 961 330 1043 μύρον
355 965 387 1028 et
409 969 606 1042 τλημμυροῖν
628 960 764 1049 legitur,
788 966 820 1027 et
842 961 889 1027 sio
911 965 1037 1047 saepius
1060 959 1148 1028 alibi.
1185 961 1220 1026 Si
1239 964 1418 1040 τλημμυρεῖν

150 1125 155 1140 ,
241 1072 328 1142 ,esset
350 1069 385 1131 in
406 1087 468 1132 usu
490 1067 621 1133 haberet
644 1090 662 1132 υ
681 1072 879 1152 correptum,
899 1072 938 1132 ut
956 1070 991 1133 in
1010 1068 1237 1149 μαρτύροούαι,
1262 1071 1417 1147 μαρτυρεῖν.

245 1173 340 1240 Nunc
373 1175 495 1238 constat
529 1173 648 1257 ubique
682 1195 749 1239 esse
783 1173 985 1259 productum.
1020 1174 1119 1240 Recte
1152 1175 1256 1261 igitur
1288 1172 1419 1239 scribitur

247 1279 482 1359 πλημμύροντα
507 1299 581 1366 pag.
607 1277 685 1347 74³.
708 1280 764 1346 sed
785 1282 905 1366 passim
927 1285 1076 1368 peccatur
1097 1279 1184 1347 alibi.
1248 1347 1253 1358 ,

731 1496 954 1555 ΔΗΜΗΤΡΛ.

294 1667 398 1750 Quam
429 1689 521 1756 saepe
552 1669 637 1756 apud
668 1667 854 1750 Strabonem
886 1677 918 1736 et
946 1669 1025 1738 alios
1053 1671 1210 1756 reperitur
1241 1669 1420 1736 accusativus

249 1774 419 1856 Δημήτραν
448 1775 566 1841 ultima
595 1774 692 1864 longa
721 1775 863 1852 barbare.
909 1777 995 1844 Fsex
1018 1773 1250 1843 Graeculorum
1273 1772 1420 1846 dicebatl

249 1882 423 1963 Δαμώτρα,
456 1886 495 1946 ut
525 1883 541 1956 ἦ
573 1890 668 1962 χεῖρα
696 1881 880 1968 similiaque
906 1881 1081 1968 complura.
1129 1882 1266 1948 Homeri
1286 1881 1422 1970 Hymnus

247 1985 404 2072 hodieque
428 1987 613 2051 inscribitur
637 1987 680 2060 εἷς
700 1987 870 2068 Δημήτραν
889 1987 942 2055 vel
959 1992 1050 2075 peius
1069 1992 1167 2054 etiam
1188 1989 1231 2062 εἰς
1254 1992 1421 2067 Δήμητραν,

248 2093 334 2178 qnod
355 2091 477 2158 nullius
499 2092 630 2180 linguae
654 2098 712 2159 est.
758 2094 893 2160 Formae
916 2095 1078 2174 Δήμητρος
1099 2099 1132 2160 ct
1151 2095 1292 2176 Δύμητρι
1311 2094 1422 2161 illaesae

250 2203 399 2279 manent,
423 2198 536 2264 sedin
559 2202 739 2268 accusativo
763 2203 882 2286 passim
905 2202 950 2267 sic
973 2205 1131 2288 peccatur.

546 2409 723 2478 Ξενοδοκεῒν.
749 2409 931 2484 τανδοκούο.
955 2409 1142 2480 πανδοκεῖον.

295 2589 367 2658 Non
398 2592 443 2656 sic
472 2591 557 2676 apud
589 2590 776 2658 Strabonem
808 2591 929 2676 editio,
964 2611 1160 2677 quamquam
1184 2592 1252 2658 'hae
1273 2587 1354 2656 soloe
1374 2587 1424 2652 for
1504 2581 1505 2584 ’

247 2713 321 2763 mae
344 2696 460 2782 probae
483 2702 575 2782 sunt,
599 2696 653 2765 scd
677 2695 847 2778 ξενοδοχοῖν
871 2701 904 2763 et
922 2698 1116 2777 contextiora.
1151 2695 1282 2763 Veteres
1299 2701 1336 2761 ut
1353 2694 1422 2772 δορι-

248 2797 344 2868 δοιιεῑν
367 2804 413 2868 sio
437 2807 615 2870 constanter
636 2801 798 2880 ξεινοδόκος
823 2807 854 2869 et
874 2802 1038 2881 ξενοδοκεῖν
1057 2802 1224 2877 dicebant,
1244 2802 1300 2868 sed
1317 2800 1423 2886 scquio

246 2929 321 2975 rum
344 2909 484 2986 ουνώύεια
507 2911 604 2976 etiam
628 2909 712 2996 apud
731 2911 855 2975 Atticos
874 2896 966 2995 saepe
984 2929 1095 2976 veram
1114 2906 1284 2975 lectionem
1303 2904 1421 2993 expulit.

603 3116 743 3186 Nomina
764 3118 896 3184 urbium
918 3116 1079 3186 mendosa.

294 3299 376 3365 Sunt
411 3299 567 3387 quaedam
607 3299 796 3386 oppidorum
829 3302 975 3385 nomina,
1010 3320 1091 3386 quae
1123 3300 1244 3386 ubique
1279 3301 1313 3365 in
1346 3295 1420 3366 libris

247 3409 364 3472 nostris
393 3411 478 3472 certo
507 3426 609 3472 errore
639 3408 803 3473 vitientur.
849 3406 1025 3486 Καλχηδών
1054 3427 1168 3472 verum
1196 3427 1312 3472 nomen
1335 3409 1376 3470 est
1393 3405 1420 3465 et

248 3511 480 3593 Καλχηδόνιος,
501 3515 664 3589 Μυτιλήνη
685 3517 717 3579 at
734 3520 964 3592 Μυτιληναῖος,
984 3516 1127 3593 Ἑρμιών,
1148 3513 1275 3595 Γύρτυν,
1295 3508 1420 3578 inlibris

248 3623 377 3684 tantum
418 3639 481 3685 non
523 3624 702 3685 constanter
743 3618 909 3694 Χαλκηδών
945 3624 1105 3704 comparet
1140 3623 1173 3684 et
1208 3617 1363 3692 Μιτυλήνη
1393 3614 1418 3675 ol

247 3723 389 3803 Ἐρμιώυη
413 3729 445 3792 et
467 3725 613 3806 Γόρτυνα.
641 3724 843 3805 Συρακούσιος
866 3729 994 3791 tantum
1017 3745 1080 3790 non
1103 3725 1223 3809 ubique
1246 3723 1328 3809 apud
1348 3720 1417 3786 stra-

248 3829 364 3899 bonem
394 3830 544 3896 mendose
578 3832 728 3898 scribitur
756 3851 814 3916 pro
845 3827 1039 3910 Συρακόσιος.
1060 3865 1062 3868 -
1086 3828 1124 3894 In
1153 3828 1227 3896 eliis
1254 3852 1276 3893 α
1302 3828 1417 3912 longum

249 3937 367 4004 scribas
389 3942 422 4002 et
443 3937 579 4002 editores
601 3936 726 4002 fefellit.
772 3936 845 4002 Non
864 3938 995 4012 Ἴλιτα,
1019 3956 1081 4000 non
1107 3933 1254 4000 Μώλακα
1277 3931 1416 4001 Graecum

249 4046 309 4118 est,
336 4041 392 4107 sed
414 4043 541 4121 Ἰλύτα,
565 4042 731 4121 Μαλώκα,
751 4047 789 4108 ut
807 4041 977 4109 ostendunt
999 4041 1137 4129 genitivi
1161 4039 1339 4112 Μαλύνιας,
1359 4027 1417 4099 ’lal-

246 4168 335 4225 τας,
359 4146 483 4225 Νέδας,
511 4146 686 4226 Ἰδουβέδας
710 4153 786 4214 cett.

294 4251 333 4320 In
360 4251 435 4320 eliis
464 4258 573 4320 contra
603 4276 626 4319 οι
655 4255 749 4321 breve
779 4253 966 4339 producitur
994 4257 1033 4320 ut
1054 4254 1089 4317 in
1111 4251 1272 4334 liciatorio,
1296 4248 1417 4317 Νίσαια,

249 4357 369 4428 Νέκυια
393 4362 538 4436 etaiam,
564 4379 644 4444 quae
667 4361 702 4426 in
724 4359 927 4428 Editionibus
950 4359 1177 4442 παροξύνονται.
