3026 4970
652 267 717 336 259

197 457 241 534 μὴ
266 456 300 531 aa
325 453 418 527 οὕτως
441 453 585 536 άγθρενε·
610 454 705 536 πάρος
729 458 756 523 δ’
786 459 838 524 οὐκ
861 456 986 526 ἔσσεται
1011 455 1132 535 άλλως,

200 564 267 642 πρίν
291 568 324 641 γ’
349 563 398 627 ἐπὶ
422 564 465 627 νῶ
489 563 560 642 τῶδ’
588 563 669 643 civici
693 564 747 629 σὺν
771 561 905 632 ἵπποισιν
930 565 981 632 καὶ
1007 563 1139 648 ὄχεσφιν

201 669 343 747 άντιβθνν
368 668 487 736 ἐλθόντε
510 670 564 735 σὺν
590 667 686 736 ἐντεσι
713 673 898 748 πειρηθῆναι.

98 779 125 838 et
147 773 256 862 Odyss.
285 784 325 840 Ο.
352 773 429 841 475.

85 881 89 886 ’
268 880 418 947 ἐπέπλεον
443 882 523 962 ὑγρά
547 879 679 948 κέλευθα
702 883 755 946 Νῶ
780 881 1026 961 άναβησάμενοι.

99 985 133 1050 ad
151 985 256 1051 locum
279 987 397 1053 Iliados
420 993 606 1053 annotatur:
638 989 700 1053 vd:
733 986 767 1052 τὸ
799 986 843 1052 νὼ
872 988 1102 1070 asperserat.
1128 987 1220 1064 ἅπαξ
1244 990 1274 1054 δέ

98 1091 124 1154 ἐν
144 1091 251 1156 Ἰλιάδι
275 1092 328 1158 καὶ
352 1090 443 1169 άπαξ
467 1094 497 1158 ἐν
521 1094 688 1178 Ὀδυσσεία
712 1094 753 1176 τῷ
778 1103 844 1162 ΝΩ
870 1098 1028 1177 ἐχρήσατο
1049 1099 1122 1160 κατ’
1141 1099 1273 1161 αἰτιατι-

97 1199 145 1272 aiv
166 1201 299 1273 πτῶσιν,
325 1197 424 1280 ῶσπερ
448 1199 500 1264 καὶ
525 1198 638 1265 ἐνθάδε.

518 1307 561 1370 vd
593 1305 837 1385 ἀναβησάμενοι.

98 1409 179 1474 θπθτε
209 1410 313 1488 μέντοι
346 1436 385 1490 γε
417 1413 472 1477 σὺν
502 1412 544 1490 τῷ
577 1421 589 1476 Ι
614 1411 746 1490 λέγεται
771 1413 823 1478 καὶ
850 1415 899 1480 ἐπ’
922 1413 1041 1488 εὐθείας
1065 1413 1141 1480 αὖτέ
1165 1411 1274 1477 τάσσει

98 1516 143 1580 καὶ
166 1517 214 1582 ἐπ’
238 1519 414 1591 αἰτιατικῆς
441 1517 492 1582 καὶ
518 1523 777 1597 προπερισπῶται.
1048 1520 1051 1528 ’

364 1629 429 1692 νῶίΙ
456 1625 482 1688 δ’
506 1625 566 1704 ἐγὼ
592 1624 737 1699 Σθένελθς
761 1650 796 1690 τε
820 1626 869 1712 (Il
896 1636 921 1691 1.
946 1626 1023 1710 48.).

97 1752 161 1793 και·

243 1838 305 1901 οὐδ’
330 1835 368 1901 θον
400 1840 465 1901 νῶϊ
493 1835 645 1916 διαδράκοι
670 1836 767 1910 ν’ἐλιθς
791 1863 846 1919 περ
872 1838 923 1925 (Il.
952 1847 983 1904 Ξ.
1007 1835 1112 1920 344.).

137 1942 335 2008 Aristarchus
365 1943 592 2008 animadvertit
621 1945 656 2008 in
685 1942 820 2009 Homeri
851 1945 1044 2008 carminibus
1076 1943 1125 2009 bis
1147 1948 1274 2008 tantum

97 2054 159 2111 ΝΩ
188 2052 335 2134 reperiri,
368 2048 468 2114 semel
499 2051 533 2113 in
553 2047 667 2126 Iliade,
696 2048 794 2113 semel
817 2051 851 2113 in
875 2046 1028 2136 Odyssea,
1054 2053 1087 2113 et
1108 2051 1276 2133 utrobique

98 2172 157 2218 esse
186 2157 391 2219 accusativum.
434 2156 515 2220 Vide
547 2175 643 2240 quam
676 2157 903 2240 circumspecte
934 2163 966 2220 et
989 2157 1080 2248 amic
1103 2157 1277 2242 investiget

97 2261 205 2325 omnia.
251 2262 387 2326 Perinde
420 2266 467 2326 est
498 2263 579 2325 sitne
611 2262 828 2326 nominativus
859 2281 898 2324 an
929 2263 1146 2345 accusativus,
1178 2267 1210 2326 et
1238 2263 1274 2326 νά

99 2364 154 2452 (τῴ)
185 2373 317 2453 utroque
344 2387 418 2432 casu
441 2369 559 2452 passim
583 2366 667 2451 apud
690 2368 813 2431 Atticos
836 2371 944 2451 politas
967 2366 1088 2454 legitur
1111 2372 1143 2432 et
1166 2366 1276 2454 Tragi-

97 2492 143 2538 cos
173 2479 203 2538 et
226 2471 387 2550 Comicos3
412 2473 467 2538 sed
489 2475 523 2538 in
546 2493 579 2537 re
604 2477 803 2538 controversa
827 2477 859 2538 et
882 2475 998 2538 rariore
1019 2473 1102 2538 nihil
1128 2475 1277 2539 omitten-

96 2576 169 2642 dum
196 2585 296 2677 putat.
346 2577 466 2644 Deinde
496 2579 587 2643 docet
618 2582 669 2644 νῶΐ
693 2584 725 2646 et
747 2581 983 2645 nominativum
1007 2600 1073 2646 esse
1097 2583 1128 2644 et
1152 2599 1276 2646 accusa

96 2685 121 2747 ti
197 2735 204 2750 .

137 2790 343 2858 Transeamus
373 2792 413 2857 ad
441 2791 612 2858 secundam
634 2809 819 2877 persenam:
845 2796 929 2868 σφῶΐ
950 2797 982 2857 et
1006 2795 1103 2872 σφῶϊν
1127 2792 1276 2876 plurimis

93 2892 168 2961 locis
206 2901 423 2964 inveniuntur.
493 2898 557 2964 Pro
600 2899 684 2979 σφῶϊ
724 2903 859 2982 quatuor
893 2898 971 2962 locis
1005 2901 1038 2962 in
1072 2898 1172 2963 Iliade
1206 2899 1275 2976 σφώ

94 3003 250 3083 scribitur,
282 3026 340 3090 pro
369 3007 468 3090 σφῶϊν
492 3025 554 3070 uno
579 3003 649 3069 loco
673 3002 831 3090 Odysseae
854 3002 974 3092 legitur
997 3011 1082 3085 σφῶν
1106 3025 1144 3069 an
1168 3007 1273 3084 σφῷν,

94 3129 166 3172 nam
187 3107 401 3176 Grammatici
424 3115 554 3176 certant.
603 3108 771 3195 Optimum
795 3115 843 3176 est
864 3113 950 3196 ipsos
974 3130 1137 3197 apponere.
1182 3107 1273 3174 lliad.

93 3220 131 3276 A.
156 3212 227 3282 574.

316 3323 342 3389 εἰ
366 3321 401 3398 aa
428 3323 512 3405 σφὼ
540 3317 630 3386 ἕνεκα
653 3322 762 3395 θνατῶν
787 3318 1051 3402 &praetereare

135 3424 224 3494 Iliad.
249 3439 292 3495 A.
320 3427 396 3495 782.

452 3534 536 3617 σφὼ
569 3534 601 3598 δέ
624 3531 705 3613 μάλ’
730 3533 879 3610 ἠθέλετον.

135 3634 224 3704 Hiad.
245 3648 288 3705 N.
316 3638 369 3706 47.

264 3745 402 3825 Λέαντε,
436 3749 518 3824 σφὼ
552 3745 609 3824 μέν
633 3771 667 3810 τε
691 3745 828 3820 σαώσετε
852 3744 927 3809 λαὸν
952 3745 1103 3826 Ἀχαιῶν.

134 3848 224 3916 iliad.
251 3862 290 3917 0.
317 3852 391 3918 146.

226 3957 301 4030 Ζεὺς
334 3961 416 4038 σφὼ
448 3960 490 4030 εἰς
511 3958 594 4033 Ἴδαν
618 3957 718 4022 κέλετ’
738 3955 870 4033 ’ἐλθέμεν
894 3952 960 4022 θττι
983 3955 1118 4037 τάχιςα.

135 4064 229 4141 Σφῶν
252 4071 305 4145 (an
329 4065 429 4152 σφῷν)
454 4067 611 4150 reperitur
632 4067 666 4128 in
689 4063 802 4150 Odyss.
828 4076 868 4128 A.
896 4061 949 4128 62.

316 4172 348 4235 οὐ
372 4172 435 4249 γάρ
461 4177 548 4242 σΦῶν
572 4194 613 4248 γε
636 4169 723 4246 γένος
747 4167 893 4234 άπθλωλε
918 4169 1041 4242 τοκήων.

89 4271 128 4336 ad
160 4291 269 4338 omnes
296 4279 330 4340 in
358 4275 459 4341 Iliade
489 4276 575 4341 locos
598 4280 681 4346 tacet
705 4276 912 4339 Aristonicus.
960 4274 1072 4360 ltaque
1096 4275 1277 4341 delabimur

89 4376 128 4442 ad
151 4375 327 4447 Herodiani
351 4421 391 4432 -
417 4382 522 4448 dicam
544 4380 644 4448 libere
672 4381 755 4466 quod
778 4382 878 4446 sentio
903 4418 944 4430 -
971 4383 1123 4468 argutias.
1159 4381 1209 4446 Ad
1232 4391 1274 4445 A.
