3026 4970
624 274 688 346 337

123 467 248 536 Constat
277 471 382 558 igitur
408 470 470 535 sibi
491 471 566 533 nota
587 467 665 532 haec
687 463 877 532 Graecitatis
900 465 1045 553 analogia
1067 471 1105 530 ut
1125 467 1255 534 nomina

85 573 112 636 in
134 600 197 656 -ρα
217 577 337 643 ultima
358 577 449 643 brevi
471 575 608 640 habeant
630 576 664 637 in
685 571 863 659 penultima
885 572 1121 659 diphthongum
1145 581 1252 658 μοῖρα,

84 689 178 760 πεῖρα,
210 688 350 767 σφαῖρα,
382 680 511 762 α’ίρονρα,
543 677 705 759 μοίκανρα,
738 679 865 758 σώτειρα
899 682 972 743 cett.
1009 683 1117 744 contra
1150 680 1251 759 πήρα,

84 785 161 865 tipo,
192 790 298 870 χώρα,
331 785 390 869 ὅρα
419 793 451 852 et
474 788 546 851 sim.
569 787 677 851 omnia
699 808 720 848 α
744 785 930 870 producant.
977 784 1064 864 Αὔρα
1088 784 1254 871 digamma

81 890 110 953 in
130 913 159 957 se
182 894 289 962 habet.
323 893 471 960 Postulat
492 893 595 979 igitur
615 889 761 978 analogia
784 895 840 954 aut
859 889 959 970 πρώρα
979 894 1017 954 ut
1036 887 1112 969 ἇίρα,
1133 891 1250 970 ὀπώρα,

82 1001 128 1061 aut
155 979 266 1080 πρῶορα
295 1004 334 1064 ut
364 1008 473 1079 μοῖρα,
506 1004 614 1077 πεῖρα,
648 1002 779 1077 σφαῖρα.
826 995 884 1060 Est
918 1000 1026 1060 aulem
1061 997 1160 1076 πρώρα
1196 1000 1252 1061 aut

80 1100 165 1183 πρῶρν
188 1105 291 1171 sicubi
311 1104 434 1193 legitur
455 1105 537 1170 vitio
560 1107 690 1167 natum:
716 1123 826 1168 omnes
849 1105 1026 1167 constanter
1048 1103 1150 1183 πρῷρα
1169 1103 1251 1168 dice·

80 1206 155 1274 bant.
199 1210 415 1278 Luculentum
437 1210 658 1276 testimonium
681 1209 759 1272 dicit
782 1207 892 1274 doctus
915 1209 1144 1295 grammaticus
1166 1207 1251 1295 apud

79 1309 209 1399 Etymol.
239 1315 287 1381 M.
318 1337 391 1404 pag.
426 1315 502 1380 692.
537 1313 592 1396 25.
625 1323 802 1378 ΠΡΩΙΡΑ;
828 1315 881 1378 σὺν
905 1314 946 1393 τῷ
971 1323 996 1377 Ι.
1021 1351 1063 1362 -
1088 1310 1154 1393 ἔχει
1178 1315 1251 1379 cdl

79 1421 362 1502 προσγεγραμμένον
386 1460 427 1470 -
453 1420 555 1494 ἐπειδὴ
586 1417 708 1499 εὕρηται
742 1419 826 1483 κατὰ
858 1417 1000 1487 draccum
1031 1421 1068 1489 ὥς
1099 1419 1186 1500 παρίο
1209 1422 1252 1502 πῷ

78 1537 175 1608 ποιητῇ
207 1527 529 1609 κοανοπρωίρονς
563 1525 615 1590 καὶ
640 1525 725 1604 παρα
752 1525 903 1605 Σιμωνίδρ
934 1526 1248 1604 κνανοπρώἵραν.

78 1666 114 1677 -
137 1631 150 1694 ὅ
171 1632 201 1696 δὲ
224 1633 401 1713 Ἡρωδιανὸς
424 1633 475 1698 δορὶ
498 1639 553 1705 τῆς
579 1641 618 1696 ΘΙ
641 1631 811 1713 δνΦίίγγον
835 1629 952 1712 νροίφεν
974 1629 1138 1716 (προίενρα).
1162 1630 1249 1696 Hinc

77 1733 147 1800 olim
177 1739 318 1805 Homero
351 1738 549 1805 reddidimus
584 1737 696 1823 Odyse.
731 1762 765 1814 ν.
800 1736 877 1801 299.
911 1736 1160 1818 κυανοπρῳείρονς
1191 1758 1249 1822 pro

75 1839 169 1908 forma
197 1846 347 1911 mendosa
374 1843 622 1924 reassumpsisse
646 1848 678 1907 et
700 1845 819 1927 passim
844 1843 1066 1923 κνανοπροίορονο
1090 1842 1144 1906 σὺν
1167 1843 1209 1922 πῷ
1234 1852 1246 1905 Ι

75 1951 314 2017 rescribendum.
341 1951 469 2036 Repone
493 1953 595 2038 igitur
618 1945 731 2028 πρῴρης
755 1973 790 2026 μ.
816 1947 892 2013 230.
918 1955 950 2014 et
968 1946 1103 2027 Πρῳρεύς
1124 1949 1148 2012 t.
1172 1946 1249 2014 113.

75 2055 278 2142 similiterque
299 2059 335 2121 in
357 2058 488 2122 caeteris
511 2056 660 2122 derivatis
683 2061 715 2120 et
738 2056 921 2140 compositis
943 2053 1128 2134 βούπρῳρος,
1149 2051 1251 2133 ἀνδρί-

75 2183 197 2242 πρῳρος,
233 2162 459 2243 καλλίπρῳρος,
494 2162 676 2240 ἀντίπρῳρος
711 2167 769 2226 oet.
827 2161 948 2226 Eadem
981 2160 1083 2226 forma
1121 2161 1251 2225 caeteris

74 2269 418 2356 quoquescriptoribus
441 2267 608 2333 reddenda.
655 2267 749 2352 Apud
773 2266 876 2332 solum
897 2266 1117 2353 Thucydidem
1138 2271 1249 2347 πρῶνροι

73 2372 104 2436 in
125 2374 205 2440 libro
227 2379 335 2442 vetere
357 2373 426 2439 VII.
452 2372 505 2438 36.
529 2376 692 2439 servatum
715 2373 849 2438 videbis.
894 2371 932 2438 In
954 2374 1085 2438 caeteris
1106 2376 1144 2437 ut
1167 2371 1251 2459 apud

72 2475 246 2548 Homerum
272 2484 450 2548 constanter
471 2483 639 2568 peccatum
663 2482 719 2544 est.

448 2730 602 2787 ΤΡΩΙΑΙ
628 2759 669 2770 -
695 2729 872 2787 ΔΜΩΙΛΙ.

115 2905 314 2990 Ubicumque
338 2901 468 2970 (lodices
488 2908 521 2969 et
539 2903 684 2969 Editores
704 2903 808 2985 Τρωαί
828 2908 861 2970 et
880 2904 981 2982 δμωαί
1001 2905 1151 2971 exhibent
1170 2910 1255 2972 certa

70 3011 215 3099 analogia
245 3009 394 3077 violatur.
453 3009 503 3074 Ex
533 3009 617 3089 Τρώς
647 3011 787 3075 nascitur
818 3010 946 3088 Τρώϊος,
979 3011 1062 3095 quod
1092 3014 1126 3076 in
1157 3012 1256 3094 Τρῳίς

71 3117 281 3194 contrahitur,
311 3138 349 3181 ex
373 3114 453 3191 δμώς
479 3115 587 3192 ludios
613 3117 708 3192 δμωίν
735 3121 767 3181 et
791 3115 892 3195 δμῳνί,
917 3138 956 3182 ex
979 3116 1034 3197 ζὼς
1059 3116 1141 3196 {dioc
1165 3116 1255 3202 ζῳίς,

68 3222 104 3284 in
136 3224 250 3308 quibus
282 3222 430 3288 omnibus
459 3226 611 3308 perpetuo
633 3224 791 3306 peccatur.
839 3221 945 3310 Vulgo
969 3225 1054 3288 enim
1080 3222 1202 3311 legitur
1224 3225 1257 3289 in

68 3326 162 3394 libris
190 3331 305 3394 nostris
336 3328 441 3408 Τρωαί
473 3332 505 3393 et
537 3325 699 3412 Τρωοίδες,
727 3326 829 3404 δμωαί
852 3333 883 3393 et
907 3328 998 3409 ζωοῦ,
1024 3325 1094 3408 ζωίν
1117 3333 1149 3394 et
1172 3332 1256 3408 sim„

69 3453 151 3516 quae
183 3437 288 3498 omnia
318 3432 447 3519 perinde
470 3436 587 3500 uitiosa
609 3438 693 3498 sunt.
739 3432 868 3498 Veteres
892 3431 1104 3500 Grammatici
1127 3438 1258 3500 suntin

68 3537 120 3602 his
146 3541 291 3604 omnibus
316 3538 565 3626 diligentissimi.
614 3539 664 3604 Ad
687 3536 778 3603 Iliad.
805 3547 841 3602 Ε.
865 3537 940 3603 461.
961 3544 1130 3605 annotatur
1137 3561 1146 3619 ;
1169 3541 1199 3604 ἐν
1217 3550 1256 3622 τῇ

68 3653 224 3727 Σννῳπνκῇ
257 3645 309 3710 καί
346 3647 465 3729 Κυπρίῳ
497 3645 549 3710 καὶ
583 3641 779 3723 Ἀντναοίχον
811 3653 976 3708 ΤΡΩΙΑΟ
1008 3643 1062 3709 σὺν
1094 3647 1135 3726 τῷ
1168 3656 1191 3710 Ι.
1220 3649 1258 3720 ὥς

68 3747 248 3827 ,ἵππους
282 3751 321 3816 δὲ
356 3749 543 3832 Τρῳοιίς.”
580 3753 596 3827 ἡ
632 3749 733 3828 μέντοι
770 3751 849 3825 uosvis
883 3760 1033 3816 ΤΡΩΑΟ
1066 3754 1104 3825 ὡς
1141 3755 1257 3832 Κῖορας.

67 3853 189 3923 Sedulo
220 3859 417 3945 investigant
447 3856 545 3923 libros
575 3861 697 3923 veteres
729 3859 760 3920 et
792 3856 944 3922 editiones
974 3861 1012 3922 ut
1043 3860 1144 3923 sciant
1178 3861 1259 3926 sitne

66 3962 252 4029 addendum
285 3974 299 4028 1
330 3984 370 4028 an
400 3984 463 4028 non
496 3967 553 4041 eit,
586 3982 781 4048 quamquam
803 3968 926 4047 poterat
948 3964 1025 4029 haec
1049 3968 1260 4032 controversia

67 4071 182 4134 minus
213 4069 368 4136 laboriose
402 4071 558 4153 componi.
617 4069 664 4134 De
698 4069 800 4134 forma
834 4069 936 4150 δμῳαί
970 4075 1043 4134 sunt
1077 4073 1261 4136 testimonia

66 4175 251 4241 Aristarchi
275 4199 303 4238 π.
333 4174 406 4239 121.
436 4175 587 4251 dcccciv
618 4173 673 4237 σὺν
697 4174 739 4254 τῷ
765 4183 777 4236 1
802 4174 854 4238 καὶ
879 4174 1126 4256 περισπωμένως.
1152 4177 1261 4251 θηλο-

67 4279 144 4344 κὸν
166 4281 227 4362 yos
253 4283 325 4350 ε’ςνν.
351 4305 379 4355 ν.
405 4279 482 4345 225.
508 4281 600 4360 διχῶς
623 4278 752 4356 δμῶας
776 4281 828 4345 καί
853 4281 987 4362 δμῳάς
1012 4285 1070 4364 (sio
1094 4280 1199 4367 scrib.)
1219 4289 1260 4345 T.

68 4383 154 4450 333.
181 4385 274 4460 οὕτως
299 4387 485 4467 Ἀρίςαρχος
517 4385 652 4464 δμῶας
681 4383 737 4462 ἔξω
761 4390 814 4449 τοῦ
840 4396 864 4451 Ι.
889 4391 921 4450 et
945 4387 984 4453 de
1006 4393 1141 4472 utraque
1163 4384 1264 4450 forma

1085 4495 1116 4540 32
