3034 4970
637 233 699 312 171

91 432 218 518 ineptum
239 432 416 500 'emblema
454 439 525 518 post
565 431 597 510 ἦν
640 457 678 501 ex
712 439 857 524 margine
890 438 1018 521 irrepsit
1052 439 1086 501 in
1122 429 1259 503 textum.

90 539 248 604 Notissima
277 542 408 604 nomina
438 546 513 604 sunt
543 543 577 604 in
599 542 731 608 historia
755 545 779 607 οἱ
805 542 941 618 διοὶδοχοι
965 548 996 606 et
1019 562 1129 607 eorum
1153 543 1212 608 tilii
1236 544 1260 607 oi

92 645 224 722 ἐπίγονοι,
256 646 526 730 quemadmodum
558 649 591 710 in
623 651 758 713 vetustis
788 647 905 712 tabulis
935 648 972 711 de
1003 649 1086 713 belio
1112 649 1261 714 Thebano

92 751 112 813 οἱ
140 752 281 827 ἐπίγονοι,
313 757 351 814 ut
376 752 459 834 apud
483 750 668 818 Strabonem
692 775 764 839 pag.
792 751 868 818 325.
893 754 976 828 μετα
1001 755 1055 826 τὴν
1081 756 1150 838 (τῶν
1174 755 1259 838 add.)

92 856 221 932 ἐπιγόνων
253 856 301 920 ἐπὶ
332 857 393 926 ποδς
429 857 541 934 Θήβας
577 861 731 937 τραπείιιν.
791 860 939 924 Suboluit
972 860 1058 924 fraus
1087 861 1261 943 Krcmcro,

92 963 137 1027 sed
165 965 316 1047 extirpare
348 965 469 1026 vitium
501 984 595 1028 ausus
626 986 687 1029 uon
719 971 776 1030 est.
824 967 942 1052 Arguit
966 966 1125 1030 emblema
1148 969 1262 1031 vitiosa

91 1069 243 1133 uerborum
274 1071 472 1152 compositio.
520 1069 591 1134 Dici
615 1077 752 1155 poterat:
780 1071 864 1134 κατοδ
889 1073 958 1142 τοὺς
981 1076 1034 1134 ποῦ
1059 1071 1262 1151 Ἀλεξάνδρου

92 1173 236 1252 διαδόχους
259 1171 293 1249 ἦν
316 1179 417 1237 Γετῶν
441 1174 615 1252 βασιλεύς,
642 1176 695 1241 sed
720 1177 853 1263 vulgate
876 1179 984 1262 inepta
1008 1183 1067 1242 est.

127 1383 200 1472 Peg.
225 1383 298 1450 308.
349 1383 537 1448 ἘΚπλέουτι
562 1386 588 1451 δ’
612 1386 643 1448 ἐν
666 1388 789 1467 οέριςερρῖ
811 1385 944 1467 πολίχνη
967 1389 1019 1451 καί
1042 1386 1137 1462 ἄλλος
1157 1388 1261 1466 λιμήν.

91 1489 231 1556 Mendum
260 1494 294 1556 in
325 1489 489 1554 Strabonis
523 1490 614 1555 libris
648 1492 849 1576 perfrequens
883 1492 967 1557 huno
1001 1514 1124 1579 quoque
1156 1495 1264 1559 iocum

92 1599 260 1682 corrumpit.
307 1595 457 1661 Rescribe
492 1597 681 1661 ΕΙΕπλέοντι
713 1597 753 1662 δέ.
777 1603 816 1661 ut
839 1617 911 1685 pag.
938 1598 1012 1662 310.
1038 1601 1068 1662 ἐν
1092 1602 1215 1682 οέριςερρῖ
1237 1601 1263 1664 δ’

93 1703 313 1767 εἰσπλέοντι
350 1701 509 1779 πολίχνιόν
545 1703 589 1770 ε’ςι
622 1704 810 1782 Μυρμήκιον.
843 1709 882 1767 et.
907 1724 980 1790 pag.
1017 1704 1090 1768 325.
1125 1707 1155 1768 ἒν
1177 1704 1262 1788 δεξιᾷ

92 1808 338 1873 εἰσπλέουσιν
362 1811 565 1891 Ἀκαρνᾶνες,
586 1814 618 1873 et
637 1811 682 1873 sic
702 1812 821 1893 passim
843 1808 931 1873 alibi.
957 1810 1028 1874 Vid.
1048 1811 1087 1874 ad
1099 1832 1172 1898 pag.
1186 1811 1263 1875 252.

129 2018 202 2106 Peg.
229 2017 303 2088 317.
330 2019 485 2083 οέποίεῒσιν
506 2018 620 2097 ἡμέρας
641 2019 733 2082 πέντε
753 2017 958 2097 ἐξεπήγυυνπο
979 2020 1003 2082 οἱ
1024 2015 1110 2090 ίίλες.
1144 2017 1264 2083 Vitiosa

93 2123 219 2190 adhaesit
249 2126 346 2190 verbo
377 2125 501 2188 inutilis
532 2127 721 2209 praepositio
756 2130 787 2189 et
818 2147 910 2190 sensu
942 2145 1028 2189 cassa
1059 2125 1101 2201 ἐξ.
1150 2123 1263 2188 Veram

91 2227 246 2296 lectionem
275 2233 425 2316 repperit
445 2237 537 2296 vetus
568 2235 722 2295 corrector
751 2228 876 2296 Codicis
906 2239 944 2296 E.
972 2229 1086 2310 ἡμέρας
1110 2231 1203 2294 πέντε
1220 2228 1263 2294 ’Ἡ

93 2331 120 2409 ἓξ
139 2336 322 2416 ἐπήγνυντο,
346 2337 402 2402 sed
425 2356 520 2402 nemo
542 2339 672 2422 recepit.

129 2543 249 2610 SiRABo
272 2565 345 2632 pag.
375 2543 449 2609 350.
476 2545 525 2610 ἐπί
550 2545 620 2616 τοὺς
645 2545 841 2628 Τνλεμοίχου
865 2550 999 2628 ἑταίρους
1020 2545 1162 2625 σ’ίγγελος
1183 2546 1262 2624 πέμ·

93 2673 173 2716 πεται
197 2651 269 2727 πρὸς
291 2652 325 2715 τὸ
351 2660 454 2716 πλοῖον
479 2657 580 2716 καλῶν
604 2652 653 2716 ἐπὶ
679 2650 814 2726 ξενίΑΝ.
861 2653 947 2741 Lege
971 2653 1022 2718 ἐπὶ
1047 2652 1149 2728 ξένιΑ.
1191 2652 1265 2718 Per-

92 2763 192 2838 pctuus
215 2758 268 2824 hic
291 2758 466 2824 scribarum
491 2778 575 2823 error
597 2763 654 2823 est.
683 2759 769 2823 Οένοο
791 2766 944 2825 vocantur
968 2760 1015 2823 ἐπί
1042 2762 1176 2828 δεῖπνον.
1201 2761 1265 2822 loco-

87 2862 156 2941 pite'a
186 2865 234 2928 ἐπὶ
266 2861 370 2940 ξένιον,
404 2863 458 2928 sed
492 2863 615 2928 librarii
639 2865 688 2927 ε’πί
714 2864 816 2941 ξενίαν
835 2871 867 2929 et
891 2865 940 2930 ἐπί
965 2863 1050 2947 ξενίᾳ
1073 2865 1265 2930 substituere

93 2969 190 3036 solent.
237 2973 327 3038 Ξενίου
365 2975 397 3036 et
432 2968 531 3044 ξενίοις
569 2977 677 3048 τυχεῖν
713 2971 751 3036 de
784 2971 909 3052 hospitio
943 2971 1078 3048 dicitur,
1115 2969 1198 3046 ξένια
1235 2974 1266 3034 et

93 3085 187 3141 καλεῖν
212 3078 261 3140 ἐπί
286 3077 370 3152 ξένια
395 3076 433 3142 de
456 3099 545 3142 coena
568 3075 620 3140 vel
644 3078 748 3159 epotis.

132 3180 238 3247 Haesit
269 3183 329 3247 hcc
355 3184 473 3247 vitium
497 3184 532 3246 iu
559 3181 750 3247 editionibus
772 3181 903 3247 Diodori
926 3180 1047 3257 Siculi,
1072 3181 1265 3258 Pausaniae,

94 3283 187 3352 Flavii
207 3287 334 3373 Iosephi
356 3293 388 3351 et
410 3287 556 3352 aliorum.

134 3493 253 3563 Susino
276 3518 349 3584 pag.
377 3496 451 3564 362.
477 3499 515 3563 de
531 3498 632 3581 ρννέιαο
656 3504 688 3564 et
705 3501 831 3563 secondo
852 3497 936 3564 bello
955 3498 1150 3564 Messeniaco
1171 3516 1268 3582 agens

94 3600 136 3662 ita
158 3605 281 3668 scribit:
307 3607 362 3679 rin
384 3605 440 3682 μέν
464 3601 511 3669 οὖν
536 3605 654 3684 προίπιρν
678 3604 869 3679 κατοίκτκσιν
893 3607 992 3669 αὐτῶν
1015 3603 1092 3686 <bani
1117 3610 1269 3683 Τυρταῖος

95 3703 122 3768 ἕν
147 3717 204 3780 τοῖς
235 3712 387 3787 ποιήμασι
418 3709 505 3775 κατα
528 3711 597 3782 τοὺς
621 3717 680 3774 τῶν
705 3712 843 3790 ποτέρων
866 3712 1003 3790 πατέρας
1028 3708 1186 3788 γενέσθαι·
1213 3710 1267 3783 rba

96 3807 124 3872 δὲ
162 3815 315 3895 δευτέραν,
359 3819 427 3881 καθ’
472 3807 505 3888 ἣν
548 3816 681 3892 ἑλόμενοι
724 3816 913 3895 συμμάχους
951 3815 1110 3897 Ἀργείους
1145 3841 1179 3880 τε
1218 3815 1270 3880 καί

97 3913 285 3988 ἨΛΕΙΟΤΟ
316 3925 367 3988 καί
399 3922 543 3994 Πισοίπας
571 3923 754 3999 οὲπέςιρσαν,
786 3922 941 4001 Ἀρκοίδων
972 3924 1028 4000 μὲν
1055 3922 1270 4002 Ἀριςοκροίπιρν

95 4023 142 4087 τδν
178 4029 381 4108 Ὀρχομενίων
424 4029 563 4106 βασιλέα
599 4027 817 4108 παρεχομένων
850 4027 1023 4105 ςρατνργιίν,
1060 4036 1203 4093 Πισατῶν
1240 4028 1270 4092 δέ

96 4135 306 4200 Πανταλέοντα
338 4137 388 4202 τὸν
422 4136 664 4214 Ὀμφαλίωνος,
698 4137 786 4212 ἡνίκα
815 4135 910 4215 <Dacia
935 4135 1027 4206 αὐτὸς
1054 4136 1080 4221 (o‘
1105 4133 1269 4220 Τυρταῖος)

95 4249 281 4316 santonicae
305 4244 356 4308 τὸν
380 4241 515 4320 πόλεμον
538 4250 602 4314 τοῖς
626 4229 891 4318 Λακεδαιμονίοις.
937 4240 985 4306 De
1009 4246 1096 4304 tortio
1116 4247 1148 4306 et
1167 4246 1271 4326 quarto

96 4339 269 4432 belio'post
290 4371 392 4434 pauca
415 4350 543 4416 scribit:
568 4347 617 4412 ε’πέ
643 4350 700 4426 μὲν
724 4345 771 4414 οὖν
796 4347 889 4411 αὐτοῦ
915 4353 968 4412 τοῦ
992 4346 1146 4425 Τυρταίου
1169 4347 1183 4410 o‘
1208 4345 1271 4413 δεύ·
