3080 4972
706 214 749 280 23

129 412 233 494 paucis
256 408 348 473 libris
373 409 514 489 repertae
537 423 600 469 non
624 409 671 470 est
695 427 734 470 ex
754 408 883 490 antiqno
901 409 1109 470 monumento
1128 403 1320 489 propagata,

130 516 181 580 sed
210 536 229 579 a
259 518 433 579 correctore
463 530 525 574 non
557 509 656 574 stulto
686 514 876 598 excogitata.
925 508 961 574 Si
993 511 1069 594 quid
1098 510 1182 573 nosti
1204 508 1321 571 rectius

130 623 196 685 istis
219 620 373 684 candidus
396 617 545 700 imperti,
571 618 599 679 si
621 637 684 681 non
702 623 776 682 utra
795 620 975 682 coniectura
994 618 1037 680 sit
1055 610 1157 702 potior
1170 613 1320 677 diiudica.

131 724 189 804 Qui
219 729 329 789 autem
360 721 605 786 consideraverit
635 742 701 806 sqq.
736 733 816 786 OIC'
837 724 880 787 τοὶ
912 724 969 799 μὲν
1001 719 1089 785 ἄλλα
1123 725 1224 784 σιωτῶ
1257 716 1321 781 reri.

130 830 209 912 quod
239 826 441 914 praecedenti
473 829 595 890 ‘HMIN
626 825 658 890 δὲ
682 835 763 906 τῶς;
787 828 971 914 respondet,
995 828 1126 892 fortasse
1149 825 1323 890 secundum

129 957 178 1000 me
199 935 281 1000 feret
304 935 506 999 sententiam.

172 1040 265 1120 Quod
298 1038 439 1106 Graecus
468 1038 567 1102 lector
598 1042 732 1105 coniecit
765 1041 895 1116 τούτων,
929 1061 1123 1126 quamquam
1145 1041 1226 1105 forte
1248 1038 1325 1102 huic

130 1148 195 1214 lucc
227 1149 337 1212 minus
369 1152 417 1211 est
445 1147 737 1224 accommodatum,
770 1148 867 1213 habet
898 1152 1006 1213 tamen
1028 1147 1080 1212 τὸν
1105 1145 1327 1224 Δυμοσθενικὸν

129 1263 335 1334 χαρακτῆρα,
369 1255 425 1337 qni
464 1272 556 1336 saepe
586 1252 667 1317 solet
690 1252 884 1319 adversarios
907 1257 941 1318 in
964 1275 1029 1339 rep.
1053 1255 1088 1318 in
1110 1254 1257 1317 concione
1281 1271 1326 1315 se-

70 1427 72 1432 ,
131 1361 240 1425 dentes
263 1358 455 1443 simpliciter
477 1360 601 1428 τούτους
626 1358 680 1423 vel
703 1360 843 1423 rocroort
866 1359 1068 1444 appellitare,
1093 1360 1188 1422 utin
1210 1357 1328 1422 vicinia

128 1487 199 1552 pag.
227 1463 282 1528 36.
310 1463 362 1528 10.
388 1459 435 1534 οὓς
460 1462 487 1524 δ’
512 1464 540 1526 ἐν
566 1463 608 1542 τῷ
634 1461 759 1545 πολέμῳ
780 1466 971 1546 συμμάχους
994 1462 1191 1541 ἐκτησάμεθα
1214 1463 1326 1542 εἰρήνης

129 1571 216 1642 οὔσας
255 1569 490 1634 ἀπολωλέκασιν
523 1577 676 1648 ΟΤΤΟΙ,
712 1591 789 1655 quus
820 1570 919 1636 oculis
950 1571 1003 1638 vel
1035 1591 1134 1636 manu
1165 1572 1322 1657 designat.

129 1677 285 1763 Neglecta
314 1676 410 1739 huius
441 1695 517 1738 usus
541 1676 719 1742 observatio
744 1676 845 1741 alium
868 1676 975 1742 locum
1000 1675 1142 1741 Oratoris
1166 1677 1323 1760 corrupit,

132 1787 168 1846 ut
189 1782 275 1847 infra
297 1780 510 1846 ostendemus.

175 1995 379 2079 Quicumque
399 1994 610 2077 discrepantes
628 1994 785 2059 librorum
805 1997 976 2079 scripturas
996 1993 1168 2080 diligenter
1186 1995 1328 2077 inspexe-

129 2105 172 2166 rit
196 2106 229 2165 et
254 2100 339 2164 unde
366 2101 444 2163 certi
467 2119 585 2164 errores
608 2100 896 2184 propullulaverint
918 2103 1053 2166 rimatus
1073 2100 1187 2177 firerit,
1207 2100 1327 2183 passim

130 2209 304 2272 mirabitur
327 2226 425 2289 quam
448 2204 534 2270 leves
558 2211 589 2270 et
612 2205 721 2271 futiles
743 2205 932 2272 homunculi
954 2207 1055 2273 illotis
1077 2206 1227 2270 manibus
1247 2206 1327 2268 anti-

131 2334 193 2398 qua
229 2311 414 2375 litterarum
447 2317 656 2376 monumenta
689 2317 925 2379 temeraverint.
981 2313 1072 2394 Quod
1107 2311 1219 2376 Orator
1252 2330 1327 2374 cum

133 2419 340 2482 acerbissima
368 2417 471 2480 ironia
498 2417 621 2482 dixerat
649 2438 721 2505 pag.
756 2417 808 2484 37.
843 2416 870 2485 7.
898 2421 949 2485 καὶ
974 2421 1008 2484 τὸ
1032 2416 1326 2500 ἀνδρειότατον

132 2531 188 2588 τῶν
223 2521 374 2602 ὑμετέρων
406 2523 505 2586 αὐτῶν
539 2522 632 2603 χάριν
665 2525 737 2604 πρὸς
769 2525 931 2606 ὀφείλετε,
963 2525 1037 2590 vide
1068 2526 1151 2589 mihi
1172 2529 1210 2587 ut
1232 2520 1329 2586 nihili

132 2634 289 2695 corrector
317 2630 498 2693 vitiaverit:
532 2628 740 2710 ἀνδρειότατον
769 2633 804 2695 in
836 2632 895 2696 tali
925 2653 959 2697 re
990 2633 1067 2717 quid
1086 2637 1170 2696 esset
1192 2631 1328 2693 miratus

133 2736 171 2800 de
203 2755 262 2799 suc
295 2734 444 2798 audacter
475 2738 642 2820 supposuit
666 2773 708 2784 -
732 2736 809 2821 quid
831 2735 945 2821 putas?
969 2758 1083 2822 nempe
1107 2735 1329 2814 ἀνανδρότατον

134 2863 232 2926 eaque
262 2841 454 2926 perabsurda
488 2844 668 2906 coniectura
699 2863 808 2906 omnes
831 2864 915 2907 nunc
938 2842 1036 2908 libros
1059 2843 1183 2907 obsidet
1205 2843 1329 2926 praeter

134 2947 174 3024 S,
201 2949 258 3033 qui
281 2947 368 3011 solus
391 2946 602 3026 ἀνδρειότατον
627 2948 665 3012 ab
686 2949 820 3011 interitu
839 2951 993 3026 servavit,
1015 2953 1047 3013 et
1067 2949 1144 3013 duos
1164 2945 1330 3022 alios,ubi

135 3054 175 3117 ad
199 3051 424 3132 ἀνανδρότατον
448 3057 618 3117 annotatur
640 3055 673 3116 in
697 3055 844 3140 margine
863 3078 912 3134 γρ.
936 3053 1145 3133 ἀνδρειότατον
1165 3054 1328 3132 εἰρωνικῶς.

136 3159 200 3239 Qui
230 3158 290 3223 tali
320 3158 388 3222 loco
414 3159 498 3242 apud
521 3159 668 3223 Atticum
693 3162 879 3244 scriptorem
902 3163 1039 3225 ironiam
1062 3163 1097 3224 in
1120 3155 1329 3240 ἀνδρειότατον

135 3287 199 3330 non
239 3265 338 3330 sentit
380 3264 457 3348 qnid
499 3265 628 3329 tandem
672 3285 746 3329 eum
790 3265 955 3331 hominem
997 3268 1114 3331 sentire
1154 3259 1330 3350 putemus?

137 3369 187 3436 Of.
223 3391 305 3456 quae
342 3372 380 3435 de
413 3390 450 3434 ca
479 3390 513 3434 re
544 3370 734 3458 collegimus
766 3371 806 3436 ad
836 3372 1011 3459 Hyperidis
1042 3371 1133 3449 λόγον
1165 3366 1330 3450 ἑτιτοέφιον

136 3498 209 3563 pag.
237 3475 315 3541 100.

185 3688 248 3755 Hic
279 3689 409 3774 quidem
441 3687 531 3753 locus
563 3709 602 3752 ex
626 3688 706 3753 bono
730 3687 812 3753 libro
836 3687 915 3754 clim
938 3691 1107 3754 restitutus
1130 3695 1194 3754 est:
1219 3689 1334 3755 addam

140 3795 278 3860 alterum
310 3816 326 3859 e
350 3793 451 3858 simili
475 3796 657 3859 correctoris
681 3796 862 3858 temeritate
888 3795 990 3859 adhuc
1014 3795 1079 3861 fere
1103 3797 1239 3860 dixerim
1264 3795 1334 3860 vul-

139 3908 297 3966 neratum.
344 3899 460 3964 Editur
483 3919 558 3985 pag.
584 3897 659 3962 134.
684 3897 738 3963 22.
764 3899 866 3962 aaran
889 3899 1083 3985 (Philippus)
1107 3901 1204 3965 τολὺν
1227 3899 1332 3981 χρόνον

141 4008 196 4083 ἤδη
221 4007 351 4093 (melius
372 4027 445 4092 pag.
472 4001 524 4070 70.
551 4001 580 4070 7.
607 4005 660 4081 ἤδη
685 4004 805 4088 χρόνον)
827 4005 878 4067 καὶ
901 4002 986 4068 τοῦτ’
1010 4007 1103 4080 αὐτὸς
1126 4004 1219 4086 ἄριςα
1240 4004 1333 4070 σύνοι·

142 4115 192 4177 δεν
216 4113 314 4192 αὑτῷ·
344 4107 387 4182 οἷς
411 4112 473 4190 γὰρ
497 4105 576 4173 οὖσιν
602 4111 755 4190 ὑμετέροις
778 4107 843 4188 ἔχει
866 4119 1048 4176 ΧΡΗΟΘΛΙ
1067 4114 1183 4184 τούτοις
1204 4109 1334 4178 ἅπαντα

143 4213 249 4284 τᾶλλα
276 4218 415 4298 βεβαίως
440 4216 597 4290 κέκτηται.
645 4216 876 4302 interpolatum
901 4224 947 4283 est
971 4218 1010 4283 ab
1033 4219 1141 4302 inepto
1165 4223 1336 4283 correctore

143 4329 286 4406 χρῆσθαι.
332 4323 449 4389 Manus
479 4321 619 4388 Oratoris
650 4330 775 4392 servata
806 4329 852 4388 est
883 4345 957 4411 pag.
992 4321 1044 4390 70.
1078 4323 1107 4388 9.
1142 4324 1226 4388 unde
1258 4324 1337 4390 haec
