3086 4968
791 235 857 305 512

225 440 352 500 πλεῖςον
381 427 527 494 ιὶπιίντοιν
559 424 718 508 ἀνθρώπων
747 422 818 506 εἶχε
847 429 927 506 νοῦν,
952 430 969 503 ἡ
994 425 1026 493 δέ
1049 425 1179 492 δοκοῦσαι
1203 426 1271 510 [καί
1297 428 1417 507 ὑποβα-

223 535 352 623 λομένη]
380 539 487 600 πασῶν
510 529 543 608 ἦν
567 531 759 608 οίνοητοτοίτη
783 537 950 609 γυναικοῖν·
975 534 992 609 ἡ
1018 532 1075 622 μέν
1094 533 1158 613 γαρ
1178 533 1311 600 οίπέδοτο
1332 535 1419 608 εὐθὺς

223 645 400 726 γενόμενον,
433 643 450 716 ἡ
481 639 507 704 δ’
539 637 604 716 έξδν
635 642 715 721 αὐτῇ
748 638 867 717 βελτίυ
902 638 1048 720 πρίασθαι
1079 638 1198 716 ταύτης
1233 646 1290 714 τοῖς
1326 649 1420 719 τιμῆς

222 755 329 816 τοῦτον
354 745 517 828 ἠγόρασεν.
564 745 677 812 Reoita
698 746 781 810 mihi
804 745 911 811 locum
929 750 1064 831 utroque
1083 747 1278 814 emblemate
1296 752 1421 814 remoto

222 862 255 922 et
284 853 377 920 facile
410 856 526 920 senties
554 873 650 939 quam
673 872 821 939 perverse
843 855 876 917 et
897 853 1034 937 insipide
1057 857 1193 938 utraque
1214 855 1421 920 annotatiun-

221 960 294 1029 oula
316 960 422 1028 verbis
445 960 670 1026 Demosthenis
694 959 882 1026 adhaeserit.

266 1169 347 1257 Pag.
380 1166 456 1234 564.
490 1166 521 1235 6.
556 1169 582 1233 εί
615 1166 671 1244 μέν
695 1165 775 1243 έςιν,
799 1163 820 1231 ὦ
844 1164 949 1248 ἄνδρες
974 1168 1144 1247 Ἀθηναῖοι,
1168 1168 1203 1233 τὸ
1228 1178 1419 1251 λειτουργεῖν

221 1281 331 1352 τοῦτο,
362 1275 396 1340 τὸ
422 1276 452 1339 έν
477 1275 548 1353 ὑμῖν
572 1272 677 1352 λέγειν
701 1275 731 1338 έν
755 1272 897 1344 οὶποίσαις
921 1282 991 1347 ταῖς
1015 1274 1194 1349 ἐκκλησίαις
1217 1274 1270 1340 καί
1295 1299 1417 1341 παντα-

221 1385 282 1462 χοῦ
309 1385 426 1459 »ἡμεῖς
451 1383 477 1446 οἱ
501 1384 764 1461 λειτουργοῦντες,
791 1382 878 1456 ἡμεῖς
903 1381 928 1443 oi
952 1380 1197 1461 προεισφέροντες
1219 1381 1308 1466 ὑμῖν,’
1328 1384 1419 1462 ἡμεῖς

222 1490 248 1554 οἱ
279 1485 419 1552 πλούσιοί
450 1485 580 1564 ε’σμεν,”
615 1486 655 1572 [εί
689 1485 723 1549 τὸ
756 1485 799 1550 τὰ
823 1489 955 1550 τοιαῦτα
979 1485 1083 1564 λέγειν
1104 1488 1188 1551 τοῦτ’
1212 1484 1257 1556 έςι
1282 1502 1418 1568 λειτουρ·
1531 1485 1532 1500 ’

178 1601 185 1615 “
222 1596 305 1676 μεῖν]
336 1594 476 1670 ὁμολογῶ
508 1591 641 1656 Μειδίαν
672 1591 818 1657 οὶποίντυν
846 1598 905 1656 τῶν
937 1592 966 1655 έν
1002 1602 1041 1674 τῇ
1075 1591 1164 1658 πόλει
1193 1593 1418 1674 λαμπρότατον

222 1699 422 1778 γεγενῆσθαι.
470 1697 599 1786 Frigido
629 1702 660 1764 et
691 1699 797 1783 inepte
829 1700 966 1783 repetita
996 1698 1085 1765 rides
1108 1720 1188 1783 quae
1210 1703 1321 1786 paneis
1345 1706 1418 1766 onte

222 1807 367 1873 versibus
388 1804 507 1870 melius
531 1809 563 1870 et
586 1806 690 1870 aerius
713 1805 848 1870 dixerat.
895 1805 946 1870 An
968 1804 1049 1869 forte
1072 1805 1237 1870 metuebat
1259 1827 1299 1871 ne
1324 1806 1417 1872 obliti

223 1909 346 1979 essenti
392 1913 495 1977 Nemo
525 1915 671 1976 nostrum
702 1910 779 1976 haee
811 1915 879 1975 tam
910 1909 1029 1975 insulse
1059 1913 1275 1996 repetivisset,
1300 1916 1334 1978 et
1356 1913 1416 1978 De·
1532 1963 1533 2006 Ξ

222 2019 423 2085 mosthenem
446 2017 506 2083 hoo
530 2017 640 2082 feoisse
664 2013 836 2102 putemus?

267 2226 347 2315 Pag.
382 2222 457 2290 567.
492 2224 523 2289 1.
557 2224 660 2299 ἐπειδη
694 2223 725 2288 δὲ
753 2226 974 2304 πολιορκεῖσθαι
1000 2223 1070 2296 τοὺς
1097 2225 1127 2288 ἕν
1150 2224 1317 2302 Ταμύναις
1341 2251 1412 2308 ςρα-

223 2332 337 2405 τιιίτας
384 2328 643 2408 ἕξηγγέλΛΕΤΟ
685 2329 738 2393 καί
774 2326 897 2400 πάντας
933 2328 1043 2407 ἐξιέναι
1063 2369 1104 2379 -
1122 2331 1363 2409 προεβούλευσεν
1396 2335 1411 2407 ἡ

223 2439 334 2518 βουλή.
382 2435 593 2502 Tralatieium
615 2437 736 2502 vitium
759 2435 866 2520 vides,
888 2436 1113 2522 imperfectum
1133 2441 1243 2503 eontra
1261 2441 1308 2503 rei
1325 2444 1412 2506 natu·

222 2566 293 2612 ram
316 2563 374 2630 pro
395 2541 715 2628 plusquamperfecto.
764 2541 951 2629 Legendum
975 2545 1060 2608 enim
1084 2541 1310 2622 ε’ξηρρεΛΤο.
1362 2530 1366 2536 ’

267 2754 349 2844 Pag.
375 2749 449 2820 567.
476 2747 531 2816 28.
553 2750 672 2822 ἐπιδοὺς
693 2751 793 2831 τριηρη
812 2787 854 2799 -
874 2752 929 2826 την
949 2752 1006 2830 μὲν
1026 2739 1186 2836 [ἐπίδοσιν]
1205 2791 1247 2802 -
1267 2761 1410 2834 παρεῖχον

221 2862 378 2928 πλέουσαν
410 2867 449 2940 τῇ
474 2853 572 2922 πόλει.
621 2854 757 2920 Summo
779 2857 848 2921 iure
870 2856 1038 2922 Belrkems
1062 2859 1327 2924 absurdissimum
1348 2880 1410 2924 em·

221 2968 329 3034 blema
352 2967 455 3031 eiecit.
490 2963 583 3030 Nihil
607 2963 762 3028 sentiebat
786 2949 842 3048 qni
863 2963 903 3029 ad
922 2964 977 3039 την
997 2963 1054 3041 μέν
1075 2966 1265 3049 opinabatur
1284 2964 1410 3030 ε’τίδοσιν

221 3093 288 3139 esse
310 3070 536 3158 supplendum.
1378 3063 1381 3068 '

267 3281 346 3370 Peg.
374 3277 451 3344 568.
479 3276 510 3342 6.
534 3276 634 3342 καίτοι
654 3277 709 3351 την
733 3275 879 3352 σοιαιίτην
902 3280 1101 3362 τριηραρχίαν
1126 3279 1251 3361 πίτερον
1268 3319 1308 3330 -
1326 3295 1408 3346 λιπο·

223 3387 358 3466 ταξίΑΝ
390 3384 442 3450 καί
472 3383 617 3464 ςρατείας
642 3380 811 3462 οῖπίδρασιν
836 3383 888 3448 καί
914 3383 1020 3450 ποίντοι
1045 3387 1088 3452 τοί
1112 3391 1244 3453 τοιαῦτα
1267 3384 1408 3468 οὶρμέττει

222 3499 330 3558 καλεῖν
362 3489 378 3567 ἢ
411 3489 612 3571 φιλοτιμίαις
637 3490 710 3554 Non
733 3493 781 3554 est
804 3490 999 3556 vocabulum
1022 3490 1182 3560 Graecum
1207 3496 1223 3569 ἦ
1247 3489 1408 3566 λιποταξίου

142 3663 144 3668 .
222 3599 277 3665 sed
307 3597 342 3663 τὸ
372 3594 568 3673 λιποτάξιον,
600 3597 692 3671 euius
722 3595 843 3661 formae
866 3595 1007 3681 plurima
1030 3603 1105 3663 sunt
1127 3601 1233 3664 αίτιῶν
1262 3597 1408 3680 ovipara,

221 3705 326 3772 veluti
348 3701 479 3781 σίδίκιον,
505 3699 664 3780 οῖγοίμιον,
691 3701 887 3780 κακογάμιον
911 3707 944 3768 et
966 3702 1087 3769 similia
1108 3705 1204 3770 hisee.

266 3806 453 3885 Λιτοτοέξιον
486 3807 586 3874 semel
619 3813 651 3872 et
681 3811 800 3873 iterum
824 3830 920 3895 supra
944 3811 1109 3876 emendate
1133 3815 1289 3898 seriptum
1312 3811 1408 3876 estet

222 3919 386 3984 verissime
409 3915 499 3980 dooet
523 3912 637 3979 Aelius
659 3914 833 4001 Dionysius
854 3917 884 3979 ἐν
905 3923 968 3986 τοῖς
989 3920 1146 3988 Ἀττικοῖς
1168 3914 1310 3993 ὀνόμασιν
1329 3910 1408 3998 apud

223 4023 407 4088 Bekkerum
431 4022 543 4085 Aneod.
568 4041 642 4107 pag.
668 4019 743 4085 436.
772 4019 802 4086 3.
826 4020 1070 4089 Ἀποςιέσιον
1095 4022 1147 4087 καί
1172 4021 1407 4100 λιποερίσιον

223 4127 275 4192 καί
300 4124 406 4190 τοίντα
429 4127 471 4190 τα
496 4131 628 4190 τοιαῦτα
652 4125 811 4205 οὐδετέρως
836 4127 1095 4210 σχηματίζουσιν.
1146 4127 1318 4204 Emendate
1337 4122 1407 4188 sori·

222 4236 311 4301 bitur
340 4232 423 4317 apud
453 4230 674 4318 Thucydidem
706 4232 731 4298 I.
765 4231 818 4298 99.
850 4233 1046 4315 λιποςροίτισν
1079 4235 1106 4300 εῖ
1127 4261 1170 4316 τῳ
1197 4234 1331 4312 ἐγένετο,
1351 4226 1407 4292 sed

223 4338 372 4407 mendose
402 4335 456 4402 Vl.
489 4334 542 4403 76.
574 4335 645 4408 τοὺς
677 4337 734 4416 μὲν
766 4340 1008 4420 λιποςρατίΛΝ,
1034 4341 1104 4416 τοὺς
1136 4341 1163 4406 δ’
1190 4340 1238 4406 ἐπ’
1260 4335 1406 4414 dibitove
