3086 4968
664 274 731 344 499

13 541 14 550 ἵ
116 467 165 526 τῶν
192 462 402 547 ψηφισμάτων
433 465 534 530 αὐτῶν
571 465 642 544 ὑμῖν
677 464 761 530 είσίν.
808 464 980 532 Manifeelo
1013 466 1202 531 mendosum
1236 467 1285 532 eei

116 567 249 649 νεώτεροι..
288 571 427 637 Memini
457 591 559 655 quum
589 572 673 635 mihi
704 571 824 636 Bekiue
862 594 953 637 meus
985 573 1103 637 diceret
1134 571 1284 652 κενότεροι

115 675 168 738 sibi
197 676 296 741 videri
327 698 393 742 esse
423 676 608 764 legendum.
656 676 813 761 Equidem
845 675 1014 758 οίκυρθτεροι
1045 679 1181 750 eonieei,
1211 679 1286 763 quie

113 799 167 843 nen
188 779 276 847 nliler
294 785 328 847 in
347 782 405 848 tali
424 803 458 846 re
480 781 624 847 dicebant
644 802 753 847 omnes
773 804 870 867 quem
888 782 978 862 νόμος
998 784 1094 864 κθριος
1113 789 1146 849 ei
1166 781 1284 863 οίκυρορ.

150 985 222 1074 Peg.
253 986 330 1054 485.
366 989 418 1054 10.
443 990 550 1054 συνίεθ’
574 985 605 1053 ὃν
628 987 737 1066 τρόπον
761 991 774 1055 θ
799 989 903 1056 Σόλιον
926 992 995 1066 τοὺς
1018 991 1126 1068 νόμους
1153 991 1205 1078 [ὥς
1230 1013 1286 1054 κα-

112 1096 176 1175 λῶς]
203 1096 320 1160 κελεύει
344 1093 472 1181 τιθέναι;
496 1094 676 1180 Uirumque
698 1099 873 1162 rectissime
897 1098 1013 1163 dieitur
1034 1097 1142 1162 συνίεθ’
1165 1093 1197 1162 ὃν
1219 1097 1286 1177 τρό-

112 1221 159 1261 πον
187 1206 217 1265 ei
246 1202 355 1266 συνίεθ’
386 1202 423 1274 ὡς
456 1207 557 1274 καλῶς
591 1201 709 1266 κελεύει
739 1203 868 1286 τιθέναι,
901 1204 955 1268 sed
984 1224 1047 1268 non
1072 1206 1204 1289 possunt
1224 1203 1287 1267 duo

112 1302 179 1369 haee
201 1309 360 1394 coniungi.
407 1307 528 1373 Deinde
550 1308 624 1374 vide
646 1307 730 1371 mihi
753 1329 849 1393 quam
873 1309 1008 1375 absurdo
1030 1309 1099 1375 loeo
1122 1310 1159 1383 νίς
1184 1313 1287 1380 καλῶς

111 1409 146 1472 eit
166 1411 397 1499 interpositum.
441 1413 520 1477 Fuit
543 1413 622 1479 olim
645 1415 690 1477 eie
712 1416 867 1499 scriptum

238 1501 241 1509 ¹
371 1518 505 1582 συνίεθ’
537 1515 580 1582 ὃν
604 1517 735 1598 τρόπον

370 1625 384 1688 ί
408 1623 503 1689 σόλων
527 1624 602 1688 τοὺσ
626 1623 737 1701 νόμουσ
873 1645 908 1695 eo
927 1649 1012 1696 nanee·

371 1730 489 1796 κελεύει
513 1730 637 1796 τιθέναι.

147 1932 221 2022 Peg.
261 1936 337 2002 485.
376 1935 428 2004 17.
463 1938 602 2003 ostendit
636 1957 733 2022 quem
768 1936 882 2002 multis
915 1940 1114 2004 cantionibus
1145 1962 1183 2005 ex
1216 1940 1289 2028 lege

109 2033 222 2106 Solonis
245 2044 403 2108 utendum
426 2050 507 2109 essee
529 2046 570 2108 iis
593 2045 649 2127 qui
672 2042 779 2130 legem
803 2064 920 2108 novem
943 2043 1024 2109 ferre
1046 2043 1176 2110 vellenl.
1211 2046 1289 2112 Posi

108 2140 164 2208 alia
194 2149 239 2212 ite
272 2149 367 2214 dicii:
401 2150 453 2214 καί
485 2150 540 2229 πρὸ
571 2149 684 2213 τοθτιου
716 2148 750 2225 γ’
778 2147 926 2225 ἐπέταξεν
951 2151 1078 2215 ἐκθεῖναι
1102 2151 1211 2232 πρόσθε
1231 2160 1291 2218 τῶν

108 2247 264 2330 ἐπωνύμων
294 2254 347 2319 καί
379 2255 421 2334 τῷ
453 2263 643 2334 γραμματεῖ
676 2255 882 2332 παραδοῦναι·
919 2260 1023 2322 τοῦτον
1060 2257 1091 2321 δὲ
1126 2259 1156 2321 ἕν
1188 2268 1290 2324 TAIC

109 2353 278 2432 ἐκκλησίαις
311 2361 570 2440 οίναγιγνοίσκειν,
601 2358 639 2423 ἵν’
662 2357 770 2433 ἕκαςος
796 2363 877 2438 ὑμῶν
906 2345 1042 2434 οίκοθσας
1065 2372 1291 2431 ΠΟΛΛΑΚΙΟ

107 2462 153 2525 καί
186 2465 270 2530 κατθι
302 2468 421 2545 σχολίην
444 2465 639 2547 σκεψόμενος
665 2458 686 2530 li
711 2463 785 2547 θονῇ
809 2468 860 2531 καί
887 2467 990 2533 δίκαια
1015 2469 1067 2533 καί
1092 2468 1290 2553 συμφέροντα

105 2574 203 2633 ταῦτα
228 2573 383 2654 νομοθετῇ.
427 2572 511 2652 Quid
536 2577 583 2636 est
607 2571 637 2634 ἕν
660 2579 731 2642 ταῖς
757 2571 953 2646 ἐκκλησίαιρί
995 2574 1130 2639 Perinde
1153 2597 1290 2660 pravum

106 2677 192 2759 eique
222 2678 257 2743 id
280 2679 363 2763 quod
386 2676 408 2742 S
432 2678 561 2743 exhibet
585 2677 614 2741 ἐν
639 2677 817 2751 ἐκκλησίαις
843 2681 910 2743 eine
935 2678 1080 2744 articulo.
1126 2678 1290 2747 Debreeus

106 2782 194 2856 „eicie
213 2807 254 2847 οη
278 2784 308 2847 έν
331 2783 425 2862 τρισίν
446 2783 621 2857 ἐκκλησίαις
642 2784 746 2863 legerit
773 2782 947 2866 Ugeieeeess'
982 2781 1193 2848 Vehementer
1216 2789 1291 2850 erri-

105 2884 170 2950 del:
195 2892 240 2954 eie
268 2891 353 2954 enim
377 2911 421 2974 eq.
446 2889 581 2960 οίκοιίσοις
605 2887 756 2958 πολλοίκις
782 2887 979 2973 intelligitur
1003 2891 1035 2951 ei
1062 2889 1203 2972 postulat
1235 2889 1291 2955 eli-

104 2994 176 3074 quid
205 2995 429 3060 huiuscemodi
459 2998 528 3080 ipse
558 2996 605 3059 rei
635 2999 759 3058 nature.
806 2994 923 3058 Fuerat
952 2983 1291 3063 eN'l‘eKKAHCIAIC

103 3103 132 3162 el
154 3099 247 3166 feeile
270 3103 394 3165 numeri
416 3107 491 3166 note
514 3099 640 3187 negligi
664 3101 770 3184 potuit
794 3104 826 3163 et
844 3100 955 3184 perire.
977 3099 1015 3163 ef.
1036 3120 1110 3187 pag.
1134 3099 1210 3185 707,
1230 3101 1289 3181 28,

103 3205 152 3268 ονἰκ
174 3207 261 3280 εὐθὺς
285 3206 396 3272 τιθέναι
421 3206 485 3292 (τὸν
509 3205 609 3292 νόμον)
639 3202 833 3286 προσέταξαν
857 3203 946 3268 οίλλθι
966 3204 1020 3279 την
1042 3206 1145 3286 τρίτην
1169 3204 1291 3272 οίπέθει-

101 3309 157 3386 ξαν
188 3313 357 3386 ἐκκλησίαν
388 3314 441 3378 καί
464 3312 525 3378 οὐδ’
550 3313 580 3374 έν
604 3311 706 3392 ταθτη
731 3309 843 3375 τιθέναι
858 3309 1033 3376 θεθοίκασιν
1056 3312 1145 3377 οίλλίι
1169 3311 1291 3389 σκέψα·

103 3420 169 3482 σθαι
193 3420 264 3483 καθ’
286 3414 350 3482 ότι
375 3420 445 3491 τοὺς
470 3417 634 3494 νομοθέτας
659 3417 805 3481 καθιεῖτε.

145 3627 307 3694 Continuo
338 3630 498 3712 sequitur:
528 3627 642 3692 τοθτιον
673 3625 770 3690 τοίνυν
794 3624 944 3690 τοσούτων
968 3623 1056 3689 όντων
1083 3623 1232 3711 [δικαίαν]
1256 3627 1290 3692 τὸ

101 3735 213 3808 πλῆθος
248 3731 348 3796 οὑτοσί
378 3734 435 3809 μὲν
470 3731 528 3796 οὐδ’
563 3734 658 3798 ὁτιοῦν
693 3731 816 3804 ἐποίησε
851 3731 1052 3816 [Λεπτίνηρ],
1074 3769 1115 3779 -
1134 3735 1223 3809 ἡμεῖς
1260 3734 1290 3798 δέ

101 3837 219 3902 ποίντα.
267 3837 443 3903 Dobraeue:
473 3839 596 3922 „malim
620 3838 734 3902 τούτων
760 3837 859 3902 τοίνυν
882 3838 1037 3930 τοσοθτοιν,
1053 3835 1143 3902 όντων
1162 3837 1197 3901 τὸ
1216 3847 1294 3912 πλῆ-

101 3945 145 4016 θος
181 3947 268 4030 (τῶν)
300 3944 433 4009 δικαίων.
483 3945 565 4008 Certe
589 3944 803 4008 restituendum
826 3949 894 4007 τῶν.
945 3945 1002 4024 Qu.
1029 3943 1178 4008 τοσούτων
1201 3943 1290 4012 όντων
1347 4009 1350 4014 .

102 4049 186 4135 (τῶν)
212 4049 336 4114 δικαίαν
359 4051 393 4114 τὸ
417 4050 560 4122 πλῆθος.”

145 4155 224 4221 Sine
258 4156 355 4222 dubio
386 4156 605 4244 coniungenda
636 4161 710 4220 eunt
744 4175 807 4219 uno
840 4161 947 4220 tenore
978 4153 1125 4219 τοσοθταν
1148 4153 1237 4222 ὄντων
1261 4161 1296 4224 τό

100 4265 218 4337 πλῆθος
245 4270 277 4327 et
300 4262 422 4327 δικαίων
447 4262 580 4326 articulo
603 4283 706 4326 cerere
729 4281 791 4325 non
816 4265 928 4346 petest.
966 4258 1029 4325 Sed
1049 4263 1157 4346 ipsum
1177 4263 1298 4330 δικαίαν

99 4372 253 4456 spurium
284 4374 331 4434 eet
362 4374 395 4433 ei
425 4367 605 4433 delendum.
651 4367 723 4433 Non
754 4365 953 4452 appellentur
978 4369 1065 4432 enim
1089 4366 1194 4433 δίκαια
1217 4391 1297 4456 quae
