3086 4968
815 231 880 304 iis

253 419 443 510 [ἒύελσντῶς]
474 428 699 502 παραχωρῆσαι
733 421 889 503 Φιλίππῳ.
937 423 1067 508 Repone
1100 424 1135 486 in
1158 423 1310 510 margine.
1352 421 1418 487 Aere

249 532 281 593 et
304 527 415 592 ardens
437 527 718 606 αὐτεπαγγέλτους
742 550 805 594 non
829 531 890 594 fert
911 529 1105 616 languidum
1127 534 1158 594 et
1178 531 1262 594 iners
1281 527 1416 600 ἕθελοντύς

249 634 311 698 sibi
346 632 503 698 additum.
553 633 640 698 Olim
673 633 832 700 Henrious
867 634 1046 720 Stephanus
1082 637 1115 699 in
1150 635 1243 700 Thes.
1278 635 1314 700 L.
1327 631 1363 700 G.
1392 658 1417 701 r.

249 738 521 816 Λύτεπύγγελτος
552 740 681 804 laudato
713 740 782 806 loeo
812 741 1036 806 Demosthenis
1070 747 1202 818 „mirum
1235 749 1276 806 est
1307 741 1416 828 (inquit)

249 845 409 916 ἐύελοντούς
440 845 528 922 addi,
561 869 650 930 quum
680 846 795 932 idioqui
826 846 1090 924 αὐτεπαγγελτος
1124 854 1152 911 ei
1184 848 1334 924 ε’ύελοντῶς
1355 849 1417 911 idei

248 952 330 1028 sint;
361 959 389 1016 ei
412 959 567 1036 vstupentur
594 974 655 1016 esse
678 959 778 1034 potest
807 951 916 1016 ύοοοιο.”
948 953 987 1017 ad
1018 973 1113 1038 quem
1141 953 1251 1018 locum
1274 953 1417 1018 verissime

249 1058 415 1143 adscripsit
448 1057 630 1124 leudoricus
669 1057 813 1122 Dindorf.
859 1059 972 1136 „Libri
1012 1060 1217 1124 Demosthenis
1256 1079 1349 1143 quum
1378 1063 1416 1122 tot

249 1163 363 1249 repleti
392 1166 457 1229 sint
487 1163 840 1248 impudentissimorum
869 1164 1038 1229 hominum
1070 1164 1311 1239 additamentis,
1332 1164 1415 1228 recti·

249 1271 322 1334 sime
357 1270 398 1333 Si.
435 1270 619 1352 α’ριοῶρῖοαουε
653 1269 770 1333 videtur
804 1269 960 1332 delendum
989 1270 1039 1333 iic
1069 1293 1129 1334 erse
1160 1270 1325 1342 ε’ύελοντύς.
1369 1269 1416 1349 Qui

251 1382 328 1438 cerie
357 1376 489 1458 υοριιύαυνι
522 1382 586 1439 erat
618 1374 864 1458 interposituros,
899 1381 933 1438 ui
963 1376 997 1438 οἰι
1027 1376 1176 1439 similibus
1197 1376 1368 1462 synonymi,
1387 1375 1416 1436 ie

249 1481 355 1566 quibus
377 1481 542 1565 Dionysius
565 1481 604 1545 de
626 1482 661 1545 vi
682 1480 776 1545 Dem.
803 1504 826 1543 ο.
853 1481 908 1546 uit.
931 1503 961 1566 p.
990 1478 1110 1547 1127.''

295 1585 474 1669 Dobraeus,
495 1607 557 1671 quo
573 1607 667 1652 nemo
688 1589 723 1651 in
741 1586 800 1652 hoe
820 1605 935 1674 genere
954 1587 1079 1650 acutius
1099 1588 1214 1662 cernit,
1234 1584 1419 1652 hunoloeun

251 1692 377 1758 silentio
401 1694 589 1757 transmisit.

295 1906 376 1992 Pag.
400 1902 476 1968 248.
504 1901 556 1967 18.
582 1901 685 1975 πόλεις
711 1902 895 1976 Ἑλλννῶας
915 1901 986 1967 dAC
1007 1901 1064 1978 μὲν
1086 1902 1231 1980 ῶναιρῶν,
1257 1902 1298 1972 εἰς
1314 1898 1375 1964 “Ac
1392 1898 1415 1961 i*

250 2011 319 2083 τοὺς
352 2009 501 2091 φυγάδας
533 2006 692 2085 καταγων.
741 2009 844 2073 Nemo
875 2010 1057 2080 Atticorum
1088 2009 1132 2072 sie
1155 2007 1353 2092 loquebatur,
1374 2004 1415 2068 sed

249 2118 325 2188 τῶς
356 2117 412 2194 μὲν
437 2153 480 2164 -
505 2118 546 2188 εἰς
578 2116 653 2187 τοὶς
686 2113 718 2178 δέ
750 2119 928 2179 constanter
958 2121 1067 2179 omnes
1098 2113 1255 2178 dicebant.
1301 2111 1415 2178 Graecu-

248 2225 355 2290 lorum
386 2244 423 2288 ea
451 2226 499 2286 est
521 2223 637 2286 vitiosa
661 2220 810 2293 συνύύεια.
858 2219 1020 2284 Lueianus
1043 2221 1078 2282 in
1101 2219 1308 2302 φευδοσοφιςῇ
1330 2219 1416 2282 ridens

248 2331 436 2414 imperitum
455 2328 705 2415 grammaticum
726 2347 800 2413 pag.
824 2324 899 2389 554.
922 2320 1006 2396 αῶύις
1024 2326 1055 2389 δὲ
1072 2325 1179 2390 σκύπει
1199 2319 1415 2408 (soloecistam),

248 2437 365 2520 inquit.
390 2435 422 2496 ού
436 2432 510 2519 γούρ
535 2433 569 2496 σύ
593 2439 675 2511 φαμι
701 2431 845 2496 δύνασθαι
871 2439 1080 2506 κατανοῆσαι,
1102 2431 1168 2494 ἐπεὶ
1189 2431 1234 2494 Ἃ
1258 2432 1312 2509 μὲν
1334 2425 1416 2503 οἶσθα,

245 2539 288 2607 Ἃ
321 2541 347 2604 δ’
379 2542 432 2604 οὐκ
462 2537 558 2604 οἷσύα.
584 2576 627 2587 -
651 2541 718 2603 εἰπὲ
750 2537 850 2615 μόνον.
875 2574 918 2585 -
943 2537 1031 2601 ἄλλα
1065 2535 1115 2600 καὶ
1148 2541 1199 2600 νῶν
1232 2531 1415 2601 σεσολοίκιςιιύ

249 2670 319 2725 μοι,
352 2646 389 2711 σὺ
421 2646 446 2710 δ’
478 2649 530 2710 οὐκ
563 2643 669 2722 ἔγνως.
719 2647 754 2708 Si
777 2645 811 2707 in
833 2643 1046 2709 Demosthene
1070 2664 1107 2708 ea
1130 2644 1229 2728 feres,
1255 2650 1358 2708 mutato
1376 2661 1415 2702 οο

249 2754 327 2819 miae
350 2755 387 2817 cie
409 2760 438 2816 ie
452 2753 571 2837 sabuli
593 2757 748 2816 παντοίαν.

294 2960 374 3047 Peg.
407 2959 484 3025 248.
514 2958 567 3023 22.
599 2958 722 3038 πότερον
748 2959 886 3040 φανῆναί
908 2982 977 3022 τινα
1000 2964 1058 3024 τῶν
1081 2959 1239 3034 Ἑλλήνων
1262 2961 1311 3025 τὸν
1331 2962 1415 3022 ταῦτα

250 3065 428 3130 κωλύσοντα
461 3068 571 3152 [ποιεῖν
602 3065 709 3148 αὐτῶν]
734 3066 827 3145 ἐχρῆν
851 3065 866 3140 ἢ
891 3067 956 3143 ρούς
981 3063 1100 3131 Reseoa
1123 3067 1298 3151 insipidum
1319 3064 1416 3150 magii·

248 3172 319 3237 telli
342 3173 597 3238 additamentum
621 3193 659 3236 ex
683 3176 750 3236 tam
774 3173 902 3237 ardente
925 3174 1075 3236 oratione.
1123 3171 1282 3240 Similiter
1307 3172 1413 3238 suun:

248 3279 273 3343 ri
299 3279 328 3342 δὲ
353 3277 412 3342 ἔδει
437 3277 507 3342 τινα
530 3275 642 3342 τούτων
665 3280 803 3352 κωλυτὴν
826 3283 962 3360 φανῆναι
986 3277 1049 3341 uri.
1146 3319 1152 3334 ·

297 3484 375 3571 Peg.
402 3485 479 3550 252.
505 3485 558 3551 29.
583 3483 603 3550 ῶ
628 3487 829 3567 βλασφημῶν
854 3487 920 3567 περὶ
946 3489 1019 3565 ἐμοῦ
1048 3486 1112 3574 [καὶ
1137 3487 1253 3572 λέγων]
1276 3492 1311 3562 ῶς
1334 3488 1414 3550 σιωπῶ

248 3591 305 3669 μὲν
337 3591 465 3669 λαβὼν,
497 3592 559 3671 βοῶ
591 3593 615 3655 δ’
653 3594 828 3665 ἀναλύσας.
860 3595 934 3657 αλλ’
963 3594 995 3658 ού
1025 3593 1062 3657 σύ
1087 3617 1142 3670 γε,
1168 3595 1256 3660 ῶλλόο
1279 3596 1353 3678 βοᾷς
1372 3590 1415 3669 μὲν

244 3697 404 3773 ἝΧΩΝ,
438 3699 552 3764 παύσει
585 3699 615 3763 δὲ
640 3699 800 3775 οὐδέποτε,
825 3700 878 3762 iii
901 3699 945 3777 ρού
969 3723 1003 3764 σε
1030 3696 1107 3764 ούτοι
1133 3699 1291 3768 παύσωσιν
1317 3697 1415 3776 irraci-

248 3826 358 3874 σαντες
382 3806 519 3884 τήμερον.
568 3804 630 3885 Qui
656 3805 779 3870 addidit
802 3805 853 3869 uni
878 3804 979 3882 λέγων
1002 3827 1065 3871 non
1090 3805 1252 3871 intellexit
1275 3809 1414 3892 idipsum

248 3911 282 3973 in
312 3911 514 3992 βλασφημῶν
546 3913 657 3976 inesse.
706 3911 796 3990 Quod
828 3913 971 3996 sequitur
1003 3912 1082 3995 βοᾷς
1111 3913 1167 3987 μὲν
1194 3911 1275 3993 ἔχων
1297 3908 1414 3993 intelligi

248 4035 309 4079 non
336 4022 452 4101 potest,
477 4023 509 4082 et
531 4020 627 4101 periit
650 4020 825 4082 necessaria
849 4020 1017 4103 oppositio.
1066 4017 1235 4102 Optimum
1256 4015 1412 4094 emetiris

248 4122 303 4197 μὲν
330 4119 429 4198 'Aen
455 4125 569 4188 παύσει
593 4124 623 4188 δὲ
648 4124 851 4189 οὐδέποτε.

294 4225 384 4304 Quod
416 4229 538 4292 addidit
566 4228 682 4294 sciolus
707 4228 758 4292 καὶ
783 4228 902 4306 λέγων,
927 4231 1038 4294 eodem
1063 4231 1159 4296 modo
1183 4253 1256 4318 pag.
1282 4228 1351 4296 347.
1370 4222 1412 4290 28.

247 4333 281 4400 in
312 4332 472 4400 nonnullis
502 4333 593 4404 libris
622 4335 850 4424 interpolatum
884 4340 932 4400 est
963 4336 1015 4400 καὶ
1046 4336 1218 4416 λεγόντων,
1248 4342 1279 4404 et
1300 4338 1331 4402 in
1350 4335 1410 4400 orot-
