3026 4970
801 239 869 316 282

233 434 368 506 meoulis
390 434 582 520 quibusdem
605 437 787 520 conspersit.
834 436 923 504 Audi
944 438 1021 522 quid
1045 440 1163 504 seribet
1182 460 1258 528 pag.
1276 437 1313 505 V.
1358 435 1404 516 „ia

233 542 382 609 natae
410 540 503 606 modis
533 563 598 606 οιινιι
627 561 714 623 earpe
738 541 868 624 pariae
900 550 974 608 esset
995 545 1104 609 haecne
1127 567 1167 609 aa
1190 547 1249 610 itta
1263 551 1407 629 preater

236 651 354 725 littera,
388 669 450 711 eam
471 646 548 730 fere
579 668 692 730 qaoque
714 647 775 709 θοοο
796 648 884 730 porat
905 672 978 733 qaae
1001 673 1020 712 a
1034 651 1182 733 finitimis
1206 659 1234 715 et
1249 649 1408 736 propinquis

226 755 344 841 formis
355 753 492 836 prostare
509 754 629 816 aberret.
663 753 718 818 δίο
736 754 815 838 qaod
833 756 920 836 ἀφίει
938 758 1121 822 scribebatur
1135 779 1192 840 pro
1211 758 1308 838 ἀφίη,
1336 757 1408 821 θτίθει

230 884 289 945 pre
321 861 421 934 ἐτίθη,
453 859 548 924 ἐδίδου
572 881 632 942 pro
663 859 766 938 setta,
789 860 913 944 fartam
943 870 985 926 est
1015 886 1116 928 errore
1144 887 1243 928 eoram
1270 863 1339 948 qai,
1360 882 1410 924 ονιιι

229 967 363 1052 priscam
391 965 594 1028 litteraturam
623 965 728 1030 Ioar'aa
758 973 922 1045 mutarent,
946 991 1006 1032 aaa
1028 975 1237 1046 meminerant,
1263 969 1342 1054 qaod
1360 971 1411 1030 erat

184 1087 186 1091 '
237 1082 338 1140 ΑΦΙΕ
371 1080 499 1138 &Titne
532 1079 684 1148 ΕΔΙΔΟ,
717 1091 806 1156 posse
832 1079 955 1158 atroque
977 1077 1059 1138 moda
1083 1075 1160 1158 topi,
1184 1075 1298 1140 debere
1321 1095 1351 1138 eo
1371 1070 1412 1156 qai

237 1186 354 1246 tertiam
385 1200 405 1240 a
432 1179 550 1260 prima,
584 1177 765 1258 riapatarera
796 1201 815 1240 a
836 1179 976 1263 plurali,
1007 1181 1204 1246 a'adr'eatr'oaae
1235 1183 1272 1245 ab
1299 1178 1412 1264 optatior

235 1285 395 1369 partieipia
416 1284 567 1367 infinitivo
591 1306 678 1368 qaam
701 1283 821 1348 minime
842 1285 1051 1350 abstraheret'.
1212 1277 1215 1285 ¹

283 1390 369 1456 Setis
392 1391 503 1454 mirari
526 1388 586 1453 hoe
608 1389 747 1454 Bekkeri
770 1391 928 1454 iudicium
943 1411 1081 1477 nequeo.
1116 1388 1294 1456 Constituit
1311 1391 1413 1455 formes

238 1505 361 1564 veteres
390 1515 453 1559 non
484 1515 522 1560 ex
553 1492 747 1560 Graecorum
778 1514 863 1561 nerto
893 1504 1108 1584 perpetuoque
1138 1519 1200 1563 usu
1223 1496 1414 1562 sedoneris

239 1603 458 1689 opinionibus,
489 1620 569 1685 quae
600 1601 729 1684 quidem
758 1622 832 1666 eum
856 1603 963 1667 stabili
987 1601 1178 1669 Graecitatis
1202 1600 1414 1668 consuetudins

239 1717 347 1795 operte
374 1713 536 1795 pugnant,
568 1707 772 1790 obtruditque
800 1707 942 1774 Homero
972 1708 1090 1774 formes
1116 1711 1251 1774 minime
1274 1705 1414 1784 Graecos,

238 1818 355 1902 quibus
373 1835 474 1899 neque
492 1812 653 1878 Homerus
671 1833 773 1898 neque
790 1812 905 1878 Ionum
924 1813 977 1880 vel
995 1815 1239 1880 Atheniensium
1258 1816 1415 1898 quisquam

238 1943 394 2006 umquem
418 1925 466 1984 est
489 1938 575 1984 usus.
1214 1937 1215 1942 ¹

283 2027 462 2110 Proponem
492 2027 636 2108 primum
669 2022 787 2089 formas
819 2025 989 2091 verborum
1019 2025 1141 2103 τίθημι,
1175 2023 1241 2102 ίημι
1267 2033 1299 2091 et
1322 2023 1416 2096 δίθνηιι

239 2131 380 2204 Homero
404 2150 477 2195 eum
497 2129 743 2194 Atheniensibus
764 2150 958 2196 communes.
990 2132 1099 2200 Attice
1118 2140 1150 2196 et
1166 2131 1418 2198 Homerioasunt

285 2239 389 2312 τίθημι
415 2238 505 2308 τιθεῖς
532 2238 640 2310 τίθησι.
687 2237 785 2307 ἐτίθην
809 2238 914 2307 ἐτίθεις
940 2239 1043 2302 ἐτίθει.
1088 2239 1300 2323 imperativus
1322 2237 1398 2300 riter.

284 2341 349 2416 ίημι
374 2344 428 2412 ἱείς
453 2339 523 2411 ίητι.
572 2338 617 2412 ίην
641 2338 694 2412 isa
719 2339 766 2405 ίει.
814 2344 1024 2426 imperativus
1047 2340 1094 2408 ἵει.
1214 2403 1215 2406 ,

284 2448 391 2522 δίδωμι
421 2446 505 2516 δίδως,
530 2447 639 2510 δίδωτι.
688 2447 798 2512 tiriaus
821 2449 931 2518 ἐδίδους
955 2450 1058 2514 ἐδίδου.
1104 2451 1316 2534 imperativus
1336 2447 1415 2511 δίδον.

285 2551 383 2617 Nulla
414 2551 477 2616 alis
507 2552 609 2616 forme
635 2565 758 2636 praeter
780 2553 838 2618 has
862 2553 944 2618 soles
968 2557 1135 2638 scriptores
1158 2557 1259 2620 Attici
1282 2559 1415 2617 utuntur.

238 2659 284 2724 Ut
314 2661 418 2744 prime
447 2680 558 2740 reaper
587 2667 634 2722 est
664 2659 781 2734 τίθημι,
815 2662 860 2724 sio
892 2659 1028 2724 secunde
1059 2662 1126 2724 sine
1152 2659 1221 2724 ulis
1243 2660 1416 2744 exceptione

237 2771 415 2835 constanter
438 2770 486 2830 est
509 2768 621 2828 vitei(
650 2765 788 2850 (τιθεῖς),
812 2786 874 2830 non
898 2767 1002 2842 τίθης,
1027 2770 1060 2830 et
1083 2769 1178 2830 tertie
1200 2767 1325 2838 τίθησιν.

282 2871 403 2936 Eadem
434 2871 581 2935 omnibus
612 2875 660 2934 est
689 2872 723 2934 in
753 2871 940 2955 imperfecto
970 2873 1162 2938 constantin:
1195 2871 1338 2946 ἐτίθΗΝ,
1370 2865 1417 2932 sed

236 2977 387 3052 ἐτίθεις,
413 2978 534 3048 ἐτίθει,
561 2981 593 3040 et
616 2978 650 3039 in
674 2979 864 3060 imperativo
889 2977 974 3041 τίθει.

283 3082 442 3148 Similiter
472 3085 506 3145 in
537 3078 603 3156 ίηιιι
639 3079 792 3166 (ξυνίημι,
827 3085 966 3161 ἀφίημι,
995 3081 1118 3158 οὶνίημι,
1155 3078 1417 3166 πριίημι)·ρτίωο

236 3210 299 3255 non
331 3189 394 3254 elie
424 3194 472 3252 est
503 3208 600 3272 quem
632 3185 718 3265 ίημι,
750 3186 891 3264 ξυνίημι,
924 3196 1003 3252 caet.
1036 3187 1174 3253 secunde
1203 3209 1325 3273 semper
1346 3189 1415 3257 ἱεῖς,

237 3283 363 3373 ξυνιεῖς,
389 3297 501 3372 μεθιεῖς
528 3299 602 3380 (non
625 3291 702 3374 ίης),
728 3299 760 3358 et
784 3297 878 3358 tertie
900 3295 1018 3379 ubique
1036 3291 1117 3370 ίησι,
1140 3295 1274 3369 detera.
1294 3291 1415 3372 προΐησι,

238 3411 270 3468 et
296 3404 330 3468 in
360 3401 546 3486 imperfecto
579 3397 625 3475 ίην
656 3397 734 3464 ieie
759 3397 830 3474 ίΕΙ,
854 3400 962 3477 ξυνίει,
988 3403 1085 3476 οὶνίει,
1110 3400 1207 3476 μεθίει
1231 3419 1305 3465 eum
1325 3401 1417 3480 impe·

237 3511 340 3572 rstivo
364 3506 411 3572 ίει.

282 3611 441 3679 Similiter
472 3614 577 3679 solum
608 3614 716 3692 δίδωμι
741 3617 773 3678 in
798 3635 860 3679 usu
883 3619 931 3680 est
954 3618 986 3678 et
1009 3613 1094 3685 ereas
1120 3619 1152 3680 et
1173 3613 1291 3697 δίδωσι,
1313 3611 1365 3676 sed
1387 3611 1417 3672 in

236 3719 422 3802 Mperfeeto
453 3722 520 3784 sine
551 3723 704 3786 verietate
734 3721 905 3794 ἑδίδΟΥΝ,
937 3720 1084 3786 ertone
1114 3725 1147 3786 st
1171 3721 1311 3795 ἕδίδΟΤ,
1333 3721 1365 3782 et
1386 3717 1418 3778 in

237 3827 428 3908 imperativo
452 3825 542 3890 δίδον.

282 3929 409 4016 Lingua
428 3928 618 4014 Homerios,
639 3935 677 3995 ut
697 3930 830 4004 essolet,
849 3931 960 3997 formis
978 3932 1140 3997 nonnuliis
1160 3939 1208 3997 est
1230 3928 1416 4013 locupletior.

237 4034 355 4100 Omnes
383 4035 480 4100 habet
510 4035 628 4100 formes
659 4037 797 4106 Atticas.
831 4038 885 4104 sed
914 4044 1075 4122 praeterea
1104 4038 1202 4104 hebet
1233 4038 1333 4111 τιθεῖς,
1366 4031 1417 4096 sed

238 4144 336 4207 etiam
359 4141 504 4205 τιθεῖσθιι.
530 4142 626 4206 hebet
650 4145 747 4216 τίθησι
771 4143 826 4208 sed
849 4145 947 4208 etiam
970 4146 1054 4208 τιθεῖ.
1303 4130 1306 4135 ’

281 4245 391 4311 Sinin
415 4244 482 4323 ίημι
506 4247 603 4312 hebet
626 4245 686 4321 ίηοι
712 4248 886 4314 sedetiam
910 4249 960 4313 ίεῖ.

202 4438 204 4444 .
282 4352 320 4426 In
339 4352 445 4422 vostro¹
460 4353 566 4430 rena
588 4353 690 4420 habet
710 4357 824 4421 omnia.
840 4355 951 4420 sedem
969 4359 1102 4440 prester·
1113 4354 1219 4440 iteras,
1239 4351 1317 4440 qnod
1333 4347 1416 4436 apud
