3080 4972
658 251 700 320 29

101 437 272 517 πνευμάτων
304 439 468 522 οίυφιολές,
501 443 572 522 πρὸς
603 444 683 524 οιύτρ
708 452 747 524 τῇ
772 445 860 526 χώρᾳ
884 443 936 508 xci
962 444 1033 523 πρὸς
1057 453 1119 516 τοῖς
1144 447 1201 509 τῶν
1226 445 1277 523 ἕρι·

101 549 196 624 πορίων
220 547 337 624 ςόροοιοι
360 547 465 629 ῥᾳδίως
491 545 569 615 ἔςοιι.

138 651 258 716 Ultima
287 674 360 737 pars
392 655 488 718 huius
511 652 574 719 loci
596 657 651 729 τίρν
673 657 700 719 δ’
723 652 797 734 ιίροιν
822 660 875 720 τοῦ
900 653 985 728 ἔτους
1011 692 1053 704 -
1078 656 1185 738 ῥᾳδίως
1210 653 1278 724 decr
1329 648 1333 658 ’

100 780 216 823 omnem
240 779 350 822 sanam
374 762 406 822 et
429 758 609 843 simplicem
634 763 929 845 interpretationem
952 763 1092 846 respuit:
1119 766 1167 825 est
1191 763 1278 827 enim

99 867 129 927 in
157 865 206 928 his
238 863 369 941 lacuna,
399 885 495 948 quam
520 868 548 928 si
571 887 609 930 ex
632 869 698 931 imo
721 868 896 931 sententiae
919 867 1016 931 fundo
1040 871 1072 931 et
1095 869 1141 930 rei
1166 872 1279 931 natura

79 1037 83 1046 ,
100 977 128 1034 et
148 971 311 1035 verborum
339 972 566 1054 compositione
590 981 624 1035 ἰιι
646 971 753 1037 lucem
773 975 970 1037 revocaveris
989 975 1095 1037 omnia
1116 977 1208 1036 erunt
1228 994 1279 1037 ex-

99 1076 205 1159 pedita.
254 1073 464 1160 Opponuntur
485 1079 569 1140 inter
590 1099 622 1142 se
646 1077 800 1157 χειριιιδίρ
826 1086 920 1142 ΜΕΝ
945 1079 1077 1157 χρῆσθαι
1102 1084 1133 1141 et
1157 1079 1211 1152 τίρν
1240 1082 1278 1142 Δ’

99 1178 166 1259 ίίροιν
190 1186 242 1246 τοῦ
266 1181 350 1253 ἔτους
363 1181 413 1221 *¹³*
425 1182 455 1247 *ἢ
478 1182 541 1246 Per
562 1187 669 1248 totum
693 1203 812 1248 annum
833 1186 900 1249 sine
918 1185 1152 1248 intermissione
1173 1186 1278 1268 copias

99 1288 165 1352 illas
191 1289 263 1354 vult
293 1287 435 1352 militare
465 1292 497 1352 et
527 1287 733 1353 Macedoniae
765 1291 934 1353 imminere
959 1289 1110 1374 docetque
1134 1290 1211 1374 quid
1235 1293 1278 1355 sit

99 1396 136 1458 iis
157 1415 277 1479 quaque
302 1396 377 1458 anni
399 1398 588 1478 tempestate
613 1394 783 1482 agendum.
826 1395 961 1458 Hiberae
980 1402 1106 1478 tempore
1124 1398 1278 1480 recipient

100 1522 128 1564 sc
148 1503 180 1564 in
200 1500 322 1564 insulas
346 1499 551 1566 Macedoniae
575 1505 606 1565 et
630 1499 782 1566 Thraciae
805 1502 983 1585 proximas,
1008 1505 1095 1566 tutas
1119 1507 1150 1566 et
1175 1504 1277 1585 copio-

99 1627 158 1684 sas;
189 1607 242 1679 πίνν
274 1608 299 1669 δ’
331 1605 406 1686 ίίριιν
436 1611 489 1670 τοῦ
520 1605 603 1678 ἔτους
636 1607 734 1691 (quod
766 1606 889 1670 dictum
913 1609 1022 1669 estut
1045 1607 1079 1669 τὸ
1103 1607 1200 1685 ίίροι,
1225 1607 1276 1670 τὸν

99 1713 244 1798 χειμῶνα)
265 1711 300 1775 id
323 1717 371 1774 est
394 1717 519 1794 tempore
537 1735 626 1776 υοννιο
646 1718 674 1774 et
692 1710 802 1774 aestivo
821 1709 872 1749 *i
884 1710 904 1750 *ί
924 1711 1108 1775 exciderunt
1120 1711 1277 1796 complus-

100 1817 181 1895 cula,
212 1838 348 1902 quorum
379 1821 570 1882 sententiam
600 1818 687 1902 (nam
710 1817 807 1882 verba
829 1821 986 1900 praestare
1009 1815 1093 1881 velle
1116 1816 1277 1881 dementia

98 1929 150 2006 est)
179 1927 223 1989 sic
254 1926 331 1988 satis
362 1923 525 1988 commode
557 1923 751 2009 expleveris:
784 1921 838 1994 τίνν
868 1921 895 1986 δ’
918 1919 994 2000 ίίροιν
1018 1925 1070 1985 τοῦ
1095 1921 1196 1996 ἔτους,
1224 1918 1276 1986 ὅτε

97 2030 142 2092 aui
172 2029 242 2109 πρὸς
267 2037 305 2109 api
331 2039 372 2112 νῇ
398 2029 538 2106 γενέσθαι
562 2031 660 2111 ῥοίδιον
684 2028 735 2092 cni
760 2027 794 2090 vd
818 2033 875 2091 τῶν
900 2027 1084 2104 πνευμοίτων
1106 2026 1273 2108 οὶυφοολὲς,

96 2141 159 2214 πρὸς
183 2138 264 2218 αὐτῇ
286 2145 324 2217 τῇ
349 2135 435 2218 χοίρᾳ
455 2135 506 2199 acl
529 2135 600 2215 πρὸς
620 2145 682 2206 τοῖς
702 2141 760 2198 τοῖν
782 2135 930 2212 ἐμπορίων
952 2125 1084 2212 ςόροοιπιν
1105 2134 1272 2220 (ἐφορμεῖν,

96 2237 151 2305 dira
174 2243 228 2316 τίρν
251 2241 362 2306 ἐκείνου
388 2242 488 2311 κοινῶς
513 2247 620 2322 πονεῖν)
645 2242 751 2324 ῥᾳδίως
776 2237 854 2308 ἔςοιι.

133 2347 263 2414 Necesse
287 2353 335 2412 est
358 2346 435 2411 duos
458 2347 626 2431 ιἰᾳῖνιῖιίυοε
649 2350 733 2412 inter
755 2367 788 2411 sa
811 2347 970 2431 oppositos
993 2346 1091 2410 luisse
1116 2347 1272 2426 χειμαδίῳ

94 2458 180 2515 ΜΘΝ
209 2453 343 2531 χρῆοίοιι
375 2457 407 2516 et
439 2452 493 2525 τὴν
527 2455 565 2516 Δ’
596 2449 673 2533 ν’ίροον
703 2456 757 2516 τοῦ
781 2448 864 2522 ἔπους
892 2449 1063 2538 (ἐφορμεῖν)
1088 2457 1143 2516 aut
1167 2451 1273 2516 simile

95 2558 172 2638 quid.

133 2768 207 2857 Pag.
235 2768 288 2834 49.
317 2768 368 2832 14.
394 2768 431 2834 dcv
455 2774 559 2833 ποιῦτοι
583 2770 725 2849 πορίσνπε
749 2770 791 2834 τοί
815 2773 969 2850 χρήματα
992 2778 1106 2851 πρῶτον
1128 2767 1271 2856 [dictys.

94 2871 114 2936 S
142 2873 161 2938 ίι
186 2877 271 2960 om]
304 2895 368 2939 non
398 2875 459 2940 fert
489 2874 552 2940 loci
581 2878 737 2940 sententia
768 2875 914 2939 additum
945 2872 966 2941 οδ
992 2878 1085 2955 λέγω.
1133 2876 1274 2942 Recitari

93 2982 218 3046 iusserat
241 2981 466 3067 plebiscitum,
491 2984 525 3045 in
548 3001 610 3065 quo
633 2981 710 3046 haec
736 2983 845 3045 omnia
868 2982 975 3046 ordine
994 2985 1168 3068 perscripta
1186 2989 1275 3047 erant

93 3106 160 3174 pag.
193 3086 245 3152 48.
280 3087 332 3152 13.
380 3087 490 3172 Itaque
518 3092 642 3172 poterat
666 3083 812 3152 dicereci
839 3087 1015 3166 ρίγροιφοι,
1039 3108 1102 3153 non
1125 3083 1147 3152 ίι
1171 3089 1272 3165 λέγω.

94 3193 144 3255 sed
164 3197 309 3258 continuo
333 3193 494 3278 praecedit
517 3198 609 3257 ποιεῖτ’
636 3193 699 3261 aa
724 3192 793 3268 οίνὼ
818 3192 987 3275 γέγροιφοι.

134 3403 206 3493 Pag.
241 3404 295 3470 53.
325 3401 380 3471 26.
405 3411 464 3469 τῶν
487 3409 649 3484 ςροιτυνοῖν
673 3401 783 3476 ἕκοοςος
809 3405 853 3476 δίς
878 3405 930 3469 xci
955 3404 1017 3485 τρίς
1042 3406 1175 3485 κρίνεποοι
1201 3409 1274 3484 ποιρ’

93 3508 158 3586 ὑμῖν
189 3513 254 3592 περὶ
281 3511 433 3588 ίοινοίπου,
460 3513 530 3590 πρὸς
556 3511 587 3575 δὲ
610 3509 680 3580 τοὺς
706 3510 830 3590 ἐχθροὺς
854 3510 948 3583 οὐδεὶς
974 3511 1033 3575 οὐδ’
1059 3507 1151 3589 ίίποοξ
1174 3514 1274 3576 αὐτῶν

93 3615 295 3691 οίγωνίοοιοίοιι
326 3618 406 3705 [περὶ
432 3616 578 3702 ίοινοίτου]
603 3625 720 3700 τολμᾷ.
759 3616 880 3681 Vitiose
900 3616 1074 3681 admodum
1093 3619 1189 3683 verba
1207 3622 1274 3697 περὶ

93 3721 214 3786 ίοονιίπου
246 3746 285 3788 ex
315 3723 529 3809 superioribus
561 3725 696 3808 repetita
720 3727 804 3787 sunt.
851 3722 1042 3787 Rectissime
1066 3724 1183 3789 dicitur
1206 3730 1272 3804 περὶ

92 3833 192 3906 ψυχῆς
217 3828 392 3895 κινδυνεύειν
416 3832 483 3894 sive
508 3815 731 3910 νίνωνίζεσίοιι,
752 3830 809 3893 nbi
827 3828 893 3908 περὶ
916 3828 1048 3893 θοινοίτου
1070 3837 1151 3894 esset
1168 3832 1273 3897 absur·

92 3931 182 4012 dum,
206 3940 236 4000 et
260 3937 383 4015 κρίνειν,
409 3935 557 4014 κρίνεοθοοι
583 3935 649 4013 περὶ
675 3934 807 3998 ίοινοίτου
827 3937 946 4017 optime
966 3935 1062 3999 habet
1081 3940 1113 3999 et
1134 3940 1274 4004 usitatis·

92 4040 205 4104 simum
227 4048 274 4107 est
295 4043 330 4105 in
353 4042 481 4106 iudiciis
503 4040 658 4125 publicis:
680 4041 816 4106 inbelle
836 4041 907 4121 πρὸς
930 4041 999 4112 ποὺς
1021 4041 1186 4118 πολεμίους
1207 4047 1274 4110 sive

93 4145 160 4222 πρὸς
182 4147 248 4218 τοὺς
272 4146 397 4227 ἐχθροὺς
422 4145 624 4224 οίγωνίζεοθοιι
650 4149 719 4212 sive
743 4145 904 4228 μοίχευίοιι
930 4147 1037 4231 capitia
1053 4148 1220 4230 ρονῖονιίνιννι
1239 4153 1274 4216 in

93 4270 123 4314 se
152 4255 294 4318 continet.
342 4253 438 4338 Apud
461 4252 716 4338 Theophrastum
743 4254 890 4317 orarunt.
916 4252 971 4319 25.
997 4254 1010 4316 d
1036 4253 1131 4325 δειλός
1157 4254 1274 4322 dicitur

93 4361 153 4420 τοῖν
176 4361 294 4432 μᾶλλον
320 4359 335 4433 ἢ
360 4358 524 4440 μοίχεοίοιι
549 4366 611 4430 τοῖς
635 4359 811 4436 πολεμίοις,
836 4362 911 4445 quia
934 4359 967 4424 id
988 4364 1035 4424 est
1055 4362 1168 4447 capitis
1192 4367 1274 4447 peri·
