3096 4972
715 248 780 322 555

195 444 275 534 Pag.
309 442 385 512 739.
415 442 470 510 20.
501 439 581 510 οὗτοι
612 446 637 510 οῖ
668 443 845 526 ῥήτορες-
863 446 1124 530 προπηλακίζουσι
1154 446 1188 512 τό
1224 450 1337 526 πλήίοο

152 549 197 618 ότι
222 552 354 618 σύνοιδεν
369 553 482 616 αὐτῶν
505 549 655 619 ἑκόςΟΙΟ
678 551 721 616 τόν
745 552 774 615 ἕν
798 561 837 634 πή
862 553 952 636 πενίρι
972 553 1023 618 καί
1045 552 1163 629 νεότήτι
1183 555 1341 630 ἐπιτήδειό-

152 683 254 736 ροατα.
300 659 364 724 Pro
383 657 534 723 mendoso
558 655 677 728 ἕκόςοιι
701 656 725 723 S
749 658 878 724 exhibet
900 657 1035 728 ἕκαςΟΟ
1058 661 1187 747 perinde
1209 661 1338 728 mendo-

152 788 235 832 sum.
282 764 491 830 scribendum
515 763 616 827 αὐτῶν
641 762 783 831 ἑκόςΩΙ.

196 870 298 936 Miror
327 869 509 936 Dobreoum
541 868 669 935 haerere
698 872 732 932 in
763 869 891 943 νεότητι.
938 871 1133 960 Pervulgato
1156 894 1217 938 usu
1240 872 1283 937 τοὶ
1308 873 1337 936 ἕν

152 986 190 1058 σή
211 974 328 1050 νεότητι
347 974 583 1053 ἐπιτηδεύματα
602 973 760 1061 signifieat
779 975 813 1039 τό
834 976 1025 1057 ἡταιρηκέναι
1038 979 1091 1044 καί
1104 979 1338 1063 πεπορνεῦσθαι,

151 1089 189 1149 ut
219 1077 331 1149 {rtatim
361 1103 436 1170 pag.
470 1079 546 1149 740.
577 1079 607 1146 2.
641 1081 732 1146 οῖλλόο
764 1081 814 1147 διόι
843 1084 888 1148 τόν
918 1083 1153 1165 ἐπιτηδεύματα
1178 1085 1221 1150 τόν
1244 1085 1274 1151 ἐν
1299 1094 1337 1167 σή

153 1189 278 1273 ήλικίρο;
1133 1223 1136 1228 ·

197 1396 278 1486 Peg.
314 1394 391 1462 741.
423 1395 454 1462 4.
484 1395 659 1473 ταμιεύσας
687 1397 717 1460 ἕν
740 1394 904 1477 οῖκροπόλει
929 1399 971 1463 τό
997 1400 1118 1480 οῖριςεῖα
1142 1406 1197 1475 τοῖς
1221 1401 1339 1473 πόλεως

154 1543 195 1554 -
215 1501 401 1585 ὑφρρήροίνος
437 1503 486 1584 [ἐξ
518 1502 736 1586 deportarem}
797 1503 876 1583 Quis
910 1504 1092 1570 admonitus
1126 1507 1189 1572 duo
1223 1507 1341 1572 ultima

151 1613 250 1678 verba
278 1630 341 1675 non
370 1610 564 1692 removebit,
596 1629 675 1693 quae
698 1613 730 1673 et
752 1612 914 1695 porinepte
938 1610 1046 1678 addita
1069 1617 1144 1677 eunt
1167 1617 1199 1678 et
1223 1618 1339 1680 vexent

152 1712 302 1784 aurem?'

197 1927 276 2014 Peg.
303 1923 379 1992 741.
405 1923 456 1990 18.
488 1926 533 2002 μή
559 1925 656 1990 τοίνυν
679 1927 764 1991 αὐτοὶ
798 1924 1016 1992 διδόσκετε
1047 1926 1136 1992 οῖλλόο
1160 1930 1337 2009 τιμωρεῖσθε

152 2031 205 2098 καί
226 2033 270 2111 μή
294 2033 368 2096 ε’ῖιτε
391 2033 584 2110 ἀγανακτεῖν
610 2034 635 2097 εί
659 2032 833 2108 δεθήσονται
857 2030 981 2112 ἔχοντες
1005 2032 1047 2096 τόν
1073 2032 1218 2114 ὑμέτερα.
1255 2035 1341 2116 Quid

152 2140 215 2204 eibi
245 2137 317 2205 vult
346 2140 380 2202 in
410 2137 469 2202 teli
498 2159 532 2202 re
563 2135 745 2204 διδόσκετεί
777 2139 853 2224 quid
883 2139 1030 2206 additum
1054 2137 1159 2206 αὐτοίί
1182 2141 1265 2226 quod
1287 2161 1340 2227 po·
1454 2128 1457 2136 ⁴

151 2247 242 2309 nitur
259 2246 288 2308 si
310 2245 382 2328 quis
405 2246 598 2310 eontrarium
620 2244 696 2309 feeit
720 2265 816 2328 quam
840 2265 915 2310 eum
936 2245 1038 2312 faeere
1061 2249 1233 2331 oportebat.
1281 2245 1341 2313 Su·

152 2350 259 2417 blame
301 2355 395 2415 erunt
435 2350 495 2416 hae
538 2350 741 2416 difficultates
784 2353 812 2416 ei
853 2372 909 2437 pro
953 2350 1112 2418 διδάσκετε
1154 2373 1342 2439 reponemus

155 2455 316 2522 ’Δοκεῖτε
364 2456 485 2533 Nolae,
515 2459 635 2540 inquit,
667 2479 765 2521 οοσιννι
798 2457 1012 2540 improbitatem
1047 2466 1075 2523 σί
1105 2461 1261 2526 audaciam
1283 2459 1343 2545 ν’ρεό

152 2566 235 2628 νόοιο
266 2579 388 2644 οαρσνσ,
423 2562 518 2648 (quod
549 2562 696 2628 futurum
726 2568 774 2627 est
804 2566 832 2629 ei
862 2564 940 2628 haee
971 2564 1108 2631 facinore
1137 2570 1269 2651 impune
1294 2566 1340 2632 se·

151 2670 236 2752 rent)
270 2670 323 2733 red
355 2673 460 2732 ταναοῖο
486 2690 609 2752 poenae.
677 2671 799 2733 Ἀσκεῖν
836 2669 945 2734 eodem
982 2690 1075 2735 sensu
1110 2672 1194 2736 dixit
1226 2672 1342 2737 Demo·

151 2775 279 2840 sthenes
314 2795 388 2861 pag.
425 2771 478 2838 36.
516 2773 569 2840 12.
605 2773 709 2855 ε’χόρδν
744 2775 769 2838 δ’
807 2775 858 2855 ἐφ’
895 2776 979 2850 ήαοῖς
1014 2777 1126 2849 αὐτοὺς
1163 2781 1340 2852 τηλικοῦτον

155 2881 354 2964 ἠσκήκαμεν,
387 2879 470 2964 quod
495 2881 721 2966 intorpretatur
751 2882 835 2965 ipse:
866 2878 954 2944 πόόεν
988 2881 1076 2966 (γὰρ)
1101 2881 1229 2946 όιλλοόεν
1253 2883 1341 2961 loza-

152 2987 201 3067 ρός
243 2987 370 3065 γέγονεν
412 2987 428 3061 ή
465 2988 538 3065 παρ’
573 2989 657 3063 ήμῶν
691 2988 792 3052 αὐτῶν
826 2985 996 3067 Φίλιππος
1032 2994 1065 3053 et
1098 3009 1172 3075 pag.
1208 2987 1274 3054 450
1310 2988 1341 3053 4.

154 3091 230 3158 όταν
260 3093 316 3170 μὲν
341 3090 429 3164 ῖδήτε
453 3091 610 3166 δεινότητα
634 3091 684 3156 ἐπὶ
708 3096 824 3174 χρήςοῦ
848 3092 1000 3173 όνόρόποο
1022 3131 1063 3141 -
1082 3095 1264 3176 συγχαίρειν
1288 3094 1340 3159 καί

156 3205 380 3264 συνασκεῖν
411 3195 533 3270 πόντος
566 3199 620 3263 δεῖ.
668 3198 762 3264 Nune
796 3199 927 3264 demum
962 3219 1134 3283 pronomen
1168 3202 1343 3266 rectissime

155 3305 301 3371 additum
344 3308 409 3368 est:
452 3305 496 3382 μή
539 3304 635 3369 τοίνυν
678 3313 814 3369 ATTOI
850 3306 994 3384 οὶσκεῖτε,
1031 3307 1119 3372 οῖλλόι
1154 3308 1342 3386 τιμορεῖσόε.

153 3409 276 3475 Eodem
304 3430 397 3474 sensu
418 3410 500 3475 dixit
523 3409 703 3497 Hyperides
726 3413 798 3475 κατ’
824 3412 1063 3491 Ἀριςορείτονος
1085 3434 1160 3500 pag.
1185 3410 1261 3482 771.
1287 3410 1342 3485 26.

155 3514 276 3581 δέδοικα
307 3517 351 3592 μή
382 3514 488 3591 δόξητέ
520 3516 664 3591 τισι,τδν
695 3516 743 3581 οῖεί
776 3516 961 3594 βονλόροενον
985 3514 1062 3584 εἶναι
1087 3518 1210 3599 πονηρόν
1233 3526 1290 3584 τῶν
1315 3520 1344 3582 ἐν

154 3631 193 3704 πή
230 3623 319 3686 πόλει
355 3621 664 3707 παιδοτριβεῖν,
699 3623 734 3687 id
768 3628 816 3688 est
851 3625 957 3691 οῖσκεῖν
992 3623 1044 3689 καὶ
1081 3626 1202 3707 ἰσχυρὸν
1238 3633 1343 3691 ποιεῖν.

154 3727 337 3812 Utrumque
359 3729 494 3794 verbum
519 3733 567 3794 est
590 3729 627 3794 de
649 3727 817 3816 palaestro.

199 3937 278 4025 Pag.
317 3934 392 4004 743.
432 3936 484 4004 14.
519 3938 551 4004 οὖ
584 3939 806 4018 καταγίλαςος
837 3937 915 4016 δόξει
947 3942 964 4016 ή
996 3940 1086 4013 πόλις
1116 3936 1193 4005 εἶναι
1223 3941 1249 4006 εί
1281 3951 1345 4016 τοῖς

156 4045 319 4124 ίεροσόλοις
353 4039 433 4117 όπως
464 4047 649 4120 σωθήσονται
682 4045 770 4122 νόμον
803 4053 952 4127 Φανεῖται
976 4056 1006 4111 T
1009 4044 1146 4125 Ιόεμίνή;
1163 4054 1234 4130 port
1257 4049 1346 4138 ίοροννν

146 4151 316 4235 perlatura,
353 4154 472 4236 opinor.
541 4152 652 4238 Itaque
687 4152 888 4218 scribendum
923 4159 1072 4234 φανεῖται
1108 4154 1247 4231 Θεμένκ,
1282 4175 1345 4220 non

154 4254 313 4334 τιόεμίνή,
346 4262 385 4321 ut
413 4277 488 4343 pag.
521 4255 594 4323 764.
621 4256 652 4320 2.
677 4255 766 4336 νόμος
791 4257 854 4337 γὰρ
879 4258 1006 4340 αἰσχρός
1032 4253 1105 4324 όταν
1130 4259 1226 4341 κόριος
1249 4258 1267 4344 ή
1291 4268 1346 4337 τῆς

155 4361 278 4436 πόλεως
302 4359 409 4435 όνειδός
433 4364 478 4432 ε’ςι
502 4369 559 4439 τῆς
581 4360 717 4444 όεροένιρς.
