3034 4970
657 261 723 338 art

106 453 248 524 οίίνίομο
280 453 401 525 fuerim
428 459 548 544 passim
583 475 720 523 orrorcm
755 477 850 522 suum
885 457 1101 525 monumentis
1134 465 1282 526 veterum

106 562 247 630 uincent.
284 563 438 630 Unanimi
458 581 609 628 consensu
627 581 737 628 omnes
756 562 904 629 dicebant
923 564 1115 643 πίΜπλνμι,
1134 565 1283 639 πίμπλα·

106 692 174 749 μαι,
204 668 474 748 ἀποπιμπλάναι,
506 666 746 747 ἐκπιμπλάναι,
775 667 1062 748 καταπιμπλάναι,
1089 669 1143 737 sod
1164 673 1199 736 iu
1219 691 1283 739 uno

106 779 286 862 composito,
316 783 355 840 ut
376 773 557 839 futilissimi
580 769 874 840 Grammaticorum
898 773 1030 854 fluidas,
1054 775 1283 862 Moschopulus

105 887 131 946 at
152 881 272 947 similes
294 879 346 946 his
368 878 546 968 magistelli
568 880 795 966 opinabantur,
819 881 859 947 ab
882 899 919 947 aa
939 880 1086 970 analogia
1105 881 1283 948 discedeba-

105 991 159 1052 tnr.
203 985 239 1053 si
268 985 346 1072 quid
374 986 426 1051 his
453 983 612 1050 credimus
643 984 825 1062 ἐμπίπλνμι
855 985 1025 1052 dicandum
1059 991 1122 1064 est,
1160 987 1212 1053 διά
1246 989 1282 1053 τί

102 1092 288 1174 κακίφονον,
321 1091 377 1158 scd
405 1091 601 1167 ἐνεπίμπλη,
634 1089 785 1156 similitor
814 1090 991 1174 ἐμπίπρνμι
1019 1091 1075 1158 scd
1097 1092 1280 1174 ἐνεπίμπρα.

102 1195 290 1266 Removetur
320 1196 457 1263 alterum
485 1204 520 1261 M
539 1194 643 1262 »altaro
674 1196 896 1282 praecedente,
927 1216 989 1284 quo
1019 1203 1141 1264 remoto
1172 1202 1202 1264 st
1222 1201 1284 1264 tim

103 1307 276 1371 revortitur.
322 1302 432 1388 Itaque
463 1300 666 1375 ἐνεπίΜπλνν
700 1306 732 1366 et
763 1302 961 1384 ἐνιπίΜπρνν
986 1302 1052 1369 sola
1073 1304 1171 1389 proba
1193 1309 1283 1383 sunt,

104 1409 153 1476 sed
180 1409 398 1489 ἐμπίΜπλκμι
432 1411 464 1473 et
489 1407 702 1488 ἐμπιΜπρημι
726 1409 844 1474 vitiosa
867 1413 941 1473 sunt
964 1408 1015 1474 διά
1039 1411 1074 1474 τί
1098 1409 1282 1492 κακάφονον.

103 1513 318 1602 Imposuerunt
347 1514 492 1580 homines
519 1511 615 1579 nihili
636 1511 800 1579 Dindorfio
823 1513 864 1580 ad
886 1512 1041 1601 Stephani
1063 1513 1281 1602 (thesaurum,

104 1624 150 1686 cui
179 1621 256 1688 adeo
287 1620 484 1699 ἐμπιπλάναι
519 1623 551 1685 ot
586 1616 777 1699 ἐμπιπράναι
813 1619 897 1705 apud
932 1616 1077 1686 Gomioos
1112 1620 1284 1686 secundam

103 1733 178 1794 recte
204 1727 377 1815 producere
400 1725 558 1793 videntur.
605 1717 737 1790 Fatetur
759 1721 942 1790 Dindorfins
965 1745 998 1790 se
1021 1727 1055 1791 in
1077 1745 1115 1793 ea
1137 1727 1283 1811 opinions

103 1835 213 1900 venari
253 1837 382 1920 propter
421 1836 613 1916 „optimorum
648 1829 792 1894 librorum
826 1829 1063 1914 acaronem?
1098 1832 1188 1915 quasi
1220 1849 1283 1896 non

103 1940 191 2004 etiam
221 1941 365 2025 optimus
395 1939 527 2028 quisque
558 1940 590 2003 ct
620 1937 812 2004 veterrimus
841 1934 924 2000 liber
955 1933 1080 2000 mendis
1106 1935 1145 2001 ds
1168 1953 1284 2022 genero

101 2041 153 2111 hoo
181 2045 384 2134 gravissimis
410 2047 553 2109 scateret.
599 2041 689 2108 Malo
712 2041 850 2128 proferre
873 2041 958 2127 quod
981 2040 1064 2106 mihi
1088 2040 1126 2107 de
1147 2041 1199 2106 his
1222 2041 1283 2106 sor-

102 2152 156 2217 mis
178 2172 217 2218 ex
240 2151 385 2218 Parisino
408 2151 447 2216 A.
493 2148 654 2228 Platonis,
678 2168 740 2235 quo
763 2145 939 2215 fideliorem
961 2151 1077 2214 testem
1100 2166 1163 2213 non
1187 2143 1282 2213 habe-

101 2277 182 2336 mns,
206 2261 255 2323 ost
278 2257 493 2324 observatum.

141 2363 207 2430 Pol.
239 2361 293 2430 32.
324 2385 357 2430 v.
389 2383 408 2428 a
438 2363 543 2448 primo
571 2381 670 2426 manu
700 2361 797 2426 habet
827 2359 1130 2441 ἐμπιΜπλαμένους.
1168 2358 1222 2425 35.
1254 2379 1281 2426 r.

103 2467 188 2546 ίνμοῦ
217 2467 419 2547 ἐμπίπλαται
454 2469 632 2532 correctum
663 2465 902 2545 ἐμπίμπλαται.
935 2465 988 2531 40.
1023 2489 1048 2533 r.
1079 2463 1196 2546 μεθύον
1228 2464 1281 2530 καί

101 2572 330 2654 ἐμπιπλάμενος
351 2594 428 2640 corr.
452 2573 592 2652 ἐμπιμπ.
613 2569 666 2639 67.
687 2593 712 2637 r.
733 2572 829 2645 οἰκίας
848 2573 1128 2654 institucionem.
1142 2572 1281 2652 ἐμπιμπ.

101 2683 129 2744 et
158 2686 226 2767 post
255 2701 356 2769 pauca
385 2677 482 2752 οίκίας
513 2674 707 2758 ἐμπιπράναι
738 2698 817 2745 corr.
848 2679 988 2760 ἐμπιμπ.
1015 2677 1058 2744 66
1082 2700 1109 2744 r.
1134 2677 1207 2744 άνεν
1231 2681 1281 2743 νοῦ

100 2783 329 2868 ἐμπιπλάμενον
351 2806 428 2852 corr.
454 2784 594 2863 ἐμπιμπ.
620 2780 673 2850 67.
697 2804 730 2851 v.
754 2782 936 2862 δυσμενείας
961 2783 1178 2864 ἐμπίπλασθαι
1202 2803 1280 2853 corr.

100 2890 232 2970 ἐμπίμπ.
259 2892 312 2959 68.
335 2914 367 2961 v.
389 2888 524 2972 χάομνιι
548 2890 777 2968 ἐμπίπλανται.
802 2910 880 2956 corr.
906 2890 1044 2972 ἐμπίμπ.

141 2998 189 3064 Ad
217 3000 354 3066 cundem
381 2996 515 3065 modum
538 2994 666 3082 explosa
689 3001 722 3061 et
745 2997 862 3061 reiecta
883 2996 1114 3085 magistrorum
1137 2994 1283 3081 opinione

101 3106 209 3172 caetori
230 3103 293 3173 loci
315 3088 425 3173 omnes
448 3124 485 3172 oo
505 3102 588 3176 vitio
614 3101 773 3169 liberandi
795 3105 880 3166 sunt.

477 3347 654 3416 itMNHc
679 3384 699 3401 ·
711 3351 899 3416 nunnae.

141 3522 290 3598 'litabant
320 3524 355 3597 in
383 3529 435 3597 his
465 3531 578 3598 formis
611 3531 731 3597 scribac
767 3547 894 3598 omnes:
925 3523 1068 3617 primum
1100 3525 1283 3617 ννμννίτον,

102 3645 257 3716 γυμνῆτας
299 3641 331 3701 st
372 3639 554 3713 πλανήτων,
596 3635 761 3712 πλάνητας
791 3641 999 3722 corrumpunt
1032 3637 1067 3700 in
1102 3643 1283 3716 γυμνητῶν,

101 3743 259 3819 γυμνήτας
290 3745 323 3810 st
354 3749 519 3818 πλανητῶν
549 3742 734 3818 πλάνητάς,
767 3744 858 3829 quasi
887 3750 1045 3822 γομνῆται
1070 3744 1288 3819 attractaret!

102 3847 136 3910 in
168 3869 230 3915 usu
263 3853 382 3928 emant,
418 3869 554 3936 quorum
588 3851 748 3929 γυμνήτας
782 3868 1022 3934 nonnumquam
1048 3849 1134 3935 apud
1157 3848 1285 3918 infimae

102 3956 208 4019 aetatis
230 3950 405 4022 Graeculos
428 3958 606 4042 comparet,
631 3954 792 4030 πλανντνίς
817 3951 1026 4041 Tragicorum
1049 3959 1114 4021 est:

402 4061 450 4134 ric
473 4061 524 4130 τὸν
548 4061 709 4138 πλανντίιν
735 4057 881 4126 Οἰδίπουν
904 4059 971 4126 κτέ.

144 4161 261 4232 Deinde
289 4165 399 4255 gliscit
430 4187 515 4235 orror
546 4170 578 4234 ct
599 4171 759 4246 μομνῆται
780 4165 939 4232 scribitur.
987 4163 1024 4230 ln
1048 4165 1205 4255 singulari
1226 4189 1287 4233 nn·

100 4285 184 4338 moro
211 4277 297 4339 recta
326 4272 429 4339 forma
458 4272 523 4340 fors
555 4271 710 4349 elabitur.
742 4277 780 4340 ut
810 4274 844 4338 in
872 4269 994 4347 πλάνας
1025 4271 1113 4352 βίος,
1137 4271 1287 4350 πλάνητα

101 4376 153 4441 καί
175 4377 354 4458 μετανάτνιν
378 4379 464 4460 βίον,
490 4383 523 4444 ot
546 4381 618 4446 sim
