3096 4972
804 251 870 325 522

244 445 323 512 Hrat
362 447 396 510 in
435 446 657 530 antiquissimo
690 443 806 513 (lodice
840 445 1034 526 διόλειριμιιε
1069 449 1232 532 conadae
1263 470 1353 513 υονειιε
1380 443 1407 510 io

244 576 351 634 οιορνιο
373 552 675 634 dememorant,
700 558 733 618 et
757 558 805 619 est
828 553 1032 640 irreparabile
1056 554 1222 620 damnum.

291 657 376 724 Satis
400 664 466 722 esto
490 659 569 722 scire
592 657 651 724 illa
676 660 772 725 verba
794 662 948 724 οένελοῦσοι
971 660 1035 740 γὰρ
1056 697 1099 708 -
1120 660 1217 736 ciria
1236 683 1322 748 neque
1338 659 1411 722 iiiii

246 767 302 848 iiqi
331 766 395 828 cilo
423 765 505 828 οιοόο
522 786 608 847 pocae
631 787 724 851 ιιορυο
745 766 904 831 emendari.
952 764 1058 831 Simul
1081 773 1212 853 apparet
1234 789 1325 853 quam
1344 763 1412 830 nihil

246 871 361 938 auxilii
391 872 435 935 sit
457 873 491 934 in
513 869 604 935 libris
627 871 809 957 Atticiccie,
833 873 917 938 unde
939 872 1170 958 Harpocration
1192 875 1270 940 haee
1291 874 1369 940 affert
1388 893 1412 937 ν.

246 980 419 1044 ’Avaritia
450 978 513 1056 ριόιρ
544 977 595 1040 τόν
626 976 714 1055 νόμον
745 983 850 1044 τοῦτον
883 980 1106 1060 ἐχειροτόνησεν
1135 982 1236 1064 adipi:
1255 981 1339 1044 -ἐν
1364 983 1414 1048 τοῖς

247 1089 453 1156 Ἀττικιιινοῖε
485 1082 573 1157 διττη
604 1079 637 1158 ἦν
668 1085 794 1166 ν’ριιφό·
828 1088 845 1161 η
883 1086 940 1163 μὲν
972 1083 1080 1158 οὕτως·
1117 1088 1321 1153 ἀνελοῦσιν
1352 1085 1417 1164 pic

247 1190 314 1256 τόν
347 1188 465 1268 νόμον
495 1192 638 1255 τοῦτον
668 1191 979 1272 ἐχειροτόνησεν
1012 1191 1248 1269 ciria-»5
1279 1194 1304 1258 δ’
1334 1189 1416 1264 citit·

247 1299 457 1363 όνελοῦσοι
491 1297 568 1376 χόιρ
603 1298 669 1362 τόν
701 1296 816 1375 νόμον
851 1302 994 1364 τοῦτον
1033 1298 1324 1379 ἐχειροτόνησε
1353 1306 1418 1364 ΛΑ·

248 1411 388 1468 Borea
412 1404 612 1467 'eKeINON
638 1405 750 1486 αὐτῇ.
797 1403 941 1489 Utraque
962 1403 1057 1470 lectio
1079 1425 1143 1470 non
1162 1411 1211 1471 est
1229 1407 1418 1488 mississe,

249 1514 282 1575 et
311 1507 459 1586 λοβοῦσιι
491 1510 600 1573 ἐκεῖνον
631 1514 686 1573 aut
709 1511 748 1576 ab
769 1512 840 1595 ipso
861 1512 971 1576 Attico
994 1516 1050 1577 aut
1074 1512 1112 1576 ab
1137 1512 1201 1578 alio
1223 1512 1346 1578 infelice
1365 1531 1419 1574 cor·

248 1618 368 1681 rectore
399 1614 438 1680 de
469 1636 526 1681 suo
549 1616 696 1681 additum
720 1621 786 1692 est,
809 1617 906 1702 idque
928 1620 995 1683 sine
1017 1617 1085 1683 uilo
1108 1618 1235 1696 fructu,
1262 1621 1333 1704 qnia
1352 1613 1420 1682 nihil

249 1725 319 1788 sani
348 1742 388 1786 ex
411 1721 462 1786 his
484 1723 590 1788 verbis
614 1722 747 1787 extundi
768 1728 882 1808 potest.
930 1723 1009 1789 Vide
1034 1729 1142 1790 antem
1165 1726 1251 1790 mihi
1273 1725 1420 1812 magistre

248 1851 322 1894 rum
354 1830 506 1914 argutias.
553 1827 638 1908 Quid
668 1827 846 1916 significare
875 1833 985 1914 putas:
1010 1835 1165 1895 ἀνελοῦσιν
1188 1831 1253 1910 γὰρ
1278 1831 1326 1894 τόν
1347 1829 1420 1904 νόμον

249 1939 356 2000 τοῦτον
380 1933 603 2015 ἐχειροτόνησεν
628 1931 746 2007 cirini
792 1933 930 1999 Difficile
954 1935 1042 2000 dictu
1066 1939 1131 2021 est,
1154 1936 1265 2002 nullus
1288 1942 1333 2002 esi
1349 1936 1421 2000 enim

252 2060 362 2106 eorum
391 2041 561 2107 verborum
593 2061 711 2104 sensus.
758 2038 820 2105 Sed
851 2040 1082 2126 Harpocration
1113 2043 1215 2121 dicet;
1249 2043 1336 2108 audi:
1358 2037 1420 2105 'iuri

249 2152 302 2211 τοῦ
335 2146 566 2226 τοροβόισιι
599 2146 678 2226 γόιρ
707 2151 851 2211 τοῦτον
876 2146 942 2212 τὸν
969 2145 1084 2226 νόμον
1108 2135 1422 2230 διαχειροτονόον

249 2251 341 2332 περὶ
369 2253 495 2324 αὐτῆς
524 2249 668 2316 ἔδυνεν
699 2254 731 2316 εἰ
755 2253 831 2333 xii
855 2258 1071 2334 τεφονοῦν.
1118 2253 1217 2319 Haud
1239 2255 1307 2321 vidi
1324 2254 1422 2338 magis.

249 2365 387 2424 Ἀνελεῖν
418 2357 506 2434 νόμον
538 2363 586 2423 est
618 2359 817 2439 τοροιβῆνοιι,
850 2364 883 2425 et
913 2359 1136 2439 ἐχειροτόνησεν
1167 2362 1265 2436 αὐτόν
1296 2366 1341 2427 est
1369 2358 1421 2438 τερ

250 2465 347 2539 αὐτῆς
372 2462 462 2528 ἔδωκε
487 2463 735 2545 διαχειροτονίαν.
783 2464 892 2530 Satius
916 2454 963 2530 est
987 2469 1090 2531 tacere
1113 2488 1211 2552 quam
1229 2468 1308 2533 talia
1326 2467 1423 2533 dicere.

248 2570 319 2636 Hoo
349 2571 452 2658 igitur
483 2569 588 2634 solum
618 2572 791 2637 tenendum
815 2577 863 2636 est
883 2573 976 2636 όοουνο
1000 2574 1111 2636 lacuna
1133 2573 1220 2637 όόονο
1244 2581 1273 2638 et
1295 2575 1425 2657 ουοηιόννο

248 2679 337 2742 cerba
356 2677 560 2755 intercidisse,
582 2697 662 2761 quae
681 2698 790 2743 sanare
809 2677 893 2745 velie
914 2683 962 2743 est
979 2679 1172 2744 medicinam
1185 2681 1288 2745 facere
1299 2685 1420 2745 mortno.

291 2784 391 2849 urant
421 2783 498 2848 haec
528 2803 653 2868 quoque
685 2785 714 2847 ἐν
745 2792 809 2857 τοῖς
841 2785 965 2866 τρότοις
997 2787 1203 2869 οέντιχρόφοις
1226 2785 1378 2869 <caepim
1397 2787 1423 2847 et

250 2891 396 2957 funditus
418 2891 453 2953 in
469 2891 619 2955 erierunt.

296 3099 376 3187 Pag.
410 3097 486 3162 601.
520 3097 572 3162 11.
606 3098 667 3180 ᾔδει
698 3099 761 3180 γὰρ
793 3095 878 3176 οἶμοι
909 3101 991 3167 τοῦό’
1027 3099 1073 3167 ότι
1106 3104 1176 3175 τοὺς
1213 3104 1243 3168 ἐν
1278 3113 1315 3184 τῇ
1347 3098 1423 3166 πόλει

252 3203 394 3283 γενέσθαι
414 3203 537 3275 τόντοις
556 3205 672 3282 ὁμοίους
694 3207 710 3280 ἢ
735 3205 844 3279 δεινοὺς
870 3207 886 3281 ἢ
913 3209 1032 3286 όροισεῖε
1053 3208 1069 3283 ἢ
1090 3209 1230 3290 μετρίους
1251 3214 1304 3274 οὐκ
1322 3207 1358 3273 όιν
1375 3205 1423 3278 εἴη.

249 3311 299 3378 Hx
322 3312 423 3376 animi
446 3313 602 3376 sententia
626 3313 778 3376 assentior
800 3312 943 3378 Dobraeo
967 3315 1166 3380 emendanti:
1191 3317 1332 3395 γειέοθοι
1359 3311 1424 3378 τόν·

251 3441 309 3489 τοις
332 3416 464 3495 όμοόΩΟ
484 3417 593 3490 δεινοὺς
616 3417 667 3481 κυνὶ
689 3418 808 3498 όροισεῖι
828 3421 881 3483 οὐκ
898 3419 936 3484 όιν
949 3419 1010 3503 εἴη,
1024 3420 1136 3486 doletis
1149 3425 1289 3489 caeteris.
1315 3417 1423 3488 Δεινοὺς

251 3511 323 3588 mn
348 3524 466 3603 όροσεῖς
491 3524 711 3611 coniungenda
735 3546 800 3591 esse
824 3530 947 3610 praeter
970 3528 1074 3611 ipsam
1096 3531 1144 3592 rei
1166 3533 1314 3594 naturam
1335 3526 1424 3590 tribus

248 3628 327 3696 locis
346 3631 381 3693 in
399 3629 458 3694 hac
478 3631 548 3716 ipsa
567 3633 707 3696 oratione
727 3652 746 3696 a
765 3630 908 3696 chraeo
927 3632 1076 3698 indicatis
1094 3632 1322 3700 Demosthenes
1336 3629 1423 3697 decla

248 3741 317 3801 rat:
338 3757 413 3824 pag.
440 3734 516 3800 601.
545 3733 596 3800 14.
615 3742 681 3808 τοῖς
703 3736 823 3816 όροισέσι
845 3738 896 3802 aci
918 3738 1056 3809 δυνατοῖς
1076 3738 1190 3817 λέγειν.
1213 3763 1287 3829 pag.
1309 3738 1379 3804 603.
1396 3734 1421 3798 5.

251 3845 347 3909 εἰπεῖν
371 3843 427 3921 μὲν
451 3841 561 3914 δεινοὺς
587 3840 638 3906 καὶ
664 3843 793 3924 όροοσεῖς.
818 3865 892 3930 pag.
918 3841 993 3909 614.
1020 3843 1051 3909 2.
1077 3843 1169 3917 οὕτως
1194 3846 1233 3911 ὢν
1253 3846 1358 3926 όριισὺι
1378 3838 1420 3906 acl

250 3950 353 4027 λέγειν
377 3948 479 4021 δεινός.
527 3949 702 4034 Postquam
726 3948 781 4014 ιιοί
803 3953 837 4013 in
860 3950 877 4024 i
902 3955 1028 4015 mutato
1051 3952 1109 4027 όυο
1132 3974 1250 4040 genera
1272 3953 1421 4018 hominum

250 4055 314 4120 diei
337 4056 528 4122 videbantur
551 4055 673 4120 addidit
700 4054 816 4141 aliquis
840 4076 878 4121 er
901 4057 970 4122 loeo
993 4059 1099 4124 vicino
1124 4060 1140 4134 ἢ
1165 4043 1313 4140 μετρίους.

294 4261 374 4349 Pag.
407 4260 485 4327 601.
519 4262 572 4327 16.
605 4265 665 4329 δεῖν
697 4263 729 4328 δὲ
761 4261 858 4349 [ᾤετο]
879 4249 1008 4344 'andita
1040 4262 1419 4348 arcessitanotitiae

247 4376 357 4452 τυχεῖν
380 4370 419 4441 cic
444 4364 553 4443 ἕκινεοι
577 4368 720 4436 rivaria.
767 4367 886 4438 Inutile
908 4371 1048 4440 fulcrum
1070 4374 1110 4440 da
1128 4394 1219 4440 mora
1238 4367 1419 4463 magistellos
