3034 4970
229 446 302 513 Non
325 447 427 510 dicam
451 439 661 530 perincertum
685 445 766 508 hene
791 463 857 508 esso
880 442 1109 526 suspicionem,
1134 443 1189 508 scd
1212 439 1323 506 falsam
1346 439 1402 502 esso

234 552 464 618 demonstrabo.
511 549 661 615 Messenii
694 557 785 634 capta
815 549 866 612 Ira
896 568 934 610 ex
965 547 1058 611 caede
1089 548 1189 632 elapsi
1220 547 1260 611 ad
1283 544 1404 610 Arcades

231 659 441 743 confugerunt
464 663 497 722 et
521 657 658 742 benigne
682 659 802 740 accepti
825 659 899 718 sunt
922 653 1070 731 (Pausan.
1095 654 1147 718 IV.
1174 653 1229 720 22.
1253 652 1297 738 2).
1340 647 1404 715 an-

230 765 292 828 teri
315 761 422 826 Πύλιοι
446 767 499 826 aci
527 764 695 826 Μοθωναῖοι
718 761 770 824 ael
793 757 854 824 ὅσοι
874 760 916 824 τοι
938 760 1185 840 οιοιροιθοιλοὶσυιοι
1205 759 1295 842 ᾤκουν
1314 755 1405 820 νοιυοὶν

231 870 288 934 ὑπὸ
319 869 373 941 τὴν
404 865 519 932 ἅλωσιν
550 874 603 939 τῆς
636 866 730 945 Eleae
755 867 934 944 riualpovorv
957 867 987 938 ἐς
1023 868 1234 941 Κυλλήνιον
1264 865 1304 929 τὸ
1335 862 1405 926 ἔνι’-

229 999 336 1040 υειον
359 980 434 1038 τῶν
458 974 622 1036 Ἠλείων
646 972 792 1056 (Pensan.
818 970 872 1035 IV.
899 969 953 1034 23.
981 970 1025 1049 l).
1071 971 1192 1036 Eodem
1213 993 1247 1037 se
1263 971 1407 1054 recipiunt
1511 951 1513 1018 ,¹

230 1081 383 1146 Messenii
407 1100 445 1143 ex
469 1079 604 1143 Arcadis
626 1079 758 1142 reversi:
783 1081 820 1147 ὡς
846 1077 878 1140 δὲ
902 1077 932 1148 ἐς
955 1079 1010 1151 τὴν
1031 1077 1189 1151 Κυλλήνην
1211 1079 1235 1142 οἱ
1256 1076 1406 1149 Μεσσήνιοι

230 1185 458 1264 συνελέχθησαν
490 1185 542 1247 τὸν
573 1185 629 1258 μὲν
661 1184 798 1262 ποιρόνιοι
827 1190 969 1262 χειμῶνος
994 1181 1093 1257 ἔδοξεν
1117 1185 1212 1247 αὐτοῦ
1236 1181 1406 1262 χειμάζειν,
1510 1187 1511 1234 ἐ

231 1292 298 1355 aui
323 1292 392 1363 τὴν
416 1290 570 1368 οὶγοροὶν
596 1299 716 1369 σφισι
744 1290 810 1353 καὶ
835 1291 1033 1368 χρήματα
1057 1291 1090 1354 οἱ
1110 1295 1261 1354 Ἠλεῖοι
1282 1295 1408 1364 πυρεῖ-

231 1421 302 1477 χον
334 1395 482 1480 (Pausan.
506 1395 560 1459 IV.
585 1395 638 1459 23.
666 1395 709 1477 5.)
756 1395 848 1459 Unde
871 1394 942 1458 luce
967 1393 1083 1458 clarius
1107 1401 1237 1478 apparet
1259 1393 1409 1458 Elidenses

231 1503 399 1570 Messeniis
429 1521 491 1566 non
514 1507 639 1566 tantum
663 1503 780 1578 socios,
807 1501 861 1565 sed
885 1503 1023 1584 optimos
1046 1507 1077 1564 et
1100 1499 1300 1565 fidelissimos
1321 1502 1410 1564 socios
1511 1555 1512 1572 ς

231 1609 339 1674 fuisse.

277 1715 387 1798 ltaque
419 1716 453 1777 in
484 1711 648 1777 Strabonis
680 1712 766 1788 loco,
799 1733 861 1796 quo
893 1712 931 1776 da
958 1714 1101 1798 agimus,
1125 1733 1199 1798 pag.
1226 1710 1301 1775 362.
1326 1711 1411 1774 sanie
1510 1779 1512 1784 Α

232 1825 312 1887 sima
335 1825 383 1884 est
406 1819 500 1884 lectio
522 1818 679 1884 librorum
703 1821 864 1882 omnium:
891 1818 1025 1894 ἑλόμενοι
1049 1816 1240 1896 συμμάχους
1264 1816 1410 1895 Ἀργείους

231 1953 266 1992 τε
301 1927 353 1990 aa}
390 1929 588 1990 ἨΛΕΙΟΤΟ
624 1926 674 1988 real
711 1927 869 2001 Πισάτυς,
895 1930 926 1988 et
948 1924 1008 1988 soli
1032 1924 1169 1988 Arcades
1194 1923 1411 1988 desiderentur.

232 2033 385 2098 Excidere
407 2034 513 2115 potuit
537 2034 607 2109 πρὸς
632 2039 694 2102 τοῖς
718 2030 865 2108 Ἀρκοὶοι,
890 2034 945 2114 qui
964 2037 1114 2114 perpetuo
1136 2051 1224 2094 arma
1245 2049 1319 2094 cum
1338 2027 1413 2093 Mes
1511 2047 1513 2070 ι

231 2141 327 2204 seniis
351 2138 500 2202 adversus
524 2136 787 2202 Lacedaemonios
810 2139 1043 2210 consociemus,
1073 2143 1128 2200 aut
1151 2137 1243 2216 χωρὶς
1270 2139 1326 2198 τῶν
1354 2137 1414 2210 ’λρ-

232 2245 356 2319 κάδων,
381 2247 436 2307 aut
467 2241 589 2326 aliquid
618 2245 652 2306 in
684 2243 765 2306 hanc
793 2244 983 2307 sententiam
1007 2243 1061 2307 sed
1087 2241 1226 2313 Ἠλείους
1251 2245 1350 2307 satius
1371 2243 1413 2304 est

231 2370 293 2414 non
315 2356 455 2434 tangere.

278 2453 447 2521 Caeterum
480 2455 798 2520 animadvertendum
831 2460 877 2520 est
912 2456 989 2519 haec
1023 2457 1129 2519 omnia
1164 2452 1351 2517 Strabonem
1380 2471 1412 2514 ex
1511 2451 1512 2464 *

233 2580 371 2627 uiuunur
404 2561 597 2624 carminibus
627 2562 791 2625 sumsisse:
823 2561 960 2645 pendent
991 2562 1077 2624 enim
1109 2561 1216 2624 omnia
1248 2579 1287 2623 ex
1319 2557 1414 2624 verbis
1511 2573 1512 2586 ¹

232 2668 310 2748 φησὶ
335 2676 506 2747 Τυρτοιῑος,
533 2686 595 2750 quo
618 2665 783 2730 meliorem
807 2672 922 2730 testem
947 2671 979 2729 et
998 2668 1165 2730 certiorem
1185 2685 1295 2741 nemo,
1317 2663 1413 2744 credo,
1512 2683 1513 2698 ¹

232 2776 380 2858 requiret.

277 2983 358 3069 Peg.
396 2981 471 3047 362.
506 2981 559 3050 ὅς’
595 2984 612 3058 ἢ
650 2987 755 3046 τοιῡτοι
792 2983 942 3060 ἦκύρυτοιι
977 2982 1020 3046 rob
1056 2983 1183 3058 ἐλεγεῖον
1216 2983 1232 3057 ἢ
1267 2980 1415 3060 Φιλοχόρου

233 3089 409 3164 anameel.
458 3089 662 3155 Ostendimus
690 3110 785 3174 supra
807 3109 916 3154 veram
939 3089 1108 3154 lectionem
1132 3109 1199 3153 esse
1221 3090 1321 3154 hanc:
1345 3084 1414 3150 ὥστε
1512 3128 1516 3178 l

234 3197 250 3271 ἢ
283 3199 521 3276 ’ΛκυρυΤΕΟΝ
553 3199 608 3270 τὴν
638 3196 779 3272 ἕλε’γειοιν
810 3195 874 3258 uri.
924 3193 1131 3260 scribendum
1163 3215 1228 3259 esse
1255 3191 1415 3274 οὶκυρυτέον

232 3303 391 3369 Porsonus
412 3301 572 3367 intellexit
595 3303 732 3386 (Adccro.
757 3321 830 3386 pag.
857 3298 926 3378 39).

277 3409 362 3473 Fieri
392 3429 454 3472 non
483 3413 586 3492 potest
615 3412 654 3470 ut
684 3404 797 3471 Strabo
823 3408 953 3490 antiqua
976 3406 1107 3492 Tyrtaei
1130 3408 1270 3471 carmina
1294 3405 1416 3470 Platoni
1516 3428 1517 3473 ἕ

233 3529 265 3578 et
288 3513 454 3577 Aristoteli
478 3518 509 3577 et
533 3513 680 3578 omnibus
702 3513 865 3577 veteribus
888 3511 970 3576 lecta
994 3515 1101 3595 spuria
1124 3518 1156 3576 et
1174 3516 1337 3597 supposita
1355 3531 1416 3576 esse

233 3620 480 3694 existimaverit,
514 3618 568 3681 sed
598 3620 703 3681 utitur
732 3618 791 3681 hae
825 3618 949 3682 dicendi
979 3618 1082 3682 forma
1111 3624 1148 3681 ut
1171 3619 1317 3682 ostendat
1339 3619 1416 3680 inter
1516 3660 1517 3663 ,

233 3745 266 3788 se
301 3744 444 3809 pugnare
478 3743 558 3807 quae
593 3723 676 3807 apud
711 3726 819 3807 ipsum
851 3722 1027 3810 Tyrtaeum
1057 3723 1207 3810 legantur
1238 3730 1270 3788 et
1301 3741 1417 3808 quaec

232 3828 423 3892 Philochoro
448 3833 479 3892 et
503 3827 575 3892 aliis
600 3833 702 3893 essent
725 3830 763 3894 de
786 3828 923 3916 Tyrtaeo
947 3832 1121 3922 memoriae
1143 3829 1280 3914 prodita.

278 4038 358 4124 Peg.
385 4035 461 4101 334.
509 4038 658 4104 Μευοόοιν
679 4039 710 4104 δὲ
731 4037 855 4124 (Φοιοιν)
877 4041 909 4103 οὐ
932 4047 985 4112 τῆς
1003 4038 1108 4119 χώρους
1129 4033 1206 4102 εἷνοιι
1228 4037 1315 4118 μέρος
1333 4035 1417 4101 οέλλοὶ

233 4153 288 4219 τῆς
325 4143 483 4223 Σποέρτυς.
530 4143 615 4208 Hinc
650 4148 751 4231 igitur
779 4165 895 4212 nomen
925 4144 1062 4208 habebat
1083 4145 1096 4208 ὃ
1120 4142 1307 4218 Μεουοοὶτιρς
1326 4140 1416 4222 λόχος

234 4251 318 4337 apud
347 4248 452 4314 Schol.
481 4249 642 4334 Aristoph.
667 4252 706 4316 ad
727 4253 854 4333 Ιρροίιον.
878 4272 926 4317 vs.
952 4247 1029 4314 453.
1053 4249 1142 4329 λόχοι
1166 4251 1242 4314 εἰσὶν
1266 4253 1295 4314 ἐν
1319 4260 1418 4314 Λοικε-

234 4357 352 4436 aulana
376 4356 487 4427 πέντεέ
510 4357 645 4430 ’Έδυλος
673 4355 827 4443 (Hesych.
851 4359 886 4423 in
907 4356 974 4444 v.),
998 4356 1100 4430 Σίνις,
1121 4356 1275 4436 Ἀρίμοις,
1296 4355 1416 4428 ssacio,
