3086 4968
818 213 883 283 440

387 414 590 473 TOTTGCT
594 413 1026 473 1TAPncTHMAKA1MH

387 519 1030 578 ΑΤΟΠΩΟΕΜΑΤΤΟΤΚΑΙΒΛΡΕΩΕ

310 615 365 683 40.
390 666 397 684 .
412 665 420 684 .
435 666 443 684 .
458 623 961 683 .ΝΙΚΟΝΕΟΤ1ΤΟΑΝΟΗΤΟ

388 730 963 790 ....ΝΠΑΝΤΓΑΡΤΑΤΤΕΙΛΕΛ

388 880 396 896 .
410 879 417 895 .
433 879 440 896 .
454 839 849 896 .nAPA1Ne1coT1uA

389 983 397 1002 .
411 985 419 1002 .
434 984 441 1002 .
455 984 462 1002 .
476 943 877 1002 ΝΤΙΚΑΚΟΝΑΛΗΘΕΟ

308 1040 362 1108 44.
388 1091 418 1109 ..
432 1090 461 1109 ..
476 1049 832 1109 ΝΑΛΗΘΕΟΦΛΡΜΑ

307 1312 516 1379 Tischendorf
541 1315 671 1381 annotat
700 1333 748 1380 vs.
781 1311 814 1378 2.
845 1309 961 1375 diserte
991 1309 1108 1374 omisso
1142 1317 1166 1373 c
1194 1308 1336 1393 seriptum
1363 1318 1412 1366 esse

262 1428 505 1485 MeeTcuee.

305 1546 353 1592 vs.
386 1524 417 1590 9.
447 1547 504 1612 pro
534 1548 756 1607 νενομιχκυτον
788 1523 998 1611 apostrophen
1035 1525 1067 1588 et
1099 1522 1251 1608 spiritum
1284 1513 1414 1604 „parata
1485 1558 1488 1567 ·

200 1626 217 1656 ²
261 1630 382 1696 added
405 1632 450 1696 sio
473 1637 609 1713 vevopcx’
633 1631 740 1698 κὺτοκ.

201 1821 209 1834 .
305 1757 353 1804 rs.
378 1734 429 1803 37.
456 1746 726 1803 ΙΚΘΙΤΑΛΗΘΗ
750 1736 900 1803 admonet
925 1743 968 1799 01
992 1753 1055 1800 non
1078 1753 1145 1798 esse
1167 1731 1260 1819 plane
1284 1733 1391 1797 eertum

306 2095 390 2159 Ante
427 2095 535 2159 omnia
569 2093 732 2158 ostendam
768 2112 830 2178 quo
864 2092 982 2159 indicio
1019 2092 1280 2184 deprehenderim
1311 2087 1417 2154 alterum

261 2199 479 2286 fragmentum
511 2218 577 2263 esse
608 2198 777 2264 Menandri
807 2199 841 2262 ἐκ
873 2204 926 2264 τοῦ
959 2198 1209 2276 detestatorem,
1243 2193 1345 2263 deiude
1363 2211 1419 2256 non·
1504 2229 1505 2236 κ

261 2303 367 2369 nullos
386 2303 558 2370 versiculos
575 2305 803 2369 emendatiores
824 2308 856 2369 et
873 2306 1060 2390 integriores
1072 2304 1153 2369 dabo
1162 2351 1170 2382 ,
1183 2304 1304 2388 reliqua
1314 2295 1418 2386 philolo

261 2429 376 2496 garum
395 2411 524 2496 ingenio
544 2415 576 2474 et
596 2412 736 2475 acumini
753 2409 939 2496 corrigenda
959 2414 992 2474 et
1006 2410 1252 2497 redintegranda
1262 2407 1419 2490 relinquens.
1505 2411 1506 2414 ’

307 2513 384 2580 Tres
405 2515 539 2580 ultimos
558 2515 687 2581 secundi
706 2515 881 2603 fragmenti
900 2516 1072 2584 versiculos
1093 2518 1139 2582 sio
1154 2516 1306 2604 legendos
1323 2517 1351 2579 et
1367 2529 1420 2592 sup

262 2618 394 2705 plendos
421 2640 486 2686 esee
510 2640 638 2686 censeo:

306 2736 348 2793 Α.
374 2725 406 2790 ri
428 2725 460 2790 δέ
483 2749 535 2804 μοι
559 2733 804 2805 HAPA1Ne103
829 2745 860 2792 Β.
883 2725 943 2811 ’0,
967 2734 1013 2790 TI
1037 2728 1214 2802 ΠΑΡκικῶς
1238 2729 1319 2793 τοῦτ’
1340 2724 1391 2805 ἐρῶ.

375 2833 401 2896 εἰ
424 2829 496 2910 μὲΝ
521 2841 567 2896 Tl
591 2840 737 2897 KAKON
760 2834 945 2898 'AAHoec
968 2828 1073 2914 εἶχες,
1100 2831 1226 2911 Φειδία,

376 2935 496 3018 ζκτεῖΝ
520 2939 705 3003 'AAHoec
729 2946 929 3004 ΦΑΡΜΑκοκ
951 2937 1059 3003 τούτου
1082 2939 1112 3001 κ’
1137 2936 1206 3004 ἔδει.

378 3047 428 3108 νῦν
448 3041 473 3106 δ’
496 3044 551 3108 οὐκ
573 3040 668 3123 ἔχεις.

307 3149 356 3216 Ne
386 3148 511 3214 dubites
542 3152 619 3235 quin
646 3152 731 3214 oerta
760 3151 803 3214 sit
832 3149 910 3215 haee
940 3147 1003 3214 looi
1035 3148 1280 3237 redintegratio,
1303 3160 1423 3231 compara

261 3255 430 3321 Menandri
453 3255 671 3344 fragmentum
694 3275 713 3320 a
737 3251 902 3321 Clemente
925 3254 1139 3320 Alexandrino
1164 3252 1422 3323 servatumdtroa·

261 3359 331 3427 VII.
351 3381 425 3448 pag.
446 3359 523 3426 884.
544 3361 662 3426 Potter.
686 3360 770 3445 apud
789 3359 930 3425 Meineh.
951 3359 1070 3441 Fropm.
1094 3360 1203 3427 Oomie.
1215 3361 1273 3428 IV.
1284 3381 1351 3446 pag.
1365 3350 1423 3420 100.

218 3465 227 3472 ”
470 3469 508 3532 Et
531 3465 588 3545 μέν
611 3490 640 3531 τι
667 3465 759 3530 suado
782 3465 893 3538 ἀληθὲς
918 3461 1022 3546 εἶχες,
1048 3467 1172 3545 ossele,

450 3571 570 3664 ,ζητεῖν
593 3572 703 3645 ἀληθὲς
727 3570 893 3653 pappam
916 3570 1024 3636 τούτου
1049 3571 1079 3636 κ’
1105 3569 1174 3638 ἔδει.

468 3685 517 3744 νῦν
542 3678 567 3743 δ’
591 3680 644 3744 οὐκ
672 3674 766 3757 ἔχεις.
791 3677 873 3743 κενὸν
897 3674 957 3757 ἄρα
981 3676 1033 3742 nal
1058 3677 1092 3740 τὸ
1118 3675 1284 3758 φάρμακον

467 3785 541 3864 πρὸς
565 3782 599 3848 τὸ
623 3782 716 3848 κενόν.
743 3782 856 3858 ridden
879 3781 907 3846 δ’
933 3785 1064 3860 ὠφελεῖν
1086 3785 1120 3848 τί
1143 3807 1191 3849 σε.

467 3887 730 3971 depraedatam
754 3891 782 3951 o'
807 3888 839 3952 κὶ
864 3895 1011 3966 γυκκῖκες
1034 3891 1065 3954 ἐκ
1088 3886 1210 3972 κύκλῳ,

470 3995 522 4059 ael
547 3993 833 4077 κερκθεωσκὶτωσκκ·
858 3995 921 4059 ἀπὸ
945 4001 1069 4076 κρουνῶν
1092 4002 1178 4076 τριῶν

471 4099 560 4167 silom
584 4100 733 4183 aepippav’
757 4099 909 4178 ἐμβαλὼν
933 4096 1037 4179 ἅλοις,
1061 4101 1194 4184 Φκκούς.

309 4205 387 4272 Esse
417 4206 495 4272 haee
527 4207 560 4271 ta
590 4211 643 4273 τοῦ
671 4205 900 4284 Δεκσιδκίμοκος
925 4210 957 4272 et
981 4212 1208 4296 argumentum
1230 4206 1292 4274 looi
1314 4199 1427 4273 desinat

264 4316 296 4378 et
319 4309 494 4379 Clementis
517 4315 740 4380 testimonium
763 4310 837 4399 pag.
863 4310 940 4378 842.
965 4312 1052 4379 Pott.
