3096 4972
656 241 722 324 533

93 442 396 525 συμπαρεσκεύασαν
417 443 562 528 ύνίροιποι
583 443 665 520 ὅπως
684 448 711 512 οἱ
731 447 789 525 μὲν
809 445 1010 514 ἐκπεσοῦνται
1024 451 1088 514 ,τῶν
1109 440 1280 531 βασιλίσιν,

92 544 134 622 εἷς
166 549 198 614 δὲ
217 588 259 599 -
279 554 387 617 ποῖσαν
418 552 473 634 ὑφ’
503 553 596 618 αὑτὸν
619 554 779 629 ποιήσεται
804 555 859 620 τίιν
882 557 983 637 ύρχην
1007 554 1024 630 ἢ
1051 555 1120 629 τοὺς
1141 556 1200 634 μὲν
1219 564 1282 622 τοῖν

92 655 168 721 δυοῖν
190 657 407 736 βοηθήσαντας
431 657 470 723 du
494 659 536 732 είς
562 657 662 741 φόβον
686 661 737 725 καί
762 661 973 743 συκοφαντίας
997 660 1168 740 εὐλάβειαν
1197 664 1282 729 καίι-

91 761 221 842 ςνὶντες,
246 772 329 828 ΤΩΙ
355 763 386 828 δὲ
408 765 450 846 τῷ
475 763 515 829 ἑνὶ
543 765 599 852 (eie
624 770 708 832 reete
732 766 895 834 Dobreeua
916 787 974 854 pro
997 767 1039 848 τῷ
1063 767 1283 853 δ’ἕν1)τρύτ-

91 892 170 933 τοντι
195 871 250 945 την
271 871 371 952 ἀρχὴν
396 869 550 946 τοσαύτην
574 870 713 950 ἐξουσίαν
737 872 886 950 διδύντεςς
923 873 1116 960 Interpoleta
1137 873 1188 938 his
1207 879 1281 939 suni

89 975 122 1038 in
145 974 238 1041 libris
262 979 411 1044 omnibus
433 977 706 1064 Ροο1κα1ιτοίντες
727 978 805 1044 haee
824 981 937 1047 verba:
958 974 992 1049 ἣν
1011 979 1090 1051 εἰκὸς
1111 980 1279 1060 προσδοκᾶν

89 1079 218 1154 ἐκείνους
252 1081 305 1164 ἐφ’
333 1082 461 1158 ἑαυτούς
485 1085 581 1150 ε’λύεῖν
606 1083 644 1150 ἂν
666 1084 717 1150 δια
740 1090 794 1150 τοῦ
817 1085 1025 1168 ψηφίσματος
1049 1086 1183 1164 τουτονί,
1208 1088 1280 1172 qui·

88 1185 149 1251 bus
167 1187 311 1274 plerique
330 1190 451 1256 addunt
468 1190 636 1257 insulsiora
656 1193 753 1257 etiam
773 1192 866 1258 haee:
888 1191 916 1257 εί
933 1216 962 1256 τι
984 1191 1074 1258 rottae
1096 1192 1280 1273 Χαρίδημος.

134 1293 266 1379 Optime
288 1298 395 1362 omniu
416 1297 495 1363 haee
518 1297 616 1363 deleri
638 1300 733 1363 iussit
755 1297 918 1364 Dobreeua
943 1323 1005 1378 „ee
1025 1323 1094 1384 μορ.
1119 1297 1195 1365 624.
1225 1297 1279 1365 20.

90 1399 178 1466 orta'’
202 1422 269 1468 esee
292 1403 475 1470 admonens.

133 1597 212 1684 Pag.
247 1595 322 1662 626.
355 1595 388 1663 9.
419 1593 457 1662 ὧν
484 1598 540 1676 μὲν
563 1597 660 1663 τοίνυν
683 1596 761 1664 ἕνεκ’
787 1599 889 1680 ε’ρρύίη
913 1599 948 1666 τὸ
974 1598 1195 1680 προβούλευμα
1215 1597 1278 1682 [ἵνα

90 1703 247 1782 κυρώσειεν
270 1703 284 1766 d
307 1702 401 1780 δῆμος
424 1701 646 1788 ἐξαπατηθείς]
670 1704 722 1769 καί
747 1705 785 1769 δι’
805 1701 827 1771 ἃ
851 1708 905 1781 την
927 1708 1055 1788 γραφὴν
1079 1706 1278 1783 ἐποιησοίμεύ

89 1811 177 1886 ἡμεῖς
198 1812 326 1883 ταυτηνί
350 1809 544 1892 [βουλόμενοι
565 1812 718 1896 κωλῦσαι]
739 1813 832 1876 ταῦτ’
854 1812 931 1891 ε’τίν,
952 1809 973 1876 ὦ
993 1811 1097 1893 ἄνδρες
1116 1812 1278 1887 Ἀθηναῖοι.

88 1916 161 1981 Non
193 1920 321 1982 tentum
353 1918 553 2002 ineptissime
583 1918 769 2002 interposita
798 1921 873 1982 sunt
903 1938 983 2003 quae
1005 1920 1129 1982 uncinis
1151 1917 1281 1983 ineluei-

89 2042 180 2100 mus,
213 2022 268 2087 sed
297 2023 383 2108 prior
414 2023 512 2088 etiam
542 2043 615 2107 pera
645 2023 815 2090 manifesto
846 2045 919 2088 eum
952 2022 1092 2088 Oratoris
1125 2026 1282 2089 sententia

90 2132 222 2216 pugnat.
270 2127 342 2193 Non
374 2130 459 2192 enim
490 2124 540 2195 ἵνα
571 2127 727 2208 κυρώσειεν
760 2130 774 2193 d
804 2128 896 2208 δῆμος
928 2127 1134 2206 ἐξαπατηθείς
1157 2127 1282 2209 διεπροί-

86 2231 183 2309 ξαντί
205 2257 285 2306 τινες
307 2237 397 2298 τοῦτο
420 2234 562 2312 γενέσθαι
589 2235 623 2299 τὸ
646 2234 883 2322 προβούλευμα,
905 2237 959 2302 aed
980 2235 1159 2315 βουλόμενοι
1180 2261 1281 2316 παρα-

88 2338 191 2405 δοῦναι
221 2339 261 2404 ἑνί
293 2340 335 2421 τῷ
368 2339 589 2422 Κερσοβλέπτη
621 2341 675 2414 τὴν
706 2342 808 2422 ἀρχὴν
840 2339 987 2420 ύπασαν,
1018 2347 1057 2407 ut
1079 2342 1186 2429 paullo
1210 2348 1283 2410 ante

86 2445 212 2512 dixerat
235 2467 309 2534 pag.
332 2444 408 2511 623.
433 2445 487 2513 24.
535 2444 660 2512 Sumsit
682 2468 740 2512 aua
763 2449 973 2534 interpolator
994 2470 1033 2514 ex
1054 2469 1128 2535 pag.
1150 2447 1226 2514 625.
1249 2445 1280 2514 7.

85 2551 153 2617 Neo
182 2554 291 2617 minue
324 2551 438 2618 stolide
468 2551 648 2631 βουλόμενοι
679 2558 816 2620 κωλῦσαι
844 2557 964 2620 inserta
988 2563 1079 2639 suut,
1104 2557 1179 2640 quia
1201 2556 1279 2621 haee

84 2659 156 2743 ipsa
180 2659 312 2724 ethaeo
335 2659 430 2723 unica
451 2678 546 2724 eausa
571 2664 639 2725 erat
662 2681 719 2726 our
741 2658 853 2726 Orator
875 2662 931 2735 την
954 2660 1081 2742 γραφὴν
1102 2661 1276 2736 ἐποιήσατο.

131 2835 214 2925 Peg.
249 2836 325 2903 626.
360 2835 414 2904 12.
439 2837 553 2903 δίκαιον
576 2835 603 2902 δ’
628 2836 692 2906 ε’ςίν
715 2836 785 2910 ίσως
808 2839 863 2915 ἐμὲ
883 2875 925 2886 -
944 2835 1057 2918 αἵρεσιν
1081 2840 1151 2915 ὑμῖν
1174 2840 1275 2905 δοῦναι

81 2950 148 3015 τοῖς
172 2943 384 3020 ύκονσομένοις
407 2942 440 3008 τί
463 2950 577 3023 πρῶτον
597 2941 640 3007 Ἣ
665 2945 697 3007 τί
720 2942 855 3024 δεύτερον
877 2940 920 3007 Ἢ
945 2947 976 3010 τί
999 2933 1178 3011 τὲλευταῒον
1200 2945 1276 3023 βου-

81 3050 223 3128 λομένοις
254 3050 374 3116 ἀκούειν
406 3049 477 3127 ύμῖν
508 3049 581 3117 ε’ςίν.
629 3050 752 3115 Natura
780 3052 827 3115 rei
857 3049 997 3134 postulat
1021 3054 1059 3114 ut
1081 3053 1275 3140 corrigetur:

81 3158 116 3223 τί
140 3163 255 3235 πρῶτον
278 3165 350 3221 ΚΑΙ
374 3156 406 3219 τί
430 3154 565 3236 δεύτερον
592 3165 664 3220 ΚΑΙ
688 3154 720 3219 τί
742 3163 932 3221 τελευταῖον.
979 3155 1054 3222 'Pria
1077 3163 1166 3240 erent
1186 3177 1274 3223 aeau-

80 3265 217 3329 aationis
248 3265 370 3347 eapite,
390 3261 429 3326 de
452 3262 567 3347 quibua
589 3281 714 3326 neeesse
736 3269 804 3327 erat
826 3265 858 3326 et
881 3266 1096 3327 accusatorem
1118 3263 1221 3328 dicere
1244 3266 1278 3328 et

81 3368 208 3433 iudices
239 3367 365 3445 audire,
397 3368 452 3432 sed
483 3367 560 3452 quid
592 3369 754 3452 primum,
783 3369 860 3452 quid
884 3368 1077 3452 seeundum,
1101 3369 1177 3454 quid
1201 3369 1277 3433 ulti-

79 3494 177 3540 mum
209 3457 318 3538 audire
349 3472 484 3538 mellent
513 3473 673 3538 iudicibus
704 3477 865 3560 optionem
895 3474 990 3553 facit,
1018 3477 1052 3538 in
1075 3496 1193 3560 quare
1216 3477 1278 3542 die

82 3579 250 3674 iunetivae
272 3577 448 3664 particulae
471 3578 580 3644 nullus
600 3577 689 3645 loeus
711 3585 769 3645 eet.

127 3757 210 3846 Pag.
237 3755 313 3824 629.
339 3757 392 3823 11.
419 3747 543 3838 ύκριτονΙ
567 3766 630 3830 τοῖς
652 3757 925 3838 ἐπαιτιασαμένοις
951 3757 1122 3841 παρέδωκεν
1146 3755 1164 3826 d
1183 3786 1214 3826 τι
1238 3760 1276 3829 ἂν

78 3865 259 3945 βούλωνται
288 3865 422 3946 χρῆσθαι
454 3864 504 3930 τὸν
536 3863 597 3929 οὐδ’
628 3865 654 3931 εί
686 3866 835 3941 πεποίηκέ
863 3892 909 3932 που
934 3865 1074 3947 Φανερύν.
1123 3869 1174 3933 Ad
1195 3870 1277 3935 inte-

77 3973 237 4061 gritatem
261 3972 436 4036 sententiae
459 3993 560 4037 unum
583 3971 776 4038 vocabulum
800 3973 897 4038 deest.
944 3971 1146 4060 Legendum:
1171 3975 1231 4040 οὐδ’
1251 3978 1277 4042 εί

80 4075 235 4152 πεποίηκέ
259 4103 304 4144 τω
330 4077 461 4160 Φανερὸν
481 4081 631 4144 ”ΟΝΤΑ.
700 4146 702 4149 .

128 4258 208 4345 Pag.
245 4255 322 4322 630.
354 4256 409 4322 21.
442 4260 481 4332 ύς
512 4256 639 4337 ύνύμος
672 4256 820 4322 τοίττει
851 4256 951 4324 δοῦναι
977 4256 1073 4332 δίκην.
1095 4259 1177 4329 alius
1199 4260 1281 4330 liber

77 4362 216 4454 πράττει
239 4362 400 4430 tralaticio
424 4385 527 4431 errore
548 4384 605 4454 pro
629 4362 828 4448 προστάττει.
