<?xml version="1.0" encoding="UTF-8"?>
<!DOCTYPE html PUBLIC "-//W3C//DTD XHTML 1.0 Transitional//EN"
    "http://www.w3.org/TR/xhtml1/DTD/xhtml1-transitional.dtd">
<html xmlns="http://www.w3.org/1999/xhtml" xml:lang="en" lang="en">
 <head>
  <title>
</title>
<meta http-equiv="Content-Type" content="text/html;charset=utf-8" />
  <meta name='ocr-system' content='tesseract 3.04.00' />
  <meta name='ocr-capabilities' content='ocr_page ocr_carea ocr_par ocr_line ocrx_word'/>
</head>
<body>
  <div class='ocr_page' id='page_1' title='image "./miscellaneacrit02cobegoog_0141.png"; bbox 0 0 3034 4968; ppageno 0'>
   <div class='ocr_carea' id='block_1_1' title="bbox 648 229 711 304">
    <p class='ocr_par' dir='ltr' id='par_1_1' title="bbox 648 229 711 304">
     <span class='ocr_line' id='line_1_1' title="bbox 648 229 711 304; baseline 0 -1"><span class='ocrx_word' id='word_1_1' title='bbox 648 229 711 304; x_wconf 68' lang='lat'><strong><em>110</em></strong></span> 
     </span>
    </p>
   </div>
   <div class='ocr_carea' id='block_1_2' title="bbox 90 421 1278 4437">
    <p class='ocr_par' dir='ltr' id='par_1_2' title="bbox 102 421 1278 1671">
     <span class='ocr_line' id='line_1_2' title="bbox 113 421 1278 504; baseline 0.004 -18"><span class='ocrx_word' id='word_1_2' title='bbox 113 421 239 499; x_wconf 84' lang='grc' dir='ltr'><strong><em>Φαληρέα</em></strong></span> <span class='ocrx_word' id='word_1_3' title='bbox 263 424 435 504; x_wconf 71' lang='grc' dir='ltr'>Δημήτριον</span> <span class='ocrx_word' id='word_1_4' title='bbox 458 422 640 504; x_wconf 74' lang='grc' dir='ltr'><strong><em>ἐλπιζούσης</em></strong></span> <span class='ocrx_word' id='word_1_5' title='bbox 663 432 718 499; x_wconf 85' lang='grc' dir='ltr'><strong><em>τής</em></strong></span> <span class='ocrx_word' id='word_1_6' title='bbox 742 423 922 499; x_wconf 69' lang='grc' dir='ltr'><strong><em>πλεονεξίας</em></strong></span> <span class='ocrx_word' id='word_1_7' title='bbox 944 422 1068 498; x_wconf 79' lang='grc' dir='ltr'><strong><em>ἀνάξειν</em></strong></span> <span class='ocrx_word' id='word_1_8' title='bbox 1088 426 1123 490; x_wconf 90' lang='grc' dir='ltr'><strong><em>έκ</em></strong></span> <span class='ocrx_word' id='word_1_9' title='bbox 1142 431 1199 493; x_wconf 86' lang='grc' dir='ltr'><strong><em>τῶν</em></strong></span> <span class='ocrx_word' id='word_1_10' title='bbox 1220 449 1278 504; x_wconf 50' lang='grc' dir='ltr'><strong><em>μυι</em></strong></span> 
     </span>
     <span class='ocr_line' id='line_1_3' title="bbox 109 527 1275 613; baseline 0.006 -23"><span class='ocrx_word' id='word_1_11' title='bbox 109 534 162 608; x_wconf 86' lang='grc' dir='ltr'><strong><em>χῶν</em></strong></span> <span class='ocrx_word' id='word_1_12' title='bbox 183 539 234 602; x_wconf 73' lang='grc' dir='ltr'><strong><em>τῆς</em></strong></span> <span class='ocrx_word' id='word_1_13' title='bbox 257 538 316 608; x_wconf 80' lang='grc' dir='ltr'><strong><em>γῆς</em></strong></span> <span class='ocrx_word' id='word_1_14' title='bbox 341 532 435 596; x_wconf 83' lang='grc' dir='ltr'><strong><em>αύτίν</em></strong></span> <span class='ocrx_word' id='word_1_15' title='bbox 458 532 509 595; x_wconf 82' lang='grc' dir='ltr'><strong><em>τόν</em></strong></span> <span class='ocrx_word' id='word_1_16' title='bbox 529 531 714 596; x_wconf 88' lang='grc' dir='ltr'><strong><em>Πλούτωνα·</em></strong></span> <span class='ocrx_word' id='word_1_17' title='bbox 735 530 1000 613; x_wconf 68' lang='grc' dir='ltr'><strong><em>χαριεντιζόμενος</em></strong></span> <span class='ocrx_word' id='word_1_18' title='bbox 1019 537 1094 608; x_wconf 81' lang='grc' dir='ltr'><strong><em>γοῦν</em></strong></span> <span class='ocrx_word' id='word_1_19' title='bbox 1114 534 1207 611; x_wconf 83' lang='grc' dir='ltr'><strong><em>Φησίν</em></strong></span> <span class='ocrx_word' id='word_1_20' title='bbox 1229 527 1275 598; x_wconf 85' lang='grc' dir='ltr'><strong><em>ύτι</em></strong></span> 
     </span>
     <span class='ocr_line' id='line_1_4' title="bbox 109 633 1276 718; baseline 0.004 -21"><span class='ocrx_word' id='word_1_21' title='bbox 109 635 264 711; x_wconf 83' lang='grc' dir='ltr'><strong><em>,,πολλάκις</em></strong></span> <span class='ocrx_word' id='word_1_22' title='bbox 295 639 577 709; x_wconf 71' lang='grc' dir='ltr'><strong><em>καταναλώσαντες</em></strong></span> <span class='ocrx_word' id='word_1_23' title='bbox 612 639 653 704; x_wconf 87' lang='grc' dir='ltr'><strong><em>τά</em></strong></span> <span class='ocrx_word' id='word_1_24' title='bbox 686 639 807 718; x_wconf 82' lang='grc' dir='ltr'><strong><em>Φανερά</em></strong></span> <span class='ocrx_word' id='word_1_25' title='bbox 832 643 890 701; x_wconf 86' lang='grc' dir='ltr'><strong><em>τῶν</em></strong></span> <span class='ocrx_word' id='word_1_26' title='bbox 913 637 1034 711; x_wconf 90' lang='grc' dir='ltr'><strong><em>ἀδήλων</em></strong></span> <span class='ocrx_word' id='word_1_27' title='bbox 1058 633 1147 702; x_wconf 74' lang='grc' dir='ltr'><strong><em>ἕνεκα</em></strong></span> <span class='ocrx_word' id='word_1_28' title='bbox 1172 633 1193 702; x_wconf 88' lang='grc' dir='ltr'><strong><em>ἀ</em></strong></span> <span class='ocrx_word' id='word_1_29' title='bbox 1218 637 1276 713; x_wconf 75' lang='grc' dir='ltr'><strong><em>μὲν</em></strong></span> 
     </span>
     <span class='ocr_line' id='line_1_5' title="bbox 108 737 1276 824; baseline 0.006 -22"><span class='ocrx_word' id='word_1_30' title='bbox 108 737 220 816; x_wconf 77' lang='grc' dir='ltr'><strong><em>ἔμελλον</em></strong></span> <span class='ocrx_word' id='word_1_31' title='bbox 251 745 303 808; x_wconf 89' lang='grc' dir='ltr'><strong><em>ούκ</em></strong></span> <span class='ocrx_word' id='word_1_32' title='bbox 333 741 471 822; x_wconf 82' lang='grc' dir='ltr'><strong><em>έλαβον,</em></strong></span> <span class='ocrx_word' id='word_1_33' title='bbox 504 737 526 811; x_wconf 89' lang='grc' dir='ltr'><strong><em>ἀ</em></strong></span> <span class='ocrx_word' id='word_1_34' title='bbox 558 744 585 809; x_wconf 83' lang='grc' dir='ltr'><strong><em>δ’</em></strong></span> <span class='ocrx_word' id='word_1_35' title='bbox 617 739 703 824; x_wconf 86' lang='grc' dir='ltr'><strong><em>εἰχον</em></strong></span> <span class='ocrx_word' id='word_1_36' title='bbox 732 743 916 822; x_wconf 82' lang='grc' dir='ltr'><strong><em>ἀπέβαλον,</em></strong></span> <span class='ocrx_word' id='word_1_37' title='bbox 948 744 1135 821; x_wconf 74' lang='grc' dir='ltr'><strong><em>αἰνίγματος</em></strong></span> <span class='ocrx_word' id='word_1_38' title='bbox 1168 744 1276 822; x_wconf 88' lang='grc' dir='ltr'><strong><em>τρόπον</em></strong></span> 
     </span>
     <span class='ocr_line' id='line_1_6' title="bbox 106 845 1275 938; baseline 0.005 -28"><span class='ocrx_word' id='word_1_39' title='bbox 106 845 306 926; x_wconf 81' lang='grc' dir='ltr'><strong><em>ἀτνχοῦντες.”</em></strong></span> <span class='ocrx_word' id='word_1_40' title='bbox 348 847 462 917; x_wconf 84' lang='lat' dir='ltr'>Strabo</span> <span class='ocrx_word' id='word_1_41' title='bbox 494 873 566 938; x_wconf 84' lang='lat' dir='ltr'>pag.</span> <span class='ocrx_word' id='word_1_42' title='bbox 603 847 678 916; x_wconf 84' lang='grc'><strong><em>147.</em></strong></span> <span class='ocrx_word' id='word_1_43' title='bbox 710 851 895 925; x_wconf 86' lang='grc' dir='ltr'><strong><em>παρατίθησι</em></strong></span> <span class='ocrx_word' id='word_1_44' title='bbox 924 848 1139 934; x_wconf 80' lang='lat' dir='ltr'>(Posidonius)</span> <span class='ocrx_word' id='word_1_45' title='bbox 1162 848 1197 914; x_wconf 85' lang='grc' dir='ltr'><strong><em>τό</em></strong></span> <span class='ocrx_word' id='word_1_46' title='bbox 1220 854 1275 916; x_wconf 79' lang='grc' dir='ltr'><strong><em>τοῦ</em></strong></span> 
     </span>
     <span class='ocr_line' id='line_1_7' title="bbox 107 950 1273 1035; baseline 0.008 -22"><span class='ocrx_word' id='word_1_47' title='bbox 107 955 250 1030; x_wconf 77' lang='grc' dir='ltr'><strong><em>Φαληρέως</em></strong></span> <span class='ocrx_word' id='word_1_48' title='bbox 288 950 333 1019; x_wconf 85' lang='grc' dir='ltr'><strong><em>ύτι</em></strong></span> <span class='ocrx_word' id='word_1_49' title='bbox 375 957 469 1035; x_wconf 84' lang='grc' dir='ltr'><strong><em>Φησίν</em></strong></span> <span class='ocrx_word' id='word_1_50' title='bbox 501 959 610 1028; x_wconf 82' lang='grc' dir='ltr'><strong><em>ἐκεῖνος</em></strong></span> <span class='ocrx_word' id='word_1_51' title='bbox 642 955 692 1020; x_wconf 85' lang='grc' dir='ltr'><strong><em>έπί</em></strong></span> <span class='ocrx_word' id='word_1_52' title='bbox 724 961 782 1021; x_wconf 90' lang='grc' dir='ltr'><strong><em>τῶν</em></strong></span> <span class='ocrx_word' id='word_1_53' title='bbox 825 957 974 1020; x_wconf 79' lang='grc' dir='ltr'><strong><em>Ἀττικῶν</em></strong></span> <span class='ocrx_word' id='word_1_54' title='bbox 1002 955 1167 1035; x_wconf 70' lang='grc' dir='ltr'><strong><em>ἀργυρείων</em></strong></span> <span class='ocrx_word' id='word_1_55' title='bbox 1198 953 1273 1022; x_wconf 79' lang='grc' dir='ltr'><strong><em>οὕτω</em></strong></span> 
     </span>
     <span class='ocr_line' id='line_1_8' title="bbox 106 1059 1274 1142; baseline 0.007 -24"><span class='ocrx_word' id='word_1_56' title='bbox 106 1059 232 1130; x_wconf 77' lang='grc' dir='ltr'><strong><em>συντόνως</em></strong></span> <span class='ocrx_word' id='word_1_57' title='bbox 263 1061 398 1140; x_wconf 75' lang='grc' dir='ltr'><strong><em>ὀρύττειν</em></strong></span> <span class='ocrx_word' id='word_1_58' title='bbox 421 1062 490 1136; x_wconf 83' lang='grc' dir='ltr'><strong><em>τοὺς</em></strong></span> <span class='ocrx_word' id='word_1_59' title='bbox 514 1063 683 1142; x_wconf 72' lang='grc' dir='ltr'><strong><em>ἀνθρώπους</em></strong></span> <span class='ocrx_word' id='word_1_60' title='bbox 706 1064 745 1133; x_wconf 87' lang='grc' dir='ltr'><strong><em>ύς</em></strong></span> <span class='ocrx_word' id='word_1_61' title='bbox 768 1061 807 1126; x_wconf 88' lang='grc' dir='ltr'><strong><em>ἀν</em></strong></span> <span class='ocrx_word' id='word_1_62' title='bbox 830 1060 1057 1139; x_wconf 80' lang='grc' dir='ltr'><strong><em>προσδοκώντων</em></strong></span> <span class='ocrx_word' id='word_1_63' title='bbox 1082 1064 1176 1126; x_wconf 85' lang='grc' dir='ltr'><strong><em>αύτδν</em></strong></span> <span class='ocrx_word' id='word_1_64' title='bbox 1197 1060 1274 1126; x_wconf 92' lang='grc' dir='ltr'><strong><em>ἀνά-</em></strong></span> 
     </span>
     <span class='ocr_line' id='line_1_9' title="bbox 104 1159 1275 1255; baseline 0.007 -29"><span class='ocrx_word' id='word_1_65' title='bbox 104 1159 156 1238; x_wconf 81' lang='grc' dir='ltr'><strong><em>ξειν</em></strong></span> <span class='ocrx_word' id='word_1_66' title='bbox 183 1165 229 1228; x_wconf 76' lang='grc' dir='ltr'><strong><em>τὸν</em></strong></span> <span class='ocrx_word' id='word_1_67' title='bbox 253 1166 434 1234; x_wconf 84' lang='grc' dir='ltr'><strong><em>Πλούτωνα.</em></strong></span> <span class='ocrx_word' id='word_1_68' title='bbox 483 1169 572 1236; x_wconf 87' lang='lat' dir='ltr'>Haec</span> <span class='ocrx_word' id='word_1_69' title='bbox 596 1164 725 1255; x_wconf 87' lang='lat' dir='ltr'>quide&#39;m</span> <span class='ocrx_word' id='word_1_70' title='bbox 748 1189 824 1233; x_wconf 82' lang='lat' dir='ltr'>sona</span> <span class='ocrx_word' id='word_1_71' title='bbox 847 1175 922 1234; x_wconf 88' lang='lat' dir='ltr'>sunt</span> <span class='ocrx_word' id='word_1_72' title='bbox 945 1168 999 1236; x_wconf 87' lang='lat' dir='ltr'><strong><em>sed</em></strong></span> <span class='ocrx_word' id='word_1_73' title='bbox 1023 1171 1142 1235; x_wconf 81' lang='lat' dir='ltr'>vitium</span> <span class='ocrx_word' id='word_1_74' title='bbox 1167 1188 1275 1234; x_wconf 84' lang='lat' dir='ltr'>conce-</span> 
     </span>
     <span class='ocr_line' id='line_1_10' title="bbox 104 1274 1275 1360; baseline 0.005 -26"><span class='ocrx_word' id='word_1_75' title='bbox 104 1277 202 1351; x_wconf 87' lang='lat' dir='ltr'>pemnt</span> <span class='ocrx_word' id='word_1_76' title='bbox 223 1274 344 1340; x_wconf 77' lang='lat' dir='ltr'>vicina:</span> <span class='ocrx_word' id='word_1_77' title='bbox 370 1275 491 1346; x_wconf 83' lang='grc' dir='ltr'><strong><em>ἐκείνοις</em></strong></span> <span class='ocrx_word' id='word_1_78' title='bbox 512 1277 569 1352; x_wconf 77' lang='grc' dir='ltr'><strong><em>μὲν</em></strong></span> <span class='ocrx_word' id='word_1_79' title='bbox 591 1274 863 1360; x_wconf 78' lang='lat' dir='ltr'>(Atheniensibus)</span> <span class='ocrx_word' id='word_1_80' title='bbox 884 1275 1051 1352; x_wconf 76' lang='grc' dir='ltr'><strong><em>αἰνίγματι</em></strong></span> <span class='ocrx_word' id='word_1_81' title='bbox 1073 1275 1199 1340; x_wconf 78' lang='grc' dir='ltr'><strong><em>ἐοικέναι</em></strong></span> <span class='ocrx_word' id='word_1_82' title='bbox 1220 1276 1275 1350; x_wconf 82' lang='grc' dir='ltr'><strong><em>τήν</em></strong></span> 
     </span>
     <span class='ocr_line' id='line_1_11' title="bbox 104 1377 1275 1459; baseline 0.006 -21"><span class='ocrx_word' id='word_1_83' title='bbox 104 1381 295 1451; x_wconf 77' lang='grc' dir='ltr'><strong><em>μεταλλείαν·</em></strong></span> <span class='ocrx_word' id='word_1_84' title='bbox 327 1377 386 1444; x_wconf 86' lang='grc' dir='ltr'><strong><em>ύσα</em></strong></span> <span class='ocrx_word' id='word_1_85' title='bbox 418 1383 474 1456; x_wconf 81' lang='grc' dir='ltr'><strong><em>μὲν</em></strong></span> <span class='ocrx_word' id='word_1_86' title='bbox 498 1381 562 1459; x_wconf 85' lang='grc' dir='ltr'><strong><em>γάρ</em></strong></span> <span class='ocrx_word' id='word_1_87' title='bbox 586 1377 759 1455; x_wconf 76' lang='grc' dir='ltr'><strong><em>ἀνέλαβον,</em></strong></span> <span class='ocrx_word' id='word_1_88' title='bbox 783 1381 898 1457; x_wconf 79' lang='grc' dir='ltr'><strong><em>φησίν,</em></strong></span> <span class='ocrx_word' id='word_1_89' title='bbox 924 1382 976 1446; x_wconf 90' lang='grc' dir='ltr'><strong><em>ούκ</em></strong></span> <span class='ocrx_word' id='word_1_90' title='bbox 1002 1378 1138 1459; x_wconf 78' lang='grc' dir='ltr'><strong><em>ἔλαβον,</em></strong></span> <span class='ocrx_word' id='word_1_91' title='bbox 1161 1377 1220 1446; x_wconf 84' lang='grc' dir='ltr'><strong><em>θ’σα</em></strong></span> <span class='ocrx_word' id='word_1_92' title='bbox 1244 1379 1275 1445; x_wconf 72' lang='grc' dir='ltr'><strong><em>δὲ</em></strong></span> 
     </span>
     <span class='ocr_line' id='line_1_12' title="bbox 104 1476 1273 1562; baseline 0.007 -20"><span class='ocrx_word' id='word_1_93' title='bbox 104 1476 174 1560; x_wconf 84' lang='grc' dir='ltr'><strong><em>εἰχον</em></strong></span> <span class='ocrx_word' id='word_1_94' title='bbox 203 1484 377 1561; x_wconf 81' lang='grc' dir='ltr'><strong><em>ἀπέβαλον.</em></strong></span> <span class='ocrx_word' id='word_1_95' title='bbox 434 1484 534 1552; x_wconf 85' lang='lat' dir='ltr'>Seneu</span> <span class='ocrx_word' id='word_1_96' title='bbox 567 1506 654 1551; x_wconf 76' lang='lat' dir='ltr'>cama</span> <span class='ocrx_word' id='word_1_97' title='bbox 683 1483 762 1550; x_wconf 85' lang='lat' dir='ltr'>haec</span> <span class='ocrx_word' id='word_1_98' title='bbox 793 1491 884 1562; x_wconf 89' lang='lat' dir='ltr'>sunt,</span> <span class='ocrx_word' id='word_1_99' title='bbox 917 1486 971 1551; x_wconf 88' lang='lat' dir='ltr'><strong><em>sed</em></strong></span> <span class='ocrx_word' id='word_1_100' title='bbox 1003 1507 1078 1551; x_wconf 84' lang='lat' dir='ltr'>vera</span> <span class='ocrx_word' id='word_1_101' title='bbox 1108 1486 1203 1552; x_wconf 86' lang='lat' dir='ltr'>lectio</span> <span class='ocrx_word' id='word_1_102' title='bbox 1234 1487 1273 1550; x_wconf 87' lang='lat' dir='ltr'><strong><em>ab</em></strong></span> 
     </span>
     <span class='ocr_line' id='line_1_13' title="bbox 102 1586 1170 1671; baseline 0.007 -21"><span class='ocrx_word' id='word_1_103' title='bbox 102 1586 246 1656; x_wconf 76' lang='lat' dir='ltr'>Athenaeo</span> <span class='ocrx_word' id='word_1_104' title='bbox 268 1591 441 1657; x_wconf 82' lang='lat' dir='ltr'>sumenda:</span> <span class='ocrx_word' id='word_1_105' title='bbox 465 1589 525 1657; x_wconf 86' lang='grc' dir='ltr'><strong><em>θσα</em></strong></span> <span class='ocrx_word' id='word_1_106' title='bbox 547 1593 603 1669; x_wconf 78' lang='grc' dir='ltr'><strong><em>μέν</em></strong></span> <span class='ocrx_word' id='word_1_107' title='bbox 629 1592 691 1669; x_wconf 85' lang='grc' dir='ltr'><strong><em>γάρ</em></strong></span> <span class='ocrx_word' id='word_1_108' title='bbox 711 1593 943 1656; x_wconf 77' lang='grc' dir='ltr'>ἜΜΕΛΛΟΝ</span> <span class='ocrx_word' id='word_1_109' title='bbox 968 1593 1021 1656; x_wconf 87' lang='grc' dir='ltr'><strong><em>ούκ</em></strong></span> <span class='ocrx_word' id='word_1_110' title='bbox 1044 1592 1170 1671; x_wconf 81' lang='grc' dir='ltr'><strong><em>ἔλαβον.</em></strong></span> 
     </span>
    </p>

    <p class='ocr_par' dir='ltr' id='par_1_3' title="bbox 95 1691 1273 2716">
     <span class='ocr_line' id='line_1_14' title="bbox 138 1691 1272 1780; baseline 0.005 -22"><span class='ocrx_word' id='word_1_111' title='bbox 138 1691 207 1760; x_wconf 87' lang='lat' dir='ltr'>Post</span> <span class='ocrx_word' id='word_1_112' title='bbox 228 1717 328 1780; x_wconf 85' lang='lat' dir='ltr'>pauca</span> <span class='ocrx_word' id='word_1_113' title='bbox 353 1699 464 1764; x_wconf 80' lang='lat' dir='ltr'>scribit</span> <span class='ocrx_word' id='word_1_114' title='bbox 487 1697 619 1764; x_wconf 84' lang='lat' dir='ltr'>Strabo:</span> <span class='ocrx_word' id='word_1_115' title='bbox 645 1698 700 1772; x_wconf 80' lang='grc' dir='ltr'><strong><em>τήν</em></strong></span> <span class='ocrx_word' id='word_1_116' title='bbox 722 1697 753 1762; x_wconf 80' lang='grc' dir='ltr'><strong><em>δὲ</em></strong></span> <span class='ocrx_word' id='word_1_117' title='bbox 777 1705 835 1774; x_wconf 84' lang='grc' dir='ltr'><strong><em>γήν</em></strong></span> <span class='ocrx_word' id='word_1_118' title='bbox 860 1696 977 1770; x_wconf 89' lang='grc' dir='ltr'><strong><em>ταύτην</em></strong></span> <span class='ocrx_word' id='word_1_119' title='bbox 1001 1697 1102 1777; x_wconf 84' lang='grc' dir='ltr'><strong><em>Φέρειν</em></strong></span> <span class='ocrx_word' id='word_1_120' title='bbox 1126 1697 1196 1770; x_wconf 84' lang='grc' dir='ltr'><strong><em>τοὺς</em></strong></span> <span class='ocrx_word' id='word_1_121' title='bbox 1221 1721 1272 1764; x_wconf 90' lang='grc' dir='ltr'><strong><em>πο-</em></strong></span> 
     </span>
     <span class='ocr_line' id='line_1_15' title="bbox 101 1802 1273 1883; baseline 0.004 -21"><span class='ocrx_word' id='word_1_122' title='bbox 101 1802 219 1876; x_wconf 86' lang='grc' dir='ltr'><strong><em>ταμούς·</em></strong></span> <span class='ocrx_word' id='word_1_123' title='bbox 244 1805 299 1878; x_wconf 81' lang='grc' dir='ltr'><strong><em>τήν</em></strong></span> <span class='ocrx_word' id='word_1_124' title='bbox 324 1804 356 1870; x_wconf 84' lang='grc' dir='ltr'><strong><em>δέ</em></strong></span> <span class='ocrx_word' id='word_1_125' title='bbox 380 1805 507 1870; x_wconf 88' lang='grc' dir='ltr'><strong><em>σκαλίσι</em></strong></span> <span class='ocrx_word' id='word_1_126' title='bbox 530 1808 589 1876; x_wconf 89' lang='grc' dir='ltr'><strong><em>τάς</em></strong></span> <span class='ocrx_word' id='word_1_127' title='bbox 614 1813 767 1883; x_wconf 84' lang='grc' dir='ltr'><strong><em>γυναῖκας</em></strong></span> <span class='ocrx_word' id='word_1_128' title='bbox 790 1803 949 1877; x_wconf 81' lang='grc' dir='ltr'><strong><em>διαμῶσας</em></strong></span> <span class='ocrx_word' id='word_1_129' title='bbox 972 1804 1094 1868; x_wconf 82' lang='grc' dir='ltr'><strong><em>πλύνειν</em></strong></span> <span class='ocrx_word' id='word_1_130' title='bbox 1116 1803 1145 1866; x_wconf 90' lang='grc' dir='ltr'><strong><em>έν</em></strong></span> <span class='ocrx_word' id='word_1_131' title='bbox 1167 1805 1273 1878; x_wconf 81' lang='grc' dir='ltr'><strong><em>ήθητη-</em></strong></span> 
     </span>
     <span class='ocr_line' id='line_1_16' title="bbox 100 1903 1271 1984; baseline -0.002 -8"><span class='ocrx_word' id='word_1_132' title='bbox 100 1903 158 1980; x_wconf 61' lang='grc' dir='ltr'><strong><em>λίνος</em></strong></span> <span class='ocrx_word' id='word_1_133' title='bbox 186 1917 327 1982; x_wconf 83' lang='grc' dir='ltr'><strong><em>πλεκτοῖς</em></strong></span> <span class='ocrx_word' id='word_1_134' title='bbox 352 1909 372 1950; x_wconf 77' lang='lat'><em>*</em></span> <span class='ocrx_word' id='word_1_135' title='bbox 396 1910 445 1974; x_wconf 84' lang='grc' dir='ltr'><strong><em>ε’πί</em></strong></span> <span class='ocrx_word' id='word_1_136' title='bbox 479 1912 575 1984; x_wconf 79' lang='grc' dir='ltr'><strong><em>κίςην.</em></strong></span> <span class='ocrx_word' id='word_1_137' title='bbox 623 1910 703 1976; x_wconf 92' lang='lat' dir='ltr'>Boni</span> <span class='ocrx_word' id='word_1_138' title='bbox 733 1908 810 1974; x_wconf 87' lang='lat' dir='ltr'>libri</span> <span class='ocrx_word' id='word_1_139' title='bbox 840 1917 984 1980; x_wconf 82' lang='grc' dir='ltr'><strong><em>πλεκτοῖς</em></strong></span> <span class='ocrx_word' id='word_1_140' title='bbox 1016 1931 1180 1981; x_wconf 89' lang='grc' dir='ltr'><strong><em>επιπιστην</em></strong></span> <span class='ocrx_word' id='word_1_141' title='bbox 1203 1910 1271 1974; x_wconf 87' lang='lat' dir='ltr'>sine</span> 
     </span>
     <span class='ocr_line' id='line_1_17' title="bbox 100 2014 1271 2101; baseline 0.006 -28"><span class='ocrx_word' id='word_1_142' title='bbox 100 2029 197 2091; x_wconf 83' lang='lat' dir='ltr'>sensu,</span> <span class='ocrx_word' id='word_1_143' title='bbox 232 2015 287 2080; x_wconf 82' lang='lat' dir='ltr'><strong><em>sed</em></strong></span> <span class='ocrx_word' id='word_1_144' title='bbox 319 2015 422 2082; x_wconf 90' lang='lat' dir='ltr'>nihilo</span> <span class='ocrx_word' id='word_1_145' title='bbox 456 2016 572 2082; x_wconf 87' lang='lat' dir='ltr'>melius</span> <span class='ocrx_word' id='word_1_146' title='bbox 602 2021 650 2082; x_wconf 85' lang='lat' dir='ltr'><strong><em>est</em></strong></span> <span class='ocrx_word' id='word_1_147' title='bbox 681 2017 729 2081; x_wconf 76' lang='grc' dir='ltr'><strong><em>ἰτί</em></strong></span> <span class='ocrx_word' id='word_1_148' title='bbox 763 2016 867 2100; x_wconf 81' lang='grc' dir='ltr'><strong><em>ιιίςην,</em></strong></span> <span class='ocrx_word' id='word_1_149' title='bbox 899 2015 982 2101; x_wconf 90' lang='lat' dir='ltr'>quod</span> <span class='ocrx_word' id='word_1_150' title='bbox 1011 2015 1096 2080; x_wconf 88' lang='lat' dir='ltr'>docti</span> <span class='ocrx_word' id='word_1_151' title='bbox 1126 2014 1271 2080; x_wconf 85' lang='lat' dir='ltr'>homines</span> 
     </span>
     <span class='ocr_line' id='line_1_18' title="bbox 99 2119 1271 2206; baseline 0.006 -27"><span class='ocrx_word' id='word_1_152' title='bbox 99 2124 299 2202; x_wconf 87' lang='lat' dir='ltr'>reposuerunt.</span> <span class='ocrx_word' id='word_1_153' title='bbox 343 2120 533 2187; x_wconf 86' lang='lat' dir='ltr'>Posidonius</span> <span class='ocrx_word' id='word_1_154' title='bbox 564 2121 649 2206; x_wconf 85' lang='lat' dir='ltr'>apud</span> <span class='ocrx_word' id='word_1_155' title='bbox 672 2121 873 2187; x_wconf 81' lang='lat' dir='ltr'>Athenaeum</span> <span class='ocrx_word' id='word_1_156' title='bbox 896 2121 918 2186; x_wconf 91' lang='lat' dir='ltr'><strong><em>l.</em></strong></span> <span class='ocrx_word' id='word_1_157' title='bbox 942 2121 965 2186; x_wconf 92' lang='lat'><strong><em>1.</em></strong></span> <span class='ocrx_word' id='word_1_158' title='bbox 990 2121 1084 2186; x_wconf 88' lang='lat' dir='ltr'>dicit:</span> <span class='ocrx_word' id='word_1_159' title='bbox 1108 2123 1150 2186; x_wconf 85' lang='grc' dir='ltr'><strong><em>τά</em></strong></span> <span class='ocrx_word' id='word_1_160' title='bbox 1175 2119 1271 2186; x_wconf 85' lang='grc' dir='ltr'><strong><em>τοτά·</em></strong></span> 
     </span>
     <span class='ocr_line' id='line_1_19' title="bbox 98 2224 1269 2310; baseline 0.006 -24"><span class='ocrx_word' id='word_1_161' title='bbox 98 2243 148 2298; x_wconf 89' lang='grc' dir='ltr'><strong><em>μια</em></strong></span> <span class='ocrx_word' id='word_1_162' title='bbox 168 2224 209 2289; x_wconf 85' lang='grc' dir='ltr'><strong><em>τά</em></strong></span> <span class='ocrx_word' id='word_1_163' title='bbox 232 2225 374 2306; x_wconf 76' lang='grc' dir='ltr'><strong><em>τυχόντα</em></strong></span> <span class='ocrx_word' id='word_1_164' title='bbox 397 2229 561 2306; x_wconf 80' lang='grc' dir='ltr'><strong><em>ψήγματα</em></strong></span> <span class='ocrx_word' id='word_1_165' title='bbox 584 2233 699 2307; x_wconf 83' lang='grc' dir='ltr'><strong><em>χρυσοῦ</em></strong></span> <span class='ocrx_word' id='word_1_166' title='bbox 723 2227 895 2310; x_wconf 78' lang='grc' dir='ltr'><strong><em>καταφέρει</em></strong></span> <span class='ocrx_word' id='word_1_167' title='bbox 919 2229 972 2292; x_wconf 82' lang='grc' dir='ltr'><strong><em>καὶ</em></strong></span> <span class='ocrx_word' id='word_1_168' title='bbox 997 2231 1103 2292; x_wconf 81' lang='grc' dir='ltr'><strong><em>ταῦτα</em></strong></span> <span class='ocrx_word' id='word_1_169' title='bbox 1122 2236 1269 2306; x_wconf 87' lang='grc' dir='ltr'><strong><em>γυναῖκες</em></strong></span> 
     </span>
     <span class='ocr_line' id='line_1_20' title="bbox 98 2328 1270 2414; baseline 0.006 -23"><span class='ocrx_word' id='word_1_170' title='bbox 98 2328 142 2392; x_wconf 83' lang='grc' dir='ltr'><strong><em>καί</em></strong></span> <span class='ocrx_word' id='word_1_171' title='bbox 174 2331 274 2412; x_wconf 89' lang='grc' dir='ltr'><strong><em>ἀνδρες</em></strong></span> <span class='ocrx_word' id='word_1_172' title='bbox 306 2333 443 2404; x_wconf 78' lang='grc' dir='ltr'><strong><em>ἀσθενεῖς</em></strong></span> <span class='ocrx_word' id='word_1_173' title='bbox 477 2333 519 2398; x_wconf 89' lang='grc' dir='ltr'><strong><em>τά</em></strong></span> <span class='ocrx_word' id='word_1_174' title='bbox 551 2335 686 2410; x_wconf 83' lang='grc' dir='ltr'><strong><em>πύματα</em></strong></span> <span class='ocrx_word' id='word_1_175' title='bbox 718 2333 771 2398; x_wconf 81' lang='grc' dir='ltr'><strong><em>σὺν</em></strong></span> <span class='ocrx_word' id='word_1_176' title='bbox 801 2340 872 2405; x_wconf 93' lang='grc' dir='ltr'><strong><em>ταῖς</em></strong></span> <span class='ocrx_word' id='word_1_177' title='bbox 904 2330 1021 2412; x_wconf 91' lang='grc' dir='ltr'><strong><em>ἀμμοις</em></strong></span> <span class='ocrx_word' id='word_1_178' title='bbox 1054 2334 1270 2414; x_wconf 75' lang='grc' dir='ltr'><strong><em>ὑποψήχοντες</em></strong></span> 
     </span>
     <span class='ocr_line' id='line_1_21' title="bbox 97 2431 1269 2526; baseline 0.009 -30"><span class='ocrx_word' id='word_1_179' title='bbox 97 2431 198 2503; x_wconf 79' lang='grc' dir='ltr'><strong><em>διιςάσι</em></strong></span> <span class='ocrx_word' id='word_1_180' title='bbox 230 2438 282 2505; x_wconf 82' lang='grc' dir='ltr'><strong><em>καί</em></strong></span> <span class='ocrx_word' id='word_1_181' title='bbox 316 2438 490 2511; x_wconf 82' lang='grc' dir='ltr'><strong><em>πλύναντες</em></strong></span> <span class='ocrx_word' id='word_1_182' title='bbox 524 2436 651 2516; x_wconf 87' lang='grc' dir='ltr'><strong><em>ἀγουσιν</em></strong></span> <span class='ocrx_word' id='word_1_183' title='bbox 676 2439 725 2506; x_wconf 88' lang='grc' dir='ltr'><strong><em>ε’πί</em></strong></span> <span class='ocrx_word' id='word_1_184' title='bbox 750 2442 805 2516; x_wconf 82' lang='grc' dir='ltr'><strong><em>τήν</em></strong></span> <span class='ocrx_word' id='word_1_185' title='bbox 827 2441 937 2521; x_wconf 81' lang='grc' dir='ltr'><strong><em>χώνην.</em></strong></span> <span class='ocrx_word' id='word_1_186' title='bbox 984 2439 1096 2526; x_wconf 81' lang='lat' dir='ltr'>Itaque</span> <span class='ocrx_word' id='word_1_187' title='bbox 1120 2439 1269 2506; x_wconf 81' lang='lat' dir='ltr'>Straboni</span> 
     </span>
     <span class='ocr_line' id='line_1_22' title="bbox 95 2541 1268 2627; baseline 0.007 -23"><span class='ocrx_word' id='word_1_188' title='bbox 95 2541 194 2608; x_wconf 88' lang='lat' dir='ltr'>redde:</span> <span class='ocrx_word' id='word_1_189' title='bbox 230 2547 354 2609; x_wconf 87' lang='grc' dir='ltr'><strong><em>πλύνειν</em></strong></span> <span class='ocrx_word' id='word_1_190' title='bbox 389 2546 420 2608; x_wconf 80' lang='grc' dir='ltr'><strong><em>ἐν</em></strong></span> <span class='ocrx_word' id='word_1_191' title='bbox 453 2546 617 2627; x_wconf 89' lang='grc' dir='ltr'><strong><em>ήθητηρίοις</em></strong></span> <span class='ocrx_word' id='word_1_192' title='bbox 651 2553 798 2618; x_wconf 87' lang='grc' dir='ltr'><strong><em>πλεκτοῖς</em></strong></span> <span class='ocrx_word' id='word_1_193' title='bbox 833 2541 917 2626; x_wconf 75' lang='grc' dir='ltr'><strong><em>(εἶτα</em></strong></span> <span class='ocrx_word' id='word_1_194' title='bbox 952 2543 1056 2627; x_wconf 84' lang='grc' dir='ltr'><strong><em>ἀγειν)</em></strong></span> <span class='ocrx_word' id='word_1_195' title='bbox 1090 2547 1140 2612; x_wconf 77' lang='grc' dir='ltr'><strong><em>ἐπί</em></strong></span> <span class='ocrx_word' id='word_1_196' title='bbox 1176 2552 1268 2612; x_wconf 85' lang='grc' dir='ltr'><strong><em>ΤΗΝ</em></strong></span> 
     </span>
     <span class='ocr_line' id='line_1_23' title="bbox 96 2655 251 2716; baseline 0.039 -6"><span class='ocrx_word' id='word_1_197' title='bbox 96 2655 251 2716; x_wconf 83' lang='grc' dir='ltr'><strong><em>ΧΩΝΗΝ.</em></strong></span> 
     </span>
    </p>

    <p class='ocr_par' dir='ltr' id='par_1_4' title="bbox 90 2753 1270 3687">
     <span class='ocr_line' id='line_1_24' title="bbox 133 2753 1267 2845; baseline 0.004 -25"><span class='ocrx_word' id='word_1_198' title='bbox 133 2753 217 2834; x_wconf 79' lang='lat' dir='ltr'><strong><em>Quod</em></strong></span> <span class='ocrx_word' id='word_1_199' title='bbox 247 2757 359 2824; x_wconf 83' lang='lat' dir='ltr'>scribit</span> <span class='ocrx_word' id='word_1_200' title='bbox 383 2756 497 2824; x_wconf 87' lang='lat' dir='ltr'>Strabo</span> <span class='ocrx_word' id='word_1_201' title='bbox 519 2758 597 2824; x_wconf 89' lang='lat' dir='ltr'>ibid.</span> <span class='ocrx_word' id='word_1_202' title='bbox 623 2757 739 2830; x_wconf 87' lang='grc' dir='ltr'><strong><em>τούτοις</em></strong></span> <span class='ocrx_word' id='word_1_203' title='bbox 763 2759 794 2824; x_wconf 84' lang='grc' dir='ltr'><strong><em>δέ</em></strong></span> <span class='ocrx_word' id='word_1_204' title='bbox 819 2758 979 2837; x_wconf 90' lang='grc' dir='ltr'><strong><em>ύπεράγαν</em></strong></span> <span class='ocrx_word' id='word_1_205' title='bbox 1004 2767 1152 2834; x_wconf 88' lang='grc' dir='ltr'><strong><em>λυσιτελή</em></strong></span> <span class='ocrx_word' id='word_1_206' title='bbox 1178 2754 1267 2845; x_wconf 89' lang='grc' dir='ltr'><strong><em>(εἰναι</em></strong></span> 
     </span>
     <span class='ocr_line' id='line_1_25' title="bbox 95 2861 1270 2954; baseline 0.008 -30"><span class='ocrx_word' id='word_1_207' title='bbox 95 2861 141 2932; x_wconf 81' lang='grc' dir='ltr'><strong><em>τήν</em></strong></span> <span class='ocrx_word' id='word_1_208' title='bbox 162 2864 366 2939; x_wconf 83' lang='grc' dir='ltr'><strong><em>μεταλλείαν.</em></strong></span> <span class='ocrx_word' id='word_1_209' title='bbox 391 2864 476 2930; x_wconf 86' lang='lat' dir='ltr'>male</span> <span class='ocrx_word' id='word_1_210' title='bbox 499 2865 649 2931; x_wconf 81' lang='lat' dir='ltr'>Mainake</span> <span class='ocrx_word' id='word_1_211' title='bbox 672 2865 876 2954; x_wconf 83' lang='grc' dir='ltr'><strong><em>λυσιτελεῖν)·</em></strong></span> <span class='ocrx_word' id='word_1_212' title='bbox 901 2873 964 2937; x_wconf 92' lang='grc' dir='ltr'><strong><em>τοῖς</em></strong></span> <span class='ocrx_word' id='word_1_213' title='bbox 985 2865 1041 2943; x_wconf 85' lang='grc' dir='ltr'><strong><em>μέν</em></strong></span> <span class='ocrx_word' id='word_1_214' title='bbox 1061 2876 1270 2947; x_wconf 76' lang='grc' dir='ltr'><strong><em>χαλκουργεῖα</em></strong></span> 
     </span>
     <span class='ocr_line' id='line_1_26' title="bbox 94 2965 1268 3055; baseline 0.007 -26"><span class='ocrx_word' id='word_1_215' title='bbox 94 2965 227 3045; x_wconf 83' lang='grc' dir='ltr'><strong><em>τέταρτον</em></strong></span> <span class='ocrx_word' id='word_1_216' title='bbox 256 2969 344 3048; x_wconf 88' lang='grc' dir='ltr'><strong><em>μέρος</em></strong></span> <span class='ocrx_word' id='word_1_217' title='bbox 375 2969 522 3050; x_wconf 82' lang='grc' dir='ltr'><strong><em>ε’ξάγουσι</em></strong></span> <span class='ocrx_word' id='word_1_218' title='bbox 553 2979 608 3046; x_wconf 85' lang='grc' dir='ltr'><strong><em>τής</em></strong></span> <span class='ocrx_word' id='word_1_219' title='bbox 632 2980 692 3048; x_wconf 75' lang='grc' dir='ltr'><strong><em>γῆς</em></strong></span> <span class='ocrx_word' id='word_1_220' title='bbox 714 2974 766 3038; x_wconf 79' lang='grc' dir='ltr'><strong><em>τὸν</em></strong></span> <span class='ocrx_word' id='word_1_221' title='bbox 789 2973 930 3055; x_wconf 76' lang='grc' dir='ltr'><strong><em>χαλκὸν,</em></strong></span> <span class='ocrx_word' id='word_1_222' title='bbox 955 2978 1012 3036; x_wconf 89' lang='grc' dir='ltr'><strong><em>τῶν</em></strong></span> <span class='ocrx_word' id='word_1_223' title='bbox 1036 2971 1066 3037; x_wconf 81' lang='grc' dir='ltr'><strong><em>δέ</em></strong></span> <span class='ocrx_word' id='word_1_224' title='bbox 1091 2971 1240 3051; x_wconf 90' lang='grc' dir='ltr'><strong><em>ἀργυρενθ</em></strong></span> <span class='ocrx_word' id='word_1_225' title='bbox 1255 3011 1268 3023; x_wconf 94' lang='grc'><strong>-</strong></span> 
     </span>
     <span class='ocr_line' id='line_1_27' title="bbox 94 3077 1264 3158; baseline 0.01 -26"><span class='ocrx_word' id='word_1_226' title='bbox 94 3091 144 3136; x_wconf 92' lang='grc' dir='ltr'><strong><em>των</em></strong></span> <span class='ocrx_word' id='word_1_227' title='bbox 173 3081 229 3139; x_wconf 91' lang='grc' dir='ltr'><strong><em>τῶν</em></strong></span> <span class='ocrx_word' id='word_1_228' title='bbox 256 3077 377 3142; x_wconf 84' lang='grc' dir='ltr'><strong><em>ἰδιωτῶν</em></strong></span> <span class='ocrx_word' id='word_1_229' title='bbox 401 3077 431 3141; x_wconf 81' lang='grc' dir='ltr'><strong><em>ἐν</em></strong></span> <span class='ocrx_word' id='word_1_230' title='bbox 454 3078 547 3157; x_wconf 90' lang='grc' dir='ltr'><strong><em>τρισίν</em></strong></span> <span class='ocrx_word' id='word_1_231' title='bbox 573 3077 699 3155; x_wconf 76' lang='grc' dir='ltr'><strong><em>ἡμέραις</em></strong></span> <span class='ocrx_word' id='word_1_232' title='bbox 724 3080 874 3154; x_wconf 78' lang='grc' dir='ltr'><strong><em>Εὐβοϊκὸν</em></strong></span> <span class='ocrx_word' id='word_1_233' title='bbox 898 3079 1053 3142; x_wconf 89' lang='grc' dir='ltr'><strong><em>τάλαντον</em></strong></span> <span class='ocrx_word' id='word_1_234' title='bbox 1079 3080 1264 3158; x_wconf 84' lang='grc' dir='ltr'><strong><em>ἐξαίρουσιν,</em></strong></span> 
     </span>
     <span class='ocr_line' id='line_1_28' title="bbox 93 3179 1265 3266; baseline 0.008 -26"><span class='ocrx_word' id='word_1_235' title='bbox 93 3179 167 3261; x_wconf 87' lang='lat' dir='ltr'>apud</span> <span class='ocrx_word' id='word_1_236' title='bbox 189 3180 365 3248; x_wconf 91' lang='lat' dir='ltr'>Diodorum</span> <span class='ocrx_word' id='word_1_237' title='bbox 388 3184 434 3247; x_wconf 83' lang='lat' dir='ltr'>sie</span> <span class='ocrx_word' id='word_1_238' title='bbox 457 3183 606 3248; x_wconf 79' lang='lat' dir='ltr'>scribitur</span> <span class='ocrx_word' id='word_1_239' title='bbox 630 3183 666 3248; x_wconf 83' lang='lat' dir='ltr'><strong><em>V.</em></strong></span> <span class='ocrx_word' id='word_1_240' title='bbox 694 3183 736 3249; x_wconf 89' lang='grc'><strong><em>36</em></strong></span> <span class='ocrx_word' id='word_1_241' title='bbox 776 3185 802 3250; x_wconf 85' lang='grc' dir='ltr'><strong><em>οἰ</em></strong></span> <span class='ocrx_word' id='word_1_242' title='bbox 825 3184 881 3260; x_wconf 77' lang='grc' dir='ltr'><strong><em>μέν</em></strong></span> <span class='ocrx_word' id='word_1_243' title='bbox 904 3182 1099 3264; x_wconf 77' lang='grc' dir='ltr'><strong><em>ἐργαζόμενοι</em></strong></span> <span class='ocrx_word' id='word_1_244' title='bbox 1122 3184 1165 3248; x_wconf 84' lang='grc' dir='ltr'><strong><em>τά</em></strong></span> <span class='ocrx_word' id='word_1_245' title='bbox 1181 3201 1265 3266; x_wconf 86' lang='grc' dir='ltr'><strong><em>χαλ-</em></strong></span> 
     </span>
     <span class='ocr_line' id='line_1_29' title="bbox 93 3286 1265 3370; baseline 0.009 -24"><span class='ocrx_word' id='word_1_246' title='bbox 93 3295 227 3364; x_wconf 91' lang='grc' dir='ltr'><strong><em>κουργεῖα</em></strong></span> <span class='ocrx_word' id='word_1_247' title='bbox 256 3286 291 3352; x_wconf 85' lang='grc' dir='ltr'><strong><em>τό</em></strong></span> <span class='ocrx_word' id='word_1_248' title='bbox 324 3287 469 3368; x_wconf 90' lang='grc' dir='ltr'><strong><em>τέταρτον</em></strong></span> <span class='ocrx_word' id='word_1_249' title='bbox 500 3288 586 3368; x_wconf 90' lang='grc' dir='ltr'><strong><em>μέρος</em></strong></span> <span class='ocrx_word' id='word_1_250' title='bbox 618 3294 742 3370; x_wconf 87' lang='grc' dir='ltr'><strong><em>χαλκοῖν</em></strong></span> <span class='ocrx_word' id='word_1_251' title='bbox 773 3292 906 3370; x_wconf 78' lang='grc' dir='ltr'><strong><em>καθαροῦ</em></strong></span> <span class='ocrx_word' id='word_1_252' title='bbox 931 3291 963 3354; x_wconf 82' lang='grc' dir='ltr'><strong><em>ἐκ</em></strong></span> <span class='ocrx_word' id='word_1_253' title='bbox 987 3299 1042 3366; x_wconf 88' lang='grc' dir='ltr'><strong><em>τής</em></strong></span> <span class='ocrx_word' id='word_1_254' title='bbox 1068 3292 1265 3369; x_wconf 81' lang='grc' dir='ltr'><strong><em>ὀρυττομένης</em></strong></span> 
     </span>
     <span class='ocr_line' id='line_1_30' title="bbox 91 3393 1267 3476; baseline -0.004 -12"><span class='ocrx_word' id='word_1_255' title='bbox 91 3399 144 3464; x_wconf 70' lang='grc' dir='ltr'><strong><em>λῆς</em></strong></span> <span class='ocrx_word' id='word_1_256' title='bbox 165 3393 381 3472; x_wconf 81' lang='grc' dir='ltr'><strong><em>λαμβάνουσι,</em></strong></span> <span class='ocrx_word' id='word_1_257' title='bbox 405 3399 464 3458; x_wconf 92' lang='grc' dir='ltr'><strong><em>τῶν</em></strong></span> <span class='ocrx_word' id='word_1_258' title='bbox 489 3393 516 3459; x_wconf 86' lang='grc' dir='ltr'><strong><em>δ’</em></strong></span> <span class='ocrx_word' id='word_1_259' title='bbox 540 3396 763 3475; x_wconf 87' lang='grc' dir='ltr'><strong><em>ἀργυρευόντων</em></strong></span> <span class='ocrx_word' id='word_1_260' title='bbox 786 3398 864 3468; x_wconf 82' lang='grc' dir='ltr'><strong><em>τινές</em></strong></span> <span class='ocrx_word' id='word_1_261' title='bbox 889 3396 1010 3462; x_wconf 77' lang='grc' dir='ltr'><strong><em>ἰδιωτῶν</em></strong></span> <span class='ocrx_word' id='word_1_262' title='bbox 1030 3399 1060 3460; x_wconf 84' lang='grc' dir='ltr'><strong><em>ἕν</em></strong></span> <span class='ocrx_word' id='word_1_263' title='bbox 1079 3395 1173 3476; x_wconf 77' lang='grc' dir='ltr'><strong><em>τρισίν</em></strong></span> <span class='ocrx_word' id='word_1_264' title='bbox 1194 3395 1267 3471; x_wconf 88' lang='grc' dir='ltr'><strong><em>ήμέ-</em></strong></span> 
     </span>
     <span class='ocr_line' id='line_1_31' title="bbox 90 3498 1267 3579; baseline 0.006 -20"><span class='ocrx_word' id='word_1_265' title='bbox 90 3517 161 3573; x_wconf 88' lang='grc' dir='ltr'><strong><em>ραις,</em></strong></span> <span class='ocrx_word' id='word_1_266' title='bbox 177 3500 326 3579; x_wconf 80' lang='grc' dir='ltr'><strong><em>Εὐβοϊκὸν</em></strong></span> <span class='ocrx_word' id='word_1_267' title='bbox 358 3498 507 3578; x_wconf 76' lang='grc' dir='ltr'><strong><em>ἐξαίρουσι</em></strong></span> <span class='ocrx_word' id='word_1_268' title='bbox 538 3504 701 3567; x_wconf 87' lang='grc' dir='ltr'><strong><em>τάλαντον.</em></strong></span> <span class='ocrx_word' id='word_1_269' title='bbox 733 3503 818 3569; x_wconf 86' lang='lat' dir='ltr'>unde</span> <span class='ocrx_word' id='word_1_270' title='bbox 849 3502 998 3570; x_wconf 74' lang='lat' dir='ltr'>Straboni</span> <span class='ocrx_word' id='word_1_271' title='bbox 1024 3503 1162 3569; x_wconf 89' lang='lat' dir='ltr'>reddidit</span> <span class='ocrx_word' id='word_1_272' title='bbox 1185 3501 1267 3568; x_wconf 90' lang='lat' dir='ltr'>Mei-</span> 
     </span>
     <span class='ocr_line' id='line_1_32' title="bbox 91 3602 846 3687; baseline 0.012 -22"><span class='ocrx_word' id='word_1_273' title='bbox 91 3602 178 3668; x_wconf 85' lang='lat' dir='ltr'>ncke:</span> <span class='ocrx_word' id='word_1_274' title='bbox 200 3613 256 3672; x_wconf 89' lang='grc' dir='ltr'><strong><em>τῶν</em></strong></span> <span class='ocrx_word' id='word_1_275' title='bbox 281 3607 312 3672; x_wconf 76' lang='grc' dir='ltr'><strong><em>δὲ</em></strong></span> <span class='ocrx_word' id='word_1_276' title='bbox 334 3607 557 3687; x_wconf 89' lang='grc' dir='ltr'><strong><em>ἀργυρευόντων</em></strong></span> <span class='ocrx_word' id='word_1_277' title='bbox 581 3609 691 3673; x_wconf 88' lang='grc' dir='ltr'><strong><em>τισίν</em></strong></span> <span class='ocrx_word' id='word_1_278' title='bbox 715 3609 846 3674; x_wconf 75' lang='grc' dir='ltr'><strong><em>ἰδιωτῶν.</em></strong></span> 
     </span>
    </p>

    <p class='ocr_par' dir='ltr' id='par_1_5' title="bbox 90 3708 1270 4437">
     <span class='ocr_line' id='line_1_33' title="bbox 129 3708 1266 3800; baseline 0.007 -26"><span class='ocrx_word' id='word_1_279' title='bbox 129 3708 279 3779; x_wconf 85' lang='lat' dir='ltr'>Mendosa</span> <span class='ocrx_word' id='word_1_280' title='bbox 301 3720 349 3778; x_wconf 89' lang='lat' dir='ltr'><strong><em>est</em></strong></span> <span class='ocrx_word' id='word_1_281' title='bbox 371 3715 406 3778; x_wconf 89' lang='lat' dir='ltr'>in</span> <span class='ocrx_word' id='word_1_282' title='bbox 429 3718 584 3800; x_wconf 86' lang='lat' dir='ltr'>proximis</span> <span class='ocrx_word' id='word_1_283' title='bbox 607 3714 771 3782; x_wconf 80' lang='lat' dir='ltr'>Strabonis</span> <span class='ocrx_word' id='word_1_284' title='bbox 795 3717 895 3781; x_wconf 87' lang='lat' dir='ltr'>oratio</span> <span class='ocrx_word' id='word_1_285' title='bbox 913 3715 1008 3781; x_wconf 84' lang='lat' dir='ltr'>haec:</span> <span class='ocrx_word' id='word_1_286' title='bbox 1030 3715 1082 3780; x_wconf 87' lang='grc' dir='ltr'><strong><em>καί</em></strong></span> <span class='ocrx_word' id='word_1_287' title='bbox 1103 3715 1176 3795; x_wconf 82' lang='grc' dir='ltr'><strong><em>πρὸς</em></strong></span> <span class='ocrx_word' id='word_1_288' title='bbox 1195 3715 1266 3790; x_wconf 85' lang='grc' dir='ltr'><strong><em>τοὺς</em></strong></span> 
     </span>
     <span class='ocr_line' id='line_1_34' title="bbox 91 3812 1268 3899; baseline 0.009 -23"><span class='ocrx_word' id='word_1_289' title='bbox 91 3812 117 3878; x_wconf 90' lang='grc' dir='ltr'><strong><em>έν</em></strong></span> <span class='ocrx_word' id='word_1_290' title='bbox 145 3819 255 3890; x_wconf 88' lang='grc' dir='ltr'><strong><em>αύταῖς</em></strong></span> <span class='ocrx_word' id='word_1_291' title='bbox 285 3820 489 3892; x_wconf 82' lang='grc' dir='ltr'><strong><em>ἀπαντῶντας</em></strong></span> <span class='ocrx_word' id='word_1_292' title='bbox 526 3820 684 3898; x_wconf 81' lang='grc' dir='ltr'><strong><em>ποταμοὺς</em></strong></span> <span class='ocrx_word' id='word_1_293' title='bbox 709 3822 861 3892; x_wconf 74' lang='grc' dir='ltr'><strong><em>πολλάκις</em></strong></span> <span class='ocrx_word' id='word_1_294' title='bbox 884 3829 946 3892; x_wconf 85' lang='grc' dir='ltr'><strong><em>τοῖς</em></strong></span> <span class='ocrx_word' id='word_1_295' title='bbox 972 3823 1152 3899; x_wconf 86' lang='grc' dir='ltr'><strong><em>Αἰγυπτίοις</em></strong></span> <span class='ocrx_word' id='word_1_296' title='bbox 1176 3823 1268 3887; x_wconf 88' lang='grc' dir='ltr'><strong><em>ἀναν-</em></strong></span> 
     </span>
     <span class='ocr_line' id='line_1_35' title="bbox 90 3921 1267 4007; baseline 0.01 -25"><span class='ocrx_word' id='word_1_297' title='bbox 90 3921 231 3988; x_wconf 85' lang='grc' dir='ltr'><strong><em>τλούντων</em></strong></span> <span class='ocrx_word' id='word_1_298' title='bbox 254 3925 413 4007; x_wconf 84' lang='grc' dir='ltr'><strong><em>κοχλίαις.</em></strong></span> <span class='ocrx_word' id='word_1_299' title='bbox 460 3926 507 3992; x_wconf 92' lang='lat' dir='ltr'><strong><em>De</em></strong></span> <span class='ocrx_word' id='word_1_300' title='bbox 530 3926 641 3992; x_wconf 86' lang='lat' dir='ltr'>eadem</span> <span class='ocrx_word' id='word_1_301' title='bbox 665 3947 699 3992; x_wconf 91' lang='lat' dir='ltr'>re</span> <span class='ocrx_word' id='word_1_302' title='bbox 721 3924 878 3991; x_wconf 88' lang='lat' dir='ltr'>Diodorus</span> <span class='ocrx_word' id='word_1_303' title='bbox 901 3924 938 3990; x_wconf 89' lang='lat' dir='ltr'><strong><em>V.</em></strong></span> <span class='ocrx_word' id='word_1_304' title='bbox 965 3925 1018 3993; x_wconf 84' lang='lat'><strong><em>37.</em></strong></span> <span class='ocrx_word' id='word_1_305' title='bbox 1042 3927 1135 3992; x_wconf 82' lang='grc' dir='ltr'><strong><em>ἐνίοτε</em></strong></span> <span class='ocrx_word' id='word_1_306' title='bbox 1159 3926 1191 3993; x_wconf 77' lang='grc' dir='ltr'><strong><em>δὲ</em></strong></span> <span class='ocrx_word' id='word_1_307' title='bbox 1215 3928 1267 3994; x_wconf 82' lang='grc' dir='ltr'><strong><em>καὶ</em></strong></span> 
     </span>
     <span class='ocr_line' id='line_1_36' title="bbox 90 4019 1268 4114; baseline 0.008 -23"><span class='ocrx_word' id='word_1_308' title='bbox 90 4030 167 4093; x_wconf 86' lang='grc' dir='ltr'><strong><em>κατά</em></strong></span> <span class='ocrx_word' id='word_1_309' title='bbox 191 4030 284 4107; x_wconf 85' lang='grc' dir='ltr'><strong><em>βάθος</em></strong></span> <span class='ocrx_word' id='word_1_310' title='bbox 307 4033 498 4107; x_wconf 81' lang='grc' dir='ltr'><strong><em>ἐμπίπτουσι</em></strong></span> <span class='ocrx_word' id='word_1_311' title='bbox 521 4040 673 4109; x_wconf 84' lang='grc' dir='ltr'><strong><em>ποταμοῖς</em></strong></span> <span class='ocrx_word' id='word_1_312' title='bbox 697 4035 808 4114; x_wconf 79' lang='grc' dir='ltr'><strong><em>ῥέουσιν</em></strong></span> <span class='ocrx_word' id='word_1_313' title='bbox 834 4031 891 4094; x_wconf 79' lang='grc' dir='ltr'><strong><em>ὑπὸ</em></strong></span> <span class='ocrx_word' id='word_1_314' title='bbox 916 4032 970 4103; x_wconf 78' lang='grc' dir='ltr'><strong><em>τήν</em></strong></span> <span class='ocrx_word' id='word_1_315' title='bbox 994 4041 1063 4112; x_wconf 77' lang='grc' dir='ltr'><strong><em>γῆν.</em></strong></span> <span class='ocrx_word' id='word_1_316' title='bbox 1086 4019 1129 4081; x_wconf 65' lang='lat'><strong><em>&#39;-</em></strong></span> <span class='ocrx_word' id='word_1_317' title='bbox 1148 4036 1268 4113; x_wconf 89' lang='grc' dir='ltr'><strong><em>ἀπαρύ-</em></strong></span> 
     </span>
     <span class='ocr_line' id='line_1_37' title="bbox 90 4125 1267 4219; baseline 0.009 -23"><span class='ocrx_word' id='word_1_318' title='bbox 90 4154 168 4199; x_wconf 90' lang='grc' dir='ltr'><strong><em>τουσι</em></strong></span> <span class='ocrx_word' id='word_1_319' title='bbox 199 4139 260 4217; x_wconf 84' lang='grc' dir='ltr'><strong><em>γάρ</em></strong></span> <span class='ocrx_word' id='word_1_320' title='bbox 289 4140 349 4209; x_wconf 86' lang='grc' dir='ltr'><strong><em>τάς</em></strong></span> <span class='ocrx_word' id='word_1_321' title='bbox 379 4141 477 4219; x_wconf 84' lang='grc' dir='ltr'><strong><em>ῥύσεις</em></strong></span> <span class='ocrx_word' id='word_1_322' title='bbox 510 4125 568 4202; x_wconf 81' lang='grc' dir='ltr'><strong><em>τῶν</em></strong></span> <span class='ocrx_word' id='word_1_323' title='bbox 601 4139 717 4204; x_wconf 88' lang='grc' dir='ltr'><strong><em>ύδάτων</em></strong></span> <span class='ocrx_word' id='word_1_324' title='bbox 747 4147 809 4212; x_wconf 88' lang='grc' dir='ltr'><strong><em>τοῖς</em></strong></span> <span class='ocrx_word' id='word_1_325' title='bbox 841 4139 1068 4216; x_wconf 86' lang='grc' dir='ltr'><strong><em>Αἰγυπτιακοῖς</em></strong></span> <span class='ocrx_word' id='word_1_326' title='bbox 1091 4139 1267 4216; x_wconf 86' lang='grc' dir='ltr'><strong><em>λεγομένοις</em></strong></span> 
     </span>
     <span class='ocr_line' id='line_1_38' title="bbox 90 4240 1266 4324; baseline 0.007 -21"><span class='ocrx_word' id='word_1_327' title='bbox 90 4245 249 4323; x_wconf 85' lang='grc' dir='ltr'><strong><em>κοχλίαις,</em></strong></span> <span class='ocrx_word' id='word_1_328' title='bbox 278 4241 326 4316; x_wconf 84' lang='grc' dir='ltr'><strong><em>οὓς</em></strong></span> <span class='ocrx_word' id='word_1_329' title='bbox 360 4244 551 4324; x_wconf 72' lang='grc' dir='ltr'><strong><em>Ἀρχιμήδης</em></strong></span> <span class='ocrx_word' id='word_1_330' title='bbox 584 4246 597 4310; x_wconf 78' lang='lat' dir='ltr'>i</span> <span class='ocrx_word' id='word_1_331' title='bbox 631 4243 819 4323; x_wconf 75' lang='grc' dir='ltr'><strong><em>Συρακόσιος,</em></strong></span> <span class='ocrx_word' id='word_1_332' title='bbox 840 4240 921 4324; x_wconf 88' lang='grc' dir='ltr'><strong><em>εύρεν</em></strong></span> <span class='ocrx_word' id='word_1_333' title='bbox 945 4240 995 4310; x_wconf 84' lang='grc' dir='ltr'><strong><em>ύτε</em></strong></span> <span class='ocrx_word' id='word_1_334' title='bbox 1020 4244 1201 4323; x_wconf 78' lang='grc' dir='ltr'><strong><em>παρέβαλεν</em></strong></span> <span class='ocrx_word' id='word_1_335' title='bbox 1225 4249 1266 4320; x_wconf 92' lang='grc' dir='ltr'><strong><em>εἰς</em></strong></span> 
     </span>
     <span class='ocr_line' id='line_1_39' title="bbox 90 4347 1270 4437; baseline 0.009 -28"><span class='ocrx_word' id='word_1_336' title='bbox 90 4347 253 4426; x_wconf 84' lang='grc' dir='ltr'><strong><em>Αἰγυπτον.</em></strong></span> <span class='ocrx_word' id='word_1_337' title='bbox 298 4350 371 4418; x_wconf 83' lang='lat' dir='ltr'>Nisi</span> <span class='ocrx_word' id='word_1_338' title='bbox 403 4350 567 4437; x_wconf 86' lang='lat' dir='ltr'>complura</span> <span class='ocrx_word' id='word_1_339' title='bbox 596 4351 681 4437; x_wconf 87' lang='lat' dir='ltr'>apud</span> <span class='ocrx_word' id='word_1_340' title='bbox 712 4350 901 4416; x_wconf 78' lang='lat' dir='ltr'>Strabonem</span> <span class='ocrx_word' id='word_1_341' title='bbox 931 4351 1117 4416; x_wconf 85' lang='lat' dir='ltr'>exciderunt</span> <span class='ocrx_word' id='word_1_342' title='bbox 1142 4354 1270 4420; x_wconf 89' lang='lat' dir='ltr'>restitui</span> 
     </span>
    </p>
   </div>
   <div class='ocr_carea' id='block_1_3' title="bbox 0 0 1522 4968">
    <p class='ocr_par' dir='ltr' id='par_1_6' title="bbox 0 0 1522 4968">
     <span class='ocr_line' id='line_1_40' title="bbox 0 0 1522 4968; baseline 0 5"><span class='ocrx_word' id='word_1_343' title='bbox 0 0 1522 4968; x_wconf 95' lang='lat' dir='ltr'><strong><em> </em></strong></span> 
     </span>
    </p>
   </div>
  </div>
 </body>
</html>
