3086 4968
287 421 346 494 esc
374 447 486 514 operes
515 428 656 514 pretium
684 426 793 492 locum
823 426 1009 494 adscribere.
1044 427 1085 493 sd
1120 427 1284 513 Aristoph.
1325 421 1418 511 Vesper

245 529 334 600 1272
357 539 543 601 annotetur:
571 531 745 614 Ἡλιόδωρος
770 533 856 612 μετόν
879 534 931 598 τόν
953 533 1043 613 ςόχον
1067 532 1103 599 τό
1127 557 1135 573 ·

426 649 646 720 γλωττοποιεῖν
670 641 712 714 εῖς
736 639 779 704 τοὶ
803 639 915 721 πορνεῖ’
940 639 1057 705 εἰσιόνθ’
1083 638 1225 709 ἐαόςοτε.

290 746 348 813 εἰσὶ
378 745 464 813 τόποι
499 749 582 813 ἑπτα
613 749 738 829 ἔχοντες
769 746 891 824 ςιγμόις
923 746 975 810 καὶ
1005 746 1129 825 ἀλόγως
1156 743 1417 833 (susceptura),

245 850 284 918 ὧν
315 855 349 918 ἐκ
379 855 539 937 προχείρου
571 854 628 932 μὲν
659 855 753 935 εὑρεῖν
784 853 836 918 τὸν
867 851 960 931 λόγον
992 856 1044 918 οὖν
1076 850 1133 922 ἔτι.
1167 853 1211 918 τόν
1243 853 1275 917 δὲ
1303 856 1418 918 τοιαῦτα
1455 895 1457 904 .

244 967 468 1026 nouorum
500 969 633 1027 errrore
666 954 712 1026 ὅτι
745 958 962 1038 ὑπολαμβάνω
991 961 1020 1024 ἐν
1044 967 1108 1032 ,τοῖς
1132 968 1328 1024 nrororc
1347 961 1419 1023 οπι-
1524 961 1525 966 ‘

244 1065 380 1150 νροόφοις
409 1066 568 1149 Φόαρέντα
598 1062 644 1134 ότι
671 1067 729 1146 μὲν
750 1072 891 1132 τοσαῦτα
914 1063 947 1141 ἦν
970 1067 1021 1132 τὸν
1045 1067 1169 1146 οὶριόμδν
1191 1066 1371 1144 γνωσθῆναι,
1392 1065 1418 1128 οὐ

245 1174 307 1251 μὴν
330 1174 411 1240 τόνα.
436 1179 468 1239 et
491 1173 592 1240 alius:
616 1172 702 1252 μετα
726 1176 831 1238 τοῦτον
854 1174 914 1258 (ve.
945 1170 1045 1254 1272)
1070 1172 1306 1252 διάλειμμα
1335 1170 1419 1250 εἶχον

247 1278 366 1366 (ἑπτα).
386 1318 428 1328 -
445 1280 531 1358 μετὰ
563 1279 594 1345 δὲ
625 1278 661 1344 τό
691 1279 868 1357 διάλειμμα
897 1280 926 1344 ἐν
950 1287 1076 1352 πολλοῖς
1100 1279 1230 1362 Φέρεται
1254 1278 1341 1361 τόχος
1363 1277 1419 1342 ντὲ.

246 1385 369 1473 Magne
390 1385 504 1452 lecune
526 1389 560 1451 in
583 1385 710 1452 aureolo
732 1384 939 1472 Hippocratis
958 1385 1069 1454 libello
1087 1386 1155 1466 περὶ
1174 1386 1283 1466 ἀέρων,
1302 1384 1420 1466 tisicus,

246 1492 347 1559 τόπον
377 1490 538 1560 Galerium
568 1493 647 1559 elies
676 1514 726 1558 res
756 1498 906 1579 egentem
928 1492 1053 1558 fefellit.
1077 1494 1143 1560 vid.
1167 1495 1312 1559 Μαοοιοο.
1335 1488 1419 1556 1860.

291 1705 401 1772 Eitiem
431 1705 510 1772 olibi
540 1708 574 1770 in
605 1705 751 1770 Midicca
781 1726 856 1792 pag.
891 1704 1418 1791 522.10deprensslecuneest;

248 1817 280 1877 et
302 1816 377 1878 sunt
399 1810 577 1898 complures
598 1810 680 1877 eliae
703 1811 780 1876 olibi
804 1816 836 1876 et
858 1812 943 1897 opud
966 1811 1055 1878 alios.

293 1919 443 2005 Superest
472 1921 507 1984 in
537 1917 761 1984 Demosthenis
793 1917 863 1982 loco
895 1918 1059 1983 mendum.
1106 1917 1240 1984 Editur:
1265 1916 1303 1982 civ
1323 1917 1349 1982 τ’
1369 1914 1420 1992 ἐγὼ

249 2030 298 2108 φῶ
323 2023 362 2090 όν
384 2047 419 2090 τε
442 2027 486 2104 μὴ
509 2030 559 2105 φῶ
583 2024 678 2106 φησὶν
701 2019 797 2101 εῖναι,
820 2024 878 2089 ubi
901 2023 1038 2090 alterum
1061 2025 1112 2106 φῶ
1135 2023 1306 2089 delendum
1329 2026 1371 2088 est
1388 2041 1422 2086 ex
1526 2051 1527 2066 ι

249 2133 359 2198 Attice
389 2131 514 2197 dicendi
543 2129 787 2207 consuetudine,
820 2134 858 2194 ut
886 2131 922 2194 in
951 2129 991 2196 ἄν
1020 2155 1056 2195 τε
1089 2129 1237 2208 βούλησθ’
1263 2129 1301 2194 cio
1321 2154 1353 2194 τε
1373 2127 1421 2206 μή.

250 2236 418 2303 Praetores
440 2234 566 2300 tollitur
588 2235 623 2300 τδ
647 2232 824 2318 κακόφωνον
847 2237 882 2300 in
903 2241 954 2318 φῶ
978 2235 1083 2318 φατόν.

295 2447 376 2535 Peg.
410 2443 486 2510 583.
519 2443 571 2510 12.
606 2467 645 2510 cx
668 2444 691 2511 8
714 2447 1002 2531 receperimzccup’
1025 2445 1110 2512 αὐτὰ
1134 2447 1353 2526 τάδικήματα,
1372 2442 1423 2508 ubi

250 2554 307 2621 elii
327 2556 399 2640 post
421 2550 507 2618 αὐτό
530 2551 646 2618 inutile
664 2550 721 2630 μέν
739 2553 902 2637 inserunt,
922 2556 954 2618 et
973 2573 1047 2640 peg.
1069 2551 1145 2617 583.
1167 2551 1221 2618 85.
1242 2551 1422 2638 scripserim:

251 2658 318 2724 ἐπεῖ
341 2666 399 2724 ΔΕ
421 2679 478 2744 pro
502 2658 605 2733 iurabis
626 2658 657 2723 δέ
678 2662 711 2723 et
734 2659 770 2723 in
791 2657 815 2724 S
839 2657 953 2734 ἐπειδή.

295 2869 376 2958 Peg.
410 2867 485 2934 585.
519 2865 571 2934 17.
604 2863 661 2933 εἶτ’
693 2867 746 2950 ἐφ’
779 2864 798 2950 ᾗ
827 2867 919 2953 οῖδεόρι
948 2868 1036 2934 αὐτοὶ
1068 2868 1228 2950 πορεύεοόε
1259 2868 1369 2945 ταύτην
1395 2866 1424 2930 οῖ

249 2976 485 3055 βεβαιώσαντες
517 2975 583 3051 ἐμοὶ
615 2973 788 3053 βαδιεῖοόε;
822 2974 913 3039 Libri
943 2995 1053 3040 omnes
1081 2973 1115 3051 ἣν
1148 2974 1255 3042 ἄδειαν
1277 2976 1423 3044 mendose.

249 3081 368 3148 Reiske
390 3081 560 3146 substituit
582 3080 748 3159 dativum,
773 3100 868 3165 quem
891 3080 1036 3146 Dindorf.
1060 3086 1190 3168 recepit.
1225 3083 1349 3150 Nollem
1369 3079 1427 3144 fse-

249 3195 331 3256 tum.
380 3185 494 3254 Graeci
525 3186 673 3254 dicebant
701 3186 749 3250 ἐπ’
779 3185 906 3263 ιὀδεόας,
940 3186 990 3251 ἐπὶ
1021 3185 1140 3264 πολλοῖς
1170 3190 1295 3267 οὶδεόας,
1323 3193 1358 3252 ut
1382 3181 1425 3248 ἐπ’

250 3294 400 3374 ἕξονοόας.
445 3293 533 3380 Engo
554 3293 757 3360 scribendum
780 3293 832 3376 ἐφ’
856 3291 889 3370 ἧς
914 3291 1031 3366 οῖδεόας.

295 3504 376 3593 Peg.
401 3501 476 3568 585.
503 3500 555 3568 26.
583 3500 636 3567 ἒοόν
660 3525 694 3567 τε
717 3502 885 3576 διακοοόονς
910 3501 1023 3568 ἐόντε
1046 3502 1167 3585 χιλόονς
1192 3501 1247 3569 ἐοόν
1269 3506 1294 3569 θ’
1312 3499 1427 3570 όπότονς

247 3607 324 3678 ”AN
350 3611 367 3685 ἦ
391 3607 481 3682 πόλις
505 3607 627 3690 subies.
675 3606 777 3674 Sorib.
801 3609 1003 3674 όποοονοΔΗ.

296 3820 377 3908 Peg.
408 3817 485 3884 586.
518 3815 546 3885 7.
582 3817 672 3896 ὑμεῖς
704 3817 757 3883 ἐὰν
787 3817 948 3895 βεβαιῶτε
980 3817 1093 3887 αὐτοὺς
1126 3815 1209 3905 (τοὺς
1242 3817 1360 3898 νόμους)
1381 3814 1427 3880 καῖ

251 3926 413 4010 παρέχητε
437 3923 550 4006 κνρῖονς
574 3922 622 3988 ciel
646 3924 689 4004 τῷ
713 3924 851 4006 δεομένῳ.
888 3925 964 3990 Eece
985 3925 1093 3989 ῖόοναοο
1120 3924 1283 4007 θνῖορόαιοο.
1315 3924 1427 3990 Iterum

252 4013 424 4120 suspoli
442 4034 485 4113 ιρ
508 4030 556 4097 νο
580 4028 720 4109 erepet.
756 4029 817 4095 seu
841 4031 1025 4117 obloquitur
1047 4029 1235 4096 soluens
1254 4031 1429 4097 ermonem:

255 4163 350 4222 „esee
379 4140 481 4203 credas
509 4139 588 4202 όνιοο
612 4136 744 4202 ordinem
766 4159 827 4201 ecee
841 4136 1054 4221 ρονροόανοο,”
1079 4141 1110 4203 et
1133 4139 1255 4204 indicet
1277 4137 1358 4204 locos
1378 4135 1426 4202 eli·

254 4251 333 4334 quot
364 4250 537 4330 corruptos.
585 4243 714 4310 Poterat
745 4242 858 4308 addere
888 4248 1068 4323 sexcentos,
1102 4243 1158 4310 secl
1188 4245 1267 4329 quid
1291 4237 1427 4330 prodestl

253 4353 326 4424 Non
364 4351 481 4439 pendet
514 4369 551 4416 es
584 4352 796 4448 controversis
830 4372 868 4417 ex
903 4352 1096 4417 testimoniis
1129 4350 1284 4418 librorum
1315 4351 1368 4418 sed
1393 4370 1428 4414 er
