3052 4970
837 229 903 300 398

269 423 324 491 sed
347 445 366 490 a
387 422 525 490 Pindaro
555 443 644 489 secus
669 423 872 492 intellectum
897 445 964 491 esse
987 425 1113 512 arguit,
1137 429 1171 490 et
1194 425 1278 510 quod
1298 422 1431 488 Homerus

269 532 484 616 metaphorice
515 531 647 595 dixisset
677 531 711 595 id
735 552 754 597 a
774 532 914 598 Pindaro
937 533 1063 618 proprie
1086 551 1153 597 esse
1177 535 1347 616 acceptum.
1384 528 1433 594 llx-

267 642 422 722 punxerat
443 640 553 702 autern
572 657 702 703 versum
719 639 969 723 praecedentem.
1010 637 1095 717 Quid
1117 634 1302 703 Behlrerusi
1322 635 1433 702 Versum
1509 719 1510 730 ἵ

267 744 446 830 genuinum
469 741 593 827 expulit
616 748 649 808 et
673 764 769 828 quem
791 746 996 810 Aristarchus
1019 744 1111 810 obelo
1138 747 1303 810 notaverat
1324 740 1434 806 fideliter

267 850 408 914 servavit
425 848 596 915 manifesto
615 849 765 935 deceptus
783 871 801 915 a
818 849 997 917 Scholiasta
1015 851 1148 916 Pindari
1166 869 1354 937 quamquem
1376 865 1434 911 eum

267 973 332 1019 non
357 957 511 1020 nominat

803 1181 933 1249 LXXV.

632 1408 900 1459 ussurosmuorurs
925 1409 1096 1460 couuussn.

315 1603 518 1691 Quamquam
549 1627 613 1672 non
644 1605 755 1672 eadem
787 1605 826 1671 de
856 1625 950 1671 causa
982 1609 1090 1670 tamen
1114 1604 1225 1670 eodem
1248 1603 1339 1689 plane
1359 1598 1435 1666 modo

268 1714 301 1776 et
333 1713 369 1775 in
400 1714 540 1797 antiquis
573 1712 863 1778 Alexandrinorum
892 1710 985 1776 libris
1016 1715 1049 1776 et
1079 1713 1114 1775 in
1142 1712 1260 1776 nostris
1290 1706 1435 1776 (lodicibus

268 1821 371 1883 certae
395 1818 551 1902 quaedam
572 1821 818 1905 praepositiones
841 1839 932 1903 saepe
950 1820 1035 1884 inter
1054 1837 1087 1882 se
1108 1817 1348 1882 confunduntur.
1376 1813 1434 1877 Pas

267 1926 330 1988 sim
359 1925 395 1988 in
425 1926 541 1990 nostris
572 1924 657 1990 sarsi
682 1929 715 1990 et
737 1921 823 2002 μετά
845 1928 975 1989 mutant
996 1926 1081 1988 inter
1103 1943 1136 1989 se
1158 1923 1286 1990 locum:
1309 1923 1387 1988 idem
1404 1936 1434 1981 er
1510 1929 1511 1950 ¹

268 2028 444 2094 Aristarchi
467 2032 706 2096 commentariis
728 2050 792 2095 non
816 2050 887 2096 raro
911 2031 1130 2118 eognovimus.

312 2144 352 2199 A.
378 2133 455 2202 424.
501 2137 605 2219 χθιζὸς
630 2134 688 2216 ἶβιν
713 2136 823 2202 κοινὰ
847 2136 951 2201 isira.
1005 2125 1007 2128 ’

313 2250 354 2305 A.
379 2238 455 2306 484.
501 2238 597 2308 ἵκοντο
617 2242 726 2308 κοντοὶ
749 2240 869 2324 esses.

312 2345 490 2434 Didymus:
515 2349 699 2430 Ἀρίςινρχος
723 2347 852 2434 κοντοὶ,
876 2349 910 2414 οὔ
933 2347 1051 2426 μετά.
1075 2348 1128 2414 κιο)
1209 2426 1212 2429 Α

609 2453 741 2537 »χθιζὸς
766 2453 825 2534 ἔβη
850 2455 934 2520 κοινοὶ
959 2453 1087 2521 lesse?

313 2571 347 2625 B.
374 2559 451 2626 163.
498 2560 536 2625 tte
560 2565 611 2626 νῦν
636 2562 722 2627 κοντοὶ
746 2559 831 2631 hadr.

313 2663 497 2732 Scholium:
522 2665 691 2747 ούμνννιονιι
714 2664 799 2748 εἶχον
823 2667 931 2733 κοινοὶ
955 2665 1072 2753 λιιόν,
1097 2665 1165 2731 ἀντὶ
1191 2669 1245 2730 τοῦ
1269 2661 1373 2745 persi.

314 2781 356 2840 Ν.
381 2771 458 2841 227.

471 2877 502 2952 ὅς
524 2885 563 2963 ies
587 2880 649 2947 νέον
673 2880 817 2960 πολέμοιο
841 2881 927 2959 μετὰ
951 2879 1039 2953 κλέος
1063 2877 1243 2954 εἰληλούθει.

311 2983 495 3051 Scholium:
521 2985 728 3071 Ἀριςοφιὶννς
751 2996 870 3054 ΚΑΤΑ
895 2988 993 3059 κλέος.

313 3100 354 3158 Α.
380 3089 456 3156 364.

402 3197 511 3275 priscae
535 3199 563 3263 δ’
586 3201 619 3266 ἐκ
643 3198 794 3279 θαλάμοιο
819 3200 905 3279 μετὰ
930 3197 1017 3271 κλέος
1043 3196 1119 3264 ἵκετ’
1140 3199 1290 3280 Ἀχαιῶν.

265 3301 350 3369 nihil
378 3308 524 3385 notatur,
555 3307 610 3372 sed
640 3306 746 3372 multa
774 3307 908 3373 suadent
930 3309 968 3370 ut
992 3306 1119 3372 credam
1141 3312 1258 3370 ΚΑΤΑ
1280 3296 1363 3372 κλέος
1384 3313 1440 3362 esse

265 3409 436 3476 lectionem
459 3412 694 3478 Aristarcheam
719 3433 853 3497 eamque
876 3412 1046 3496 utrobique
1068 3409 1284 3496 reponendam.

313 3515 391 3597 Quis
414 3520 524 3583 autern
549 3518 711 3584 dubitabit
734 3521 768 3582 in
791 3517 882 3582 Iliad.
907 3526 947 3582 T.
974 3515 1049 3582 346.

495 3625 520 3687 οἱ
543 3623 574 3688 δὲ
598 3624 633 3699 lb
658 3622 749 3688 ἄλλοι
776 3621 928 3703 obpressi
948 3631 1073 3688 ΜΕΤΑ
1101 3620 1230 3688 δεῖπνον.

265 3749 413 3815 reponere
435 3730 469 3795 id
492 3730 576 3815 quod
597 3732 644 3795 rei
666 3735 780 3796 natura
802 3733 834 3794 et
857 3729 983 3794 dicendi
1005 3749 1082 3794 usus
1104 3728 1268 3817 flagitant:

288 3915 291 3920 Ι
630 3834 767 3915 οἵχοντοιι
792 3844 910 3900 ΚΑΤΑ
934 3833 1068 3911 δεῖπνον,

267 3942 301 4007 id
326 3944 373 4006 est
397 3940 614 4015 δειπνήσοντες.
728 4017 732 4022 ,

672 4148 748 4215 Ἐπί
772 4189 813 4198 -
838 4149 927 4230 προτί
934 4199 943 4229 ,
971 4149 1053 4215 ναοί.

311 4257 381 4322 Hac
402 4276 525 4340 quoque
538 4258 785 4342 praepositiones
804 4257 839 4321 in
850 4255 986 4322 Homeri
998 4255 1193 4321 carminibus
1205 4251 1441 4338 frequentissime

265 4367 350 4432 inter
371 4383 404 4428 se
427 4364 554 4428 misceri
577 4362 710 4429 videbis.
747 4361 784 4427 In
803 4363 863 4428 hac
883 4363 1064 4429 confusione
1082 4382 1146 4427 non
1163 4359 1316 4426 sententia
1334 4356 1442 4422 laborat
