<?xml version="1.0" encoding="UTF-8"?>
<!DOCTYPE html PUBLIC "-//W3C//DTD XHTML 1.0 Transitional//EN"
    "http://www.w3.org/TR/xhtml1/DTD/xhtml1-transitional.dtd">
<html xmlns="http://www.w3.org/1999/xhtml" xml:lang="en" lang="en">
 <head>
  <title>
</title>
<meta http-equiv="Content-Type" content="text/html;charset=utf-8" />
  <meta name='ocr-system' content='tesseract 3.04.00' />
  <meta name='ocr-capabilities' content='ocr_page ocr_carea ocr_par ocr_line ocrx_word'/>
</head>
<body>
  <div class='ocr_page' id='page_1' title='image "./miscellaneacrit02cobegoog_0151.png"; bbox 0 0 3034 4968; ppageno 0'>
   <div class='ocr_carea' id='block_1_1' title="bbox 641 231 704 302">
    <p class='ocr_par' dir='ltr' id='par_1_1' title="bbox 641 231 704 302">
     <span class='ocr_line' id='line_1_1' title="bbox 641 231 704 302; baseline 0.032 -2"><span class='ocrx_word' id='word_1_1' title='bbox 641 231 704 302; x_wconf 80' lang='lat'><em>129</em></span> 
     </span>
    </p>
   </div>
   <div class='ocr_carea' id='block_1_2' title="bbox 93 421 1264 700">
    <p class='ocr_par' dir='ltr' id='par_1_2' title="bbox 93 421 1264 700">
     <span class='ocr_line' id='line_1_2' title="bbox 130 421 1262 511; baseline 0.007 -25"><span class='ocrx_word' id='word_1_2' title='bbox 130 422 205 511; x_wconf 79' lang='lat' dir='ltr'>Peg.</span> <span class='ocrx_word' id='word_1_3' title='bbox 234 421 310 488; x_wconf 83' lang='grc'><strong>236.</strong></span> <span class='ocrx_word' id='word_1_4' title='bbox 344 423 379 487; x_wconf 80' lang='grc' dir='ltr'><em>τό</em></span> <span class='ocrx_word' id='word_1_5' title='bbox 413 421 614 486; x_wconf 87' lang='grc' dir='ltr'><em>Μαυσύλειον</em></span> <span class='ocrx_word' id='word_1_6' title='bbox 646 425 695 486; x_wconf 76' lang='grc' dir='ltr'><em>ε’πθ</em></span> <span class='ocrx_word' id='word_1_7' title='bbox 734 423 874 502; x_wconf 75' lang='grc' dir='ltr'><em>κρηπῖδος</em></span> <span class='ocrx_word' id='word_1_8' title='bbox 910 425 1031 504; x_wconf 77' lang='grc' dir='ltr'><em>ύφηλῆς</em></span> <span class='ocrx_word' id='word_1_9' title='bbox 1064 427 1262 494; x_wconf 86' lang='grc' dir='ltr'><em>λευκολόθον.</em></span> 
     </span>
     <span class='ocr_line' id='line_1_3' title="bbox 93 527 1264 619; baseline 0.006 -27"><span class='ocrx_word' id='word_1_10' title='bbox 93 529 161 616; x_wconf 81' lang='lat' dir='ltr'>Leg.</span> <span class='ocrx_word' id='word_1_11' title='bbox 185 536 293 593; x_wconf 80' lang='grc' dir='ltr'><em>λευκοῦ</em></span> <span class='ocrx_word' id='word_1_12' title='bbox 317 529 410 592; x_wconf 79' lang='grc' dir='ltr'><em>λίθου.</em></span> <span class='ocrx_word' id='word_1_13' title='bbox 458 527 534 594; x_wconf 85' lang='lat' dir='ltr'>Post</span> <span class='ocrx_word' id='word_1_14' title='bbox 558 549 673 613; x_wconf 82' lang='lat' dir='ltr'>pauoa:</span> <span class='ocrx_word' id='word_1_15' title='bbox 699 530 751 594; x_wconf 78' lang='grc' dir='ltr'><em>καὶ</em></span> <span class='ocrx_word' id='word_1_16' title='bbox 776 527 859 601; x_wconf 80' lang='grc' dir='ltr'><em>οὗτος</em></span> <span class='ocrx_word' id='word_1_17' title='bbox 884 533 966 596; x_wconf 79' lang='grc' dir='ltr'><em>λίθου</em></span> <span class='ocrx_word' id='word_1_18' title='bbox 989 536 1116 617; x_wconf 85' lang='grc' dir='ltr'><em>λευκοῦ,</em></span> <span class='ocrx_word' id='word_1_19' title='bbox 1141 539 1172 598; x_wconf 87' lang='lat' dir='ltr'><em>et</em></span> <span class='ocrx_word' id='word_1_20' title='bbox 1196 556 1264 619; x_wconf 85' lang='lat' dir='ltr'>pas·</span> 
     </span>
     <span class='ocr_line' id='line_1_4' title="bbox 93 636 422 700; baseline -0.006 0"><span class='ocrx_word' id='word_1_21' title='bbox 93 639 141 700; x_wconf 84' lang='lat' dir='ltr'><em>sim</em></span> <span class='ocrx_word' id='word_1_22' title='bbox 166 636 202 700; x_wconf 91' lang='lat' dir='ltr'><em>de</em></span> <span class='ocrx_word' id='word_1_23' title='bbox 225 637 422 699; x_wconf 84' lang='lat' dir='ltr'>marmoreis.</span> 
     </span>
    </p>
   </div>
   <div class='ocr_carea' id='block_1_3' title="bbox 92 845 1264 1150">
    <p class='ocr_par' dir='ltr' id='par_1_3' title="bbox 92 845 1264 1150">
     <span class='ocr_line' id='line_1_5' title="bbox 128 845 1263 936; baseline 0.008 -25"><span class='ocrx_word' id='word_1_24' title='bbox 128 847 202 936; x_wconf 78' lang='lat' dir='ltr'>Pag.</span> <span class='ocrx_word' id='word_1_25' title='bbox 227 845 304 912; x_wconf 79' lang='lat'><strong>239.</strong></span> <span class='ocrx_word' id='word_1_26' title='bbox 337 856 408 920; x_wconf 84' lang='grc' dir='ltr'><em>ταῖς</em></span> <span class='ocrx_word' id='word_1_27' title='bbox 440 848 496 924; x_wconf 82' lang='grc' dir='ltr'><em>μὲν</em></span> <span class='ocrx_word' id='word_1_28' title='bbox 528 845 644 920; x_wconf 83' lang='grc' dir='ltr'><em>ύλλαις</em></span> <span class='ocrx_word' id='word_1_29' title='bbox 678 849 787 914; x_wconf 88' lang='grc' dir='ltr'><em>πόλεσι</em></span> <span class='ocrx_word' id='word_1_30' title='bbox 814 851 969 936; x_wconf 84' lang='grc' dir='ltr'><em>[πλεῖτον]</em></span> <span class='ocrx_word' id='word_1_31' title='bbox 992 853 1026 916; x_wconf 80' lang='grc' dir='ltr'><em>τὸ</em></span> <span class='ocrx_word' id='word_1_32' title='bbox 1049 853 1167 928; x_wconf 76' lang='grc' dir='ltr'><em>εὐερκὲς</em></span> <span class='ocrx_word' id='word_1_33' title='bbox 1193 855 1263 932; x_wconf 84' lang='grc' dir='ltr'><em>πρός</em></span> 
     </span>
     <span class='ocr_line' id='line_1_6' title="bbox 93 954 1264 1036; baseline 0.007 -20"><span class='ocrx_word' id='word_1_34' title='bbox 93 955 198 1030; x_wconf 65' lang='lat' dir='ltr'>syene</span> <span class='ocrx_word' id='word_1_35' title='bbox 230 955 368 1029; x_wconf 75' lang='grc' dir='ltr'><em>τίθεται,</em></span> <span class='ocrx_word' id='word_1_36' title='bbox 406 955 607 1032; x_wconf 79' lang='grc' dir='ltr'><em>Πραινετίνοις</em></span> <span class='ocrx_word' id='word_1_37' title='bbox 637 954 667 1020; x_wconf 76' lang='grc' dir='ltr'><em>δὲ</em></span> <span class='ocrx_word' id='word_1_38' title='bbox 695 957 842 1036; x_wconf 83' lang='grc' dir='ltr'><em>συμφορόι</em></span> <span class='ocrx_word' id='word_1_39' title='bbox 869 957 1048 1034; x_wconf 74' lang='grc' dir='ltr'><em>γεγένηται.</em></span> <span class='ocrx_word' id='word_1_40' title='bbox 1097 958 1175 1032; x_wconf 87' lang='lat' dir='ltr'>Dele</span> <span class='ocrx_word' id='word_1_41' title='bbox 1197 979 1264 1024; x_wconf 89' lang='lat' dir='ltr'><em>mo·</em></span> 
     </span>
     <span class='ocr_line' id='line_1_7' title="bbox 92 1057 1102 1150; baseline 0.005 -27"><span class='ocrx_word' id='word_1_42' title='bbox 92 1057 195 1124; x_wconf 89' lang='lat' dir='ltr'>lestnm</span> <span class='ocrx_word' id='word_1_43' title='bbox 219 1065 251 1124; x_wconf 89' lang='lat' dir='ltr'><em>et</em></span> <span class='ocrx_word' id='word_1_44' title='bbox 275 1081 368 1124; x_wconf 85' lang='lat' dir='ltr'>sensu</span> <span class='ocrx_word' id='word_1_45' title='bbox 389 1081 528 1126; x_wconf 83' lang='lat' dir='ltr'>vaenum</span> <span class='ocrx_word' id='word_1_46' title='bbox 553 1069 677 1129; x_wconf 83' lang='grc' dir='ltr'><em>πλεῖςον</em></span> <span class='ocrx_word' id='word_1_47' title='bbox 702 1083 718 1128; x_wconf 89' lang='lat' dir='ltr'>e</span> <span class='ocrx_word' id='word_1_48' title='bbox 742 1063 958 1150; x_wconf 83' lang='lat' dir='ltr'>dittographia</span> <span class='ocrx_word' id='word_1_49' title='bbox 979 1069 1102 1130; x_wconf 88' lang='lat' dir='ltr'>natum.</span> 
     </span>
    </p>
   </div>
   <div class='ocr_carea' id='block_1_4' title="bbox 91 1271 1264 1571">
    <p class='ocr_par' dir='ltr' id='par_1_4' title="bbox 91 1271 1264 1571">
     <span class='ocr_line' id='line_1_8' title="bbox 129 1271 1264 1359; baseline 0.004 -23"><span class='ocrx_word' id='word_1_50' title='bbox 129 1271 249 1338; x_wconf 72' lang='lat' dir='ltr'>Ssansso</span> <span class='ocrx_word' id='word_1_51' title='bbox 272 1294 346 1359; x_wconf 83' lang='lat' dir='ltr'>pag.</span> <span class='ocrx_word' id='word_1_52' title='bbox 368 1271 445 1336; x_wconf 74' lang='lat'>242.</span> <span class='ocrx_word' id='word_1_53' title='bbox 479 1272 620 1348; x_wconf 73' lang='grc' dir='ltr'><em>κρείττων</em></span> <span class='ocrx_word' id='word_1_54' title='bbox 644 1274 681 1337; x_wconf 78' lang='grc' dir='ltr'><em>ὢν</em></span> <span class='ocrx_word' id='word_1_55' title='bbox 705 1272 807 1347; x_wconf 82' lang='grc' dir='ltr'><em>ποθσης</em></span> <span class='ocrx_word' id='word_1_56' title='bbox 832 1275 884 1338; x_wconf 69' lang='grc' dir='ltr'><em>καὶ</em></span> <span class='ocrx_word' id='word_1_57' title='bbox 909 1273 1012 1353; x_wconf 76' lang='grc' dir='ltr'><em>ὀρύζης</em></span> <span class='ocrx_word' id='word_1_58' title='bbox 1038 1276 1090 1339; x_wconf 77' lang='grc' dir='ltr'><em>καὶ</em></span> <span class='ocrx_word' id='word_1_59' title='bbox 1116 1277 1145 1339; x_wconf 78' lang='grc' dir='ltr'><em>ἓν</em></span> <span class='ocrx_word' id='word_1_60' title='bbox 1168 1276 1264 1356; x_wconf 64' lang='lat' dir='ltr'><em>onya</em></span> 
     </span>
     <span class='ocr_line' id='line_1_9' title="bbox 93 1379 1264 1466; baseline 0.005 -26"><span class='ocrx_word' id='word_1_61' title='bbox 93 1389 195 1453; x_wconf 70' lang='grc' dir='ltr'><em>σιτικῆς</em></span> <span class='ocrx_word' id='word_1_62' title='bbox 220 1386 344 1460; x_wconf 75' lang='grc' dir='ltr'><em>τροφῆς.</em></span> <span class='ocrx_word' id='word_1_63' title='bbox 392 1379 534 1444; x_wconf 86' lang='lat' dir='ltr'>Duarum</span> <span class='ocrx_word' id='word_1_64' title='bbox 568 1380 770 1446; x_wconf 86' lang='lat' dir='ltr'>liternlarnm</span> <span class='ocrx_word' id='word_1_65' title='bbox 802 1384 1004 1466; x_wconf 80' lang='lat' dir='ltr'>transpositio</span> <span class='ocrx_word' id='word_1_66' title='bbox 1037 1383 1125 1448; x_wconf 88' lang='lat' dir='ltr'>dabit</span> <span class='ocrx_word' id='word_1_67' title='bbox 1155 1403 1264 1448; x_wconf 88' lang='lat' dir='ltr'>veram</span> 
     </span>
     <span class='ocr_line' id='line_1_10' title="bbox 91 1484 739 1571; baseline 0.003 -22"><span class='ocrx_word' id='word_1_68' title='bbox 91 1484 264 1563; x_wconf 82' lang='lat' dir='ltr'>lectionem,</span> <span class='ocrx_word' id='word_1_69' title='bbox 291 1506 372 1571; x_wconf 91' lang='lat' dir='ltr'>quae</span> <span class='ocrx_word' id='word_1_70' title='bbox 393 1485 471 1550; x_wconf 87' lang='lat' dir='ltr'>haee</span> <span class='ocrx_word' id='word_1_71' title='bbox 491 1492 555 1550; x_wconf 89' lang='lat' dir='ltr'>est:</span> <span class='ocrx_word' id='word_1_72' title='bbox 581 1486 622 1550; x_wconf 76' lang='grc' dir='ltr'><em>ἑνὶ</em></span> <span class='ocrx_word' id='word_1_73' title='bbox 646 1486 739 1568; x_wconf 77' lang='grc' dir='ltr'><em>λόγῳ.</em></span> 
     </span>
    </p>
   </div>
   <div class='ocr_carea' id='block_1_5' title="bbox 81 1697 1264 3260">
    <p class='ocr_par' dir='ltr' id='par_1_5' title="bbox 86 1697 1264 2632">
     <span class='ocr_line' id='line_1_11' title="bbox 128 1697 1261 1785; baseline 0.004 -24"><span class='ocrx_word' id='word_1_74' title='bbox 128 1697 201 1785; x_wconf 79' lang='lat' dir='ltr'>Peg.</span> <span class='ocrx_word' id='word_1_75' title='bbox 226 1697 303 1763; x_wconf 81' lang='grc'><strong>245.</strong></span> <span class='ocrx_word' id='word_1_76' title='bbox 335 1701 468 1763; x_wconf 81' lang='grc' dir='ltr'><em>τοιαῦτα</em></span> <span class='ocrx_word' id='word_1_77' title='bbox 499 1699 555 1774; x_wconf 83' lang='grc' dir='ltr'><em>μὲν</em></span> <span class='ocrx_word' id='word_1_78' title='bbox 586 1700 611 1762; x_wconf 83' lang='grc' dir='ltr'><em>οἱ</em></span> <span class='ocrx_word' id='word_1_79' title='bbox 640 1699 694 1778; x_wconf 81' lang='grc' dir='ltr'><em>πρὸ</em></span> <span class='ocrx_word' id='word_1_80' title='bbox 721 1702 804 1776; x_wconf 74' lang='grc' dir='ltr'><em>ἡμῶν</em></span> <span class='ocrx_word' id='word_1_81' title='bbox 829 1699 1050 1776; x_wconf 67' lang='grc' dir='ltr'><em>ἐμυθολόγουν,</em></span> <span class='ocrx_word' id='word_1_82' title='bbox 1078 1700 1138 1763; x_wconf 78' lang='grc' dir='ltr'><em>νυνὶ</em></span> <span class='ocrx_word' id='word_1_83' title='bbox 1164 1700 1195 1766; x_wconf 79' lang='grc' dir='ltr'><em>δὲ</em></span> <span class='ocrx_word' id='word_1_84' title='bbox 1221 1739 1261 1750; x_wconf 88' lang='grc'>-</span> 
     </span>
     <span class='ocr_line' id='line_1_12' title="bbox 91 1799 1261 1882; baseline 0.005 -18"><span class='ocrx_word' id='word_1_85' title='bbox 91 1799 194 1868; x_wconf 85' lang='grc' dir='ltr'><em>θτοντ’</em></span> <span class='ocrx_word' id='word_1_86' title='bbox 228 1807 328 1868; x_wconf 77' lang='grc' dir='ltr'><em>ἐκεῖνα</em></span> <span class='ocrx_word' id='word_1_87' title='bbox 360 1803 483 1882; x_wconf 85' lang='grc' dir='ltr'><em>Ἐφθνη</em></span> <span class='ocrx_word' id='word_1_88' title='bbox 514 1807 618 1878; x_wconf 81' lang='grc' dir='ltr'><em>μῦθος.</em></span> <span class='ocrx_word' id='word_1_89' title='bbox 666 1804 748 1869; x_wconf 86' lang='lat' dir='ltr'>Vera</span> <span class='ocrx_word' id='word_1_90' title='bbox 770 1805 865 1869; x_wconf 82' lang='lat' dir='ltr'>lectio</span> <span class='ocrx_word' id='word_1_91' title='bbox 888 1811 935 1870; x_wconf 81' lang='lat' dir='ltr'><em>est</em></span> <span class='ocrx_word' id='word_1_92' title='bbox 960 1804 1133 1882; x_wconf 83' lang='grc' dir='ltr'><em>ἈΝεφοθνη</em></span> <span class='ocrx_word' id='word_1_93' title='bbox 1158 1807 1261 1880; x_wconf 86' lang='grc' dir='ltr'><em>μῦθος.</em></span> 
     </span>
     <span class='ocr_line' id='line_1_13' title="bbox 90 1906 1260 1994; baseline 0.003 -24"><span class='ocrx_word' id='word_1_94' title='bbox 90 1906 184 1976; x_wconf 84' lang='lat' dir='ltr'>Habet</span> <span class='ocrx_word' id='word_1_95' title='bbox 207 1914 293 1976; x_wconf 89' lang='lat' dir='ltr'>enim</span> <span class='ocrx_word' id='word_1_96' title='bbox 316 1911 376 1975; x_wconf 89' lang='lat' dir='ltr'><em>hoo</em></span> <span class='ocrx_word' id='word_1_97' title='bbox 399 1912 533 1975; x_wconf 88' lang='lat' dir='ltr'>verbum</span> <span class='ocrx_word' id='word_1_98' title='bbox 557 1917 675 1975; x_wconf 86' lang='lat' dir='ltr'>certam</span> <span class='ocrx_word' id='word_1_99' title='bbox 700 1910 807 1974; x_wconf 83' lang='lat' dir='ltr'>sedem</span> <span class='ocrx_word' id='word_1_100' title='bbox 831 1911 864 1972; x_wconf 86' lang='grc' dir='ltr'><em>ιἰι</em></span> <span class='ocrx_word' id='word_1_101' title='bbox 879 1911 1070 1994; x_wconf 73' lang='lat' dir='ltr'><em>frendeant</em></span> <span class='ocrx_word' id='word_1_102' title='bbox 1091 1934 1190 1974; x_wconf 77' lang='lat' dir='ltr'><em>errore</em></span> <span class='ocrx_word' id='word_1_103' title='bbox 1206 1935 1260 1994; x_wconf 82' lang='lat' dir='ltr'><em>po-</em></span> 
     </span>
     <span class='ocr_line' id='line_1_14' title="bbox 90 2016 1262 2102; baseline 0.005 -26"><span class='ocrx_word' id='word_1_104' title='bbox 90 2016 205 2098; x_wconf 81' lang='lat' dir='ltr'><em>tefacto‚</em></span> <span class='ocrx_word' id='word_1_105' title='bbox 230 2023 262 2081; x_wconf 84' lang='lat' dir='ltr'><em>et</em></span> <span class='ocrx_word' id='word_1_106' title='bbox 284 2018 312 2080; x_wconf 79' lang='lat' dir='ltr'><em>ai</em></span> <span class='ocrx_word' id='word_1_107' title='bbox 334 2041 417 2102; x_wconf 81' lang='lat' dir='ltr'><em>quem</em></span> <span class='ocrx_word' id='word_1_108' title='bbox 439 2039 503 2099; x_wconf 76' lang='lat' dir='ltr'>apes</span> <span class='ocrx_word' id='word_1_109' title='bbox 525 2023 577 2078; x_wconf 82' lang='grc' dir='ltr'><em>οαό</em></span> <span class='ocrx_word' id='word_1_110' title='bbox 596 2017 778 2099; x_wconf 77' lang='grc' dir='ltr'><em>,ουνροοίυόιύ</em></span> <span class='ocrx_word' id='word_1_111' title='bbox 794 2016 937 2100; x_wconf 75' lang='lat' dir='ltr'><em>fefellit,</em></span> <span class='ocrx_word' id='word_1_112' title='bbox 962 2022 999 2080; x_wconf 86' lang='lat' dir='ltr'><em>ut</em></span> <span class='ocrx_word' id='word_1_113' title='bbox 1022 2018 1056 2080; x_wconf 90' lang='lat' dir='ltr'><em>in</em></span> <span class='ocrx_word' id='word_1_114' title='bbox 1078 2019 1262 2101; x_wconf 84' lang='lat' dir='ltr'>proverbio:</span> 
     </span>
     <span class='ocr_line' id='line_1_15' title="bbox 89 2117 1263 2202; baseline 0.007 -20"><span class='ocrx_word' id='word_1_115' title='bbox 89 2117 222 2200; x_wconf 84' lang='grc' dir='ltr'><em>θινόροικες</em></span> <span class='ocrx_word' id='word_1_116' title='bbox 259 2126 331 2199; x_wconf 78' lang='grc' dir='ltr'><em>ημῖν</em></span> <span class='ocrx_word' id='word_1_117' title='bbox 367 2123 381 2186; x_wconf 84' lang='grc' dir='ltr'><em>θ</em></span> <span class='ocrx_word' id='word_1_118' title='bbox 416 2125 561 2200; x_wconf 80' lang='grc' dir='ltr'><em>θησαυρὸς</em></span> <span class='ocrx_word' id='word_1_119' title='bbox 604 2121 813 2202; x_wconf 69' lang='grc' dir='ltr'><em>ἀναπέφηνεν.</em></span> <span class='ocrx_word' id='word_1_120' title='bbox 863 2121 1022 2186; x_wconf 77' lang='lat' dir='ltr'>Lucienus</span> <span class='ocrx_word' id='word_1_121' title='bbox 1056 2125 1089 2186; x_wconf 90' lang='lat' dir='ltr'><em>in</em></span> <span class='ocrx_word' id='word_1_122' title='bbox 1117 2122 1263 2202; x_wconf 75' lang='lat' dir='ltr'><em>¹Timone</em></span> 
     </span>
     <span class='ocr_line' id='line_1_16' title="bbox 88 2226 1262 2309; baseline 0.005 -22"><span class='ocrx_word' id='word_1_123' title='bbox 88 2228 188 2309; x_wconf 81' lang='lat' dir='ltr'>oapl</span> <span class='ocrx_word' id='word_1_124' title='bbox 233 2226 364 2294; x_wconf 73' lang='grc' dir='ltr'><em>ἅπαντα</em></span> <span class='ocrx_word' id='word_1_125' title='bbox 404 2231 466 2306; x_wconf 78' lang='grc' dir='ltr'><em>γὰρ</em></span> <span class='ocrx_word' id='word_1_126' title='bbox 500 2233 603 2291; x_wconf 82' lang='grc' dir='ltr'><em>ταῦτα</em></span> <span class='ocrx_word' id='word_1_127' title='bbox 636 2236 722 2306; x_wconf 74' lang='grc' dir='ltr'><em>λῆρος</em></span> <span class='ocrx_word' id='word_1_128' title='bbox 759 2228 812 2302; x_wconf 77' lang='grc' dir='ltr'><em>ἤδη</em></span> <span class='ocrx_word' id='word_1_129' title='bbox 845 2227 1026 2308; x_wconf 69' lang='grc' dir='ltr'><em>ἀναπέφηνε</em></span> <span class='ocrx_word' id='word_1_130' title='bbox 1059 2228 1110 2292; x_wconf 70' lang='grc' dir='ltr'><em>καὶ</em></span> <span class='ocrx_word' id='word_1_131' title='bbox 1146 2229 1262 2301; x_wconf 85' lang='grc' dir='ltr'><em>καπνὸς</em></span> 
     </span>
     <span class='ocr_line' id='line_1_17' title="bbox 88 2332 1264 2416; baseline 0.009 -24"><span class='ocrx_word' id='word_1_132' title='bbox 88 2335 228 2406; x_wconf 79' lang='grc' dir='ltr'><em>ποιητικὸς</em></span> <span class='ocrx_word' id='word_1_133' title='bbox 252 2337 393 2416; x_wconf 72' lang='grc' dir='ltr'><em>ατεχνῶς</em></span> <span class='ocrx_word' id='word_1_134' title='bbox 417 2332 473 2408; x_wconf 81' lang='grc' dir='ltr'><em>ἔξω</em></span> <span class='ocrx_word' id='word_1_135' title='bbox 498 2340 550 2398; x_wconf 84' lang='grc' dir='ltr'><em>τοῦ</em></span> <span class='ocrx_word' id='word_1_136' title='bbox 576 2334 726 2410; x_wconf 81' lang='grc' dir='ltr'><em>παποθγου</em></span> <span class='ocrx_word' id='word_1_137' title='bbox 750 2342 808 2398; x_wconf 81' lang='grc' dir='ltr'><em>τῶν</em></span> <span class='ocrx_word' id='word_1_138' title='bbox 831 2335 995 2416; x_wconf 82' lang='grc' dir='ltr'><em>όνομοθταν.</em></span> <span class='ocrx_word' id='word_1_139' title='bbox 1043 2335 1148 2402; x_wconf 84' lang='lat' dir='ltr'>Iooose</span> <span class='ocrx_word' id='word_1_140' title='bbox 1170 2336 1264 2403; x_wconf 91' lang='lat' dir='ltr'>Plato</span> 
     </span>
     <span class='ocr_line' id='line_1_18' title="bbox 87 2439 1261 2530; baseline 0.006 -31"><span class='ocrx_word' id='word_1_141' title='bbox 87 2439 120 2501; x_wconf 85' lang='grc' dir='ltr'><em>ύο</em></span> <span class='ocrx_word' id='word_1_142' title='bbox 141 2441 213 2524; x_wconf 79' lang='lat' dir='ltr'>Rep.</span> <span class='ocrx_word' id='word_1_143' title='bbox 245 2463 317 2530; x_wconf 78' lang='lat' dir='ltr'>pag.</span> <span class='ocrx_word' id='word_1_144' title='bbox 346 2439 421 2504; x_wconf 84' lang='grc'><strong>334.</strong></span> <span class='ocrx_word' id='word_1_145' title='bbox 446 2459 477 2504; x_wconf 83' lang='grc' dir='ltr'><em>Δ.</em></span> <span class='ocrx_word' id='word_1_146' title='bbox 506 2442 643 2512; x_wconf 80' lang='grc' dir='ltr'><em>κλέπτης</em></span> <span class='ocrx_word' id='word_1_147' title='bbox 677 2439 737 2519; x_wconf 78' lang='grc' dir='ltr'><em>ἄρα</em></span> <span class='ocrx_word' id='word_1_148' title='bbox 762 2465 808 2511; x_wconf 86' lang='grc' dir='ltr'><em>τις</em></span> <span class='ocrx_word' id='word_1_149' title='bbox 841 2441 854 2504; x_wconf 86' lang='grc' dir='ltr'><em>ό</em></span> <span class='ocrx_word' id='word_1_150' title='bbox 880 2442 992 2512; x_wconf 74' lang='grc' dir='ltr'><em>δίκαιος</em></span> <span class='ocrx_word' id='word_1_151' title='bbox 1018 2442 1261 2522; x_wconf 67' lang='grc' dir='ltr'><em>ἀναπέφανται,</em></span> 
     </span>
     <span class='ocr_line' id='line_1_19' title="bbox 86 2543 1260 2632; baseline 0.005 -24"><span class='ocrx_word' id='word_1_152' title='bbox 86 2547 163 2627; x_wconf 90' lang='lat' dir='ltr'>quod</span> <span class='ocrx_word' id='word_1_153' title='bbox 182 2555 248 2612; x_wconf 85' lang='lat' dir='ltr'>orat</span> <span class='ocrx_word' id='word_1_154' title='bbox 267 2549 428 2632; x_wconf 86' lang='lat' dir='ltr'>impn&#39;mis</span> <span class='ocrx_word' id='word_1_155' title='bbox 448 2543 619 2625; x_wconf 71' lang='grc' dir='ltr'><em>παράδοξον</em></span> <span class='ocrx_word' id='word_1_156' title='bbox 636 2552 667 2610; x_wconf 86' lang='lat' dir='ltr'><em>et</em></span> <span class='ocrx_word' id='word_1_157' title='bbox 686 2553 810 2631; x_wconf 83' lang='lat' dir='ltr'>praeter</span> <span class='ocrx_word' id='word_1_158' title='bbox 825 2551 1092 2632; x_wconf 79' lang='lat' dir='ltr'>exspectationem</span> <span class='ocrx_word' id='word_1_159' title='bbox 1104 2552 1260 2614; x_wconf 87' lang='lat' dir='ltr'>omnium.</span> 
     </span>
    </p>

    <p class='ocr_par' dir='ltr' id='par_1_6' title="bbox 81 2755 1262 3260">
     <span class='ocr_line' id='line_1_20' title="bbox 123 2755 1260 2845; baseline 0.004 -25"><span class='ocrx_word' id='word_1_160' title='bbox 123 2756 200 2845; x_wconf 84' lang='lat' dir='ltr'>Pag.</span> <span class='ocrx_word' id='word_1_161' title='bbox 225 2756 300 2822; x_wconf 79' lang='lat'><strong>248.</strong></span> <span class='ocrx_word' id='word_1_162' title='bbox 333 2756 385 2820; x_wconf 84' lang='grc' dir='ltr'><em>τόν</em></span> <span class='ocrx_word' id='word_1_163' title='bbox 416 2755 566 2830; x_wconf 63' lang='lat' dir='ltr'><em>‘axente</em></span> <span class='ocrx_word' id='word_1_164' title='bbox 598 2756 693 2828; x_wconf 88' lang='grc' dir='ltr'><em>λόφον</em></span> <span class='ocrx_word' id='word_1_165' title='bbox 725 2757 754 2819; x_wconf 78' lang='grc' dir='ltr'><em>ἐν</em></span> <span class='ocrx_word' id='word_1_166' title='bbox 786 2757 866 2838; x_wconf 75' lang='grc' dir='ltr'><em>μέση</em></span> <span class='ocrx_word' id='word_1_167' title='bbox 895 2767 933 2839; x_wconf 69' lang='grc' dir='ltr'><em>τῇ</em></span> <span class='ocrx_word' id='word_1_168' title='bbox 957 2761 1035 2838; x_wconf 79' lang='grc' dir='ltr'><em>νθσςο</em></span> <span class='ocrx_word' id='word_1_169' title='bbox 1060 2758 1260 2836; x_wconf 76' lang='grc' dir='ltr'><em>ΤΙΝαγέντα</em></span> 
     </span>
     <span class='ocr_line' id='line_1_21' title="bbox 84 2862 1258 2942; baseline 0.002 -16"><span class='ocrx_word' id='word_1_170' title='bbox 84 2862 136 2926; x_wconf 82' lang='grc' dir='ltr'><em>ὑπό</em></span> <span class='ocrx_word' id='word_1_171' title='bbox 161 2870 288 2940; x_wconf 78' lang='grc' dir='ltr'><em>σεισμῶν</em></span> <span class='ocrx_word' id='word_1_172' title='bbox 313 2865 490 2938; x_wconf 78' lang='grc' dir='ltr'><em>ύναβαλεῖν</em></span> <span class='ocrx_word' id='word_1_173' title='bbox 514 2868 583 2941; x_wconf 82' lang='grc' dir='ltr'><em>πῦρ.</em></span> <span class='ocrx_word' id='word_1_174' title='bbox 630 2863 798 2928; x_wconf 76' lang='lat' dir='ltr'>Potitioum</span> <span class='ocrx_word' id='word_1_175' title='bbox 823 2870 870 2929; x_wconf 87' lang='lat' dir='ltr'><em>est</em></span> <span class='ocrx_word' id='word_1_176' title='bbox 895 2865 1048 2929; x_wconf 75' lang='grc' dir='ltr'><em>τινάσσειν</em></span> <span class='ocrx_word' id='word_1_177' title='bbox 1074 2873 1105 2930; x_wconf 84' lang='lat' dir='ltr'><em>at</em></span> <span class='ocrx_word' id='word_1_178' title='bbox 1129 2873 1187 2942; x_wconf 76' lang='grc' dir='ltr'><em>γῆς</em></span> <span class='ocrx_word' id='word_1_179' title='bbox 1216 2890 1258 2929; x_wconf 85' lang='grc' dir='ltr'><em>τι·</em></span> 
     </span>
     <span class='ocr_line' id='line_1_22' title="bbox 83 2967 1262 3047; baseline 0.005 -17"><span class='ocrx_word' id='word_1_180' title='bbox 83 2967 204 3047; x_wconf 80' lang='grc' dir='ltr'><em>νύκτωρ.</em></span> <span class='ocrx_word' id='word_1_181' title='bbox 261 2970 427 3034; x_wconf 87' lang='lat' dir='ltr'>Praeterea</span> <span class='ocrx_word' id='word_1_182' title='bbox 469 2977 633 3046; x_wconf 74' lang='grc' dir='ltr'><em>τιναρῆναι</em></span> <span class='ocrx_word' id='word_1_183' title='bbox 669 2973 798 3034; x_wconf 86' lang='lat' dir='ltr'>omnino</span> <span class='ocrx_word' id='word_1_184' title='bbox 833 2991 896 3035; x_wconf 91' lang='lat' dir='ltr'><em>non</em></span> <span class='ocrx_word' id='word_1_185' title='bbox 931 2980 979 3035; x_wconf 89' lang='lat' dir='ltr'><em>est</em></span> <span class='ocrx_word' id='word_1_186' title='bbox 1013 2969 1172 3037; x_wconf 80' lang='lat' dir='ltr'>Graecum</span> <span class='ocrx_word' id='word_1_187' title='bbox 1207 2970 1262 3036; x_wconf 85' lang='lat' dir='ltr'><em>sed</em></span> 
     </span>
     <span class='ocr_line' id='line_1_23' title="bbox 82 3073 1260 3162; baseline 0.005 -27"><span class='ocrx_word' id='word_1_188' title='bbox 82 3079 263 3156; x_wconf 77' lang='grc' dir='ltr'><em>τιναχθῆναι.</em></span> <span class='ocrx_word' id='word_1_189' title='bbox 314 3073 396 3138; x_wconf 84' lang='lat' dir='ltr'>Vera</span> <span class='ocrx_word' id='word_1_190' title='bbox 417 3074 513 3139; x_wconf 84' lang='lat' dir='ltr'>lectio</span> <span class='ocrx_word' id='word_1_191' title='bbox 536 3096 573 3140; x_wconf 84' lang='lat' dir='ltr'><em>ex</em></span> <span class='ocrx_word' id='word_1_192' title='bbox 597 3078 674 3160; x_wconf 88' lang='lat' dir='ltr'>ipsis</span> <span class='ocrx_word' id='word_1_193' title='bbox 699 3073 868 3141; x_wconf 83' lang='lat' dir='ltr'>Codioibus</span> <span class='ocrx_word' id='word_1_194' title='bbox 892 3079 978 3140; x_wconf 88' lang='lat' dir='ltr'>sumi</span> <span class='ocrx_word' id='word_1_195' title='bbox 1001 3083 1121 3162; x_wconf 88' lang='lat' dir='ltr'>potest,</span> <span class='ocrx_word' id='word_1_196' title='bbox 1145 3097 1260 3161; x_wconf 88' lang='lat' dir='ltr'>nempe</span> 
     </span>
     <span class='ocr_line' id='line_1_24' title="bbox 81 3182 874 3260; baseline 0.008 -16"><span class='ocrx_word' id='word_1_197' title='bbox 81 3182 239 3260; x_wconf 76' lang='grc' dir='ltr'><em>Ῥαγὲντα</em></span> <span class='ocrx_word' id='word_1_198' title='bbox 872 3191 874 3197; x_wconf 74' lang='grc'><strong>“</strong></span> 
     </span>
    </p>
   </div>
   <div class='ocr_carea' id='block_1_6' title="bbox 75 3391 1259 3782">
    <p class='ocr_par' dir='ltr' id='par_1_7' title="bbox 75 3391 1259 3782">
     <span class='ocr_line' id='line_1_25' title="bbox 121 3391 1259 3482; baseline 0.003 -25"><span class='ocrx_word' id='word_1_199' title='bbox 121 3391 244 3460; x_wconf 73' lang='grc' dir='ltr'><em>ὃἮιλΒο</em></span> <span class='ocrx_word' id='word_1_200' title='bbox 268 3416 340 3482; x_wconf 81' lang='lat' dir='ltr'>pag.</span> <span class='ocrx_word' id='word_1_201' title='bbox 368 3393 444 3458; x_wconf 81' lang='grc'>249.</span> <span class='ocrx_word' id='word_1_202' title='bbox 476 3393 567 3480; x_wconf 78' lang='lat' dir='ltr'>Sylla</span> <span class='ocrx_word' id='word_1_203' title='bbox 590 3401 724 3465; x_wconf 81' lang='grc' dir='ltr'><em>πολλαῖς</em></span> <span class='ocrx_word' id='word_1_204' title='bbox 757 3394 882 3474; x_wconf 77' lang='grc' dir='ltr'><em>μύχαις</em></span> <span class='ocrx_word' id='word_1_205' title='bbox 912 3399 1098 3466; x_wconf 82' lang='grc' dir='ltr'><em>καταλύσας</em></span> <span class='ocrx_word' id='word_1_206' title='bbox 1123 3397 1177 3469; x_wconf 74' lang='grc' dir='ltr'><em>την</em></span> <span class='ocrx_word' id='word_1_207' title='bbox 1201 3402 1259 3460; x_wconf 82' lang='grc' dir='ltr'><em>τῶν</em></span> 
     </span>
     <span class='ocr_line' id='line_1_26' title="bbox 78 3499 1258 3584; baseline 0.005 -25"><span class='ocrx_word' id='word_1_208' title='bbox 78 3499 255 3564; x_wconf 80' lang='grc' dir='ltr'><em>Ἰταλιωτῶν</em></span> <span class='ocrx_word' id='word_1_209' title='bbox 281 3499 475 3567; x_wconf 78' lang='grc' dir='ltr'><em>ἕπανύτασιν</em></span> <span class='ocrx_word' id='word_1_210' title='bbox 499 3500 622 3572; x_wconf 83' lang='grc' dir='ltr'><em>τούτους</em></span> <span class='ocrx_word' id='word_1_211' title='bbox 648 3499 833 3584; x_wconf 84' lang='lat' dir='ltr'>(Samnites)</span> <span class='ocrx_word' id='word_1_212' title='bbox 860 3502 969 3580; x_wconf 74' lang='grc' dir='ltr'><em>σχεδόν</em></span> <span class='ocrx_word' id='word_1_213' title='bbox 994 3527 1023 3566; x_wconf 94' lang='grc' dir='ltr'><em>τι</em></span> <span class='ocrx_word' id='word_1_214' title='bbox 1047 3500 1153 3578; x_wconf 83' lang='grc' dir='ltr'><em>μόνους</em></span> <span class='ocrx_word' id='word_1_215' title='bbox 1181 3525 1258 3578; x_wconf 82' lang='grc' dir='ltr'><em>συμ·</em></span> 
     </span>
     <span class='ocr_line' id='line_1_27' title="bbox 77 3605 1259 3695; baseline 0.003 -27"><span class='ocrx_word' id='word_1_216' title='bbox 77 3606 219 3680; x_wconf 71' lang='grc' dir='ltr'><em>μένοντας</em></span> <span class='ocrx_word' id='word_1_217' title='bbox 241 3609 318 3686; x_wconf 79' lang='grc' dir='ltr'><em>ἑώρα</em></span> <span class='ocrx_word' id='word_1_218' title='bbox 339 3607 391 3673; x_wconf 84' lang='grc' dir='ltr'><em>καὶ</em></span> <span class='ocrx_word' id='word_1_219' title='bbox 409 3606 515 3684; x_wconf 87' lang='grc' dir='ltr'><em>όμοόας</em></span> <span class='ocrx_word' id='word_1_220' title='bbox 536 3609 781 3686; x_wconf 77' lang='grc' dir='ltr'><em>ὈΜΟροῦντας.</em></span> <span class='ocrx_word' id='word_1_221' title='bbox 818 3605 949 3695; x_wconf 78' lang='lat' dir='ltr'>Corrige</span> <span class='ocrx_word' id='word_1_222' title='bbox 970 3607 1075 3685; x_wconf 82' lang='grc' dir='ltr'><em>ὁμοίοις</em></span> <span class='ocrx_word' id='word_1_223' title='bbox 1098 3612 1259 3688; x_wconf 80' lang='grc' dir='ltr'><em>ΘΛΡρούν-</em></span> 
     </span>
     <span class='ocr_line' id='line_1_28' title="bbox 75 3735 141 3782; baseline 0.045 -9"><span class='ocrx_word' id='word_1_224' title='bbox 75 3735 141 3782; x_wconf 88' lang='grc' dir='ltr'><em>σας.</em></span> 
     </span>
    </p>
   </div>
   <div class='ocr_carea' id='block_1_7' title="bbox 71 3921 1260 4428">
    <p class='ocr_par' dir='ltr' id='par_1_8' title="bbox 71 3921 1260 4428">
     <span class='ocr_line' id='line_1_29' title="bbox 117 3921 1259 4013; baseline 0.001 -25"><span class='ocrx_word' id='word_1_225' title='bbox 117 3921 243 3990; x_wconf 63' lang='lat' dir='ltr'>stanno</span> <span class='ocrx_word' id='word_1_226' title='bbox 263 3947 337 4013; x_wconf 83' lang='lat' dir='ltr'>pag.</span> <span class='ocrx_word' id='word_1_227' title='bbox 363 3923 440 3989; x_wconf 82' lang='lat'>251.</span> <span class='ocrx_word' id='word_1_228' title='bbox 473 3927 613 3990; x_wconf 84' lang='lat' dir='ltr'>exercitu</span> <span class='ocrx_word' id='word_1_229' title='bbox 643 3922 835 3990; x_wconf 84' lang='lat' dir='ltr'>Hannibalis</span> <span class='ocrx_word' id='word_1_230' title='bbox 866 3921 993 4009; x_wconf 81' lang='lat' dir='ltr'>Capuae</span> <span class='ocrx_word' id='word_1_231' title='bbox 1023 3923 1145 3990; x_wconf 87' lang='lat' dir='ltr'>delioiis</span> <span class='ocrx_word' id='word_1_232' title='bbox 1176 3947 1259 3991; x_wconf 89' lang='lat' dir='ltr'>ener-</span> 
     </span>
     <span class='ocr_line' id='line_1_30' title="bbox 73 4030 1260 4111; baseline 0.003 -19"><span class='ocrx_word' id='word_1_233' title='bbox 73 4033 145 4094; x_wconf 85' lang='lat' dir='ltr'>vato</span> <span class='ocrx_word' id='word_1_234' title='bbox 171 4032 186 4092; x_wconf 82' lang='grc' dir='ltr'><em>ὁ</em></span> <span class='ocrx_word' id='word_1_235' title='bbox 208 4032 355 4107; x_wconf 76' lang='grc' dir='ltr'><em>Ἀννίβας</em></span> <span class='ocrx_word' id='word_1_236' title='bbox 388 4030 448 4111; x_wconf 77' lang='grc' dir='ltr'><em>ἔφη</em></span> <span class='ocrx_word' id='word_1_237' title='bbox 482 4037 566 4094; x_wconf 80' lang='grc' dir='ltr'><em>νικῶν</em></span> <span class='ocrx_word' id='word_1_238' title='bbox 598 4031 776 4095; x_wconf 77' lang='grc' dir='ltr'><em>κινδυνεύειν</em></span> <span class='ocrx_word' id='word_1_239' title='bbox 809 4031 858 4093; x_wconf 75' lang='grc' dir='ltr'><em>ε’πὶ</em></span> <span class='ocrx_word' id='word_1_240' title='bbox 890 4039 950 4100; x_wconf 83' lang='grc' dir='ltr'><em>τοῖς</em></span> <span class='ocrx_word' id='word_1_241' title='bbox 978 4030 1093 4111; x_wconf 80' lang='grc' dir='ltr'><em>ἐχθροῖς</em></span> <span class='ocrx_word' id='word_1_242' title='bbox 1118 4033 1260 4108; x_wconf 77' lang='grc' dir='ltr'><em>γενέσθαι</em></span> 
     </span>
     <span class='ocr_line' id='line_1_31' title="bbox 72 4135 1259 4215; baseline 0.002 -15"><span class='ocrx_word' id='word_1_243' title='bbox 72 4142 224 4211; x_wconf 73' lang='grc' dir='ltr'><em>γυναῖκας</em></span> <span class='ocrx_word' id='word_1_244' title='bbox 247 4139 315 4202; x_wconf 73' lang='grc' dir='ltr'><em>ἀντὶ</em></span> <span class='ocrx_word' id='word_1_245' title='bbox 341 4143 398 4202; x_wconf 81' lang='grc' dir='ltr'><em>τῶν</em></span> <span class='ocrx_word' id='word_1_246' title='bbox 424 4137 533 4215; x_wconf 74' lang='grc' dir='ltr'><em>ἀνδρῶν</em></span> <span class='ocrx_word' id='word_1_247' title='bbox 558 4135 627 4206; x_wconf 82' lang='grc' dir='ltr'><em>τοὺς</em></span> <span class='ocrx_word' id='word_1_248' title='bbox 654 4135 825 4214; x_wconf 82' lang='grc' dir='ltr'><em>ςρατιύτας</em></span> <span class='ocrx_word' id='word_1_249' title='bbox 859 4136 1040 4213; x_wconf 70' lang='grc' dir='ltr'><em>ἀπολαβών,</em></span> <span class='ocrx_word' id='word_1_250' title='bbox 1076 4135 1174 4202; x_wconf 76' lang='lat' dir='ltr'>Solib.</span> <span class='ocrx_word' id='word_1_251' title='bbox 1201 4162 1259 4214; x_wconf 75' lang='grc' dir='ltr'><em>γυ·</em></span> 
     </span>
     <span class='ocr_line' id='line_1_32' title="bbox 72 4235 1259 4327; baseline 0.005 -25"><span class='ocrx_word' id='word_1_252' title='bbox 72 4250 184 4311; x_wconf 84' lang='grc' dir='ltr'><em>ναῖκας</em></span> <span class='ocrx_word' id='word_1_253' title='bbox 214 4244 277 4306; x_wconf 55' lang='lat' dir='ltr'><em>se·</em></span> <span class='ocrx_word' id='word_1_254' title='bbox 308 4243 418 4321; x_wconf 80' lang='grc' dir='ltr'><em>ύνδρῶν</em></span> <span class='ocrx_word' id='word_1_255' title='bbox 450 4247 607 4327; x_wconf 82' lang='lat' dir='ltr'>expuncto</span> <span class='ocrx_word' id='word_1_256' title='bbox 640 4240 791 4317; x_wconf 83' lang='lat' dir='ltr'>articulo,</span> <span class='ocrx_word' id='word_1_257' title='bbox 825 4243 878 4306; x_wconf 88' lang='lat' dir='ltr'><em>eui</em></span> <span class='ocrx_word' id='word_1_258' title='bbox 911 4243 993 4306; x_wconf 87' lang='lat' dir='ltr'>nihil</span> <span class='ocrx_word' id='word_1_259' title='bbox 1024 4243 1076 4306; x_wconf 88' lang='lat' dir='ltr'><em>hie</em></span> <span class='ocrx_word' id='word_1_260' title='bbox 1107 4242 1169 4308; x_wconf 85' lang='lat' dir='ltr'>loei</span> <span class='ocrx_word' id='word_1_261' title='bbox 1191 4235 1259 4308; x_wconf 85' lang='lat' dir='ltr'>est.</span> 
     </span>
     <span class='ocr_line' id='line_1_33' title="bbox 71 4343 703 4428; baseline 0.003 -20"><span class='ocrx_word' id='word_1_262' title='bbox 71 4345 177 4428; x_wconf 77' lang='grc' dir='ltr'><em>ἄνδρες</em></span> <span class='ocrx_word' id='word_1_263' title='bbox 202 4345 280 4422; x_wconf 71' lang='lat' dir='ltr'><em>tvm</em></span> <span class='ocrx_word' id='word_1_264' title='bbox 305 4343 361 4414; x_wconf 78' lang='grc' dir='ltr'><em>εἶτ’</em></span> <span class='ocrx_word' id='word_1_265' title='bbox 387 4347 524 4425; x_wconf 74' lang='grc' dir='ltr'><em>ἐγένοντο</em></span> <span class='ocrx_word' id='word_1_266' title='bbox 546 4356 703 4425; x_wconf 72' lang='grc' dir='ltr'><em>γυναῖκες.</em></span> 
     </span>
    </p>
   </div>
   <div class='ocr_carea' id='block_1_8' title="bbox 1095 4455 1108 4498">
    <p class='ocr_par' dir='ltr' id='par_1_9' title="bbox 1095 4455 1108 4498">
     <span class='ocr_line' id='line_1_34' title="bbox 1095 4455 1108 4498; baseline 0 0"><span class='ocrx_word' id='word_1_267' title='bbox 1095 4455 1108 4498; x_wconf 83' lang='lat'><strong>9</strong></span> 
     </span>
    </p>
   </div>
   <div class='ocr_carea' id='block_1_9' title="bbox 0 0 1522 4968">
    <p class='ocr_par' dir='ltr' id='par_1_10' title="bbox 0 0 1522 4968">
     <span class='ocr_line' id='line_1_35' title="bbox 0 0 1522 4968; baseline 0 4"><span class='ocrx_word' id='word_1_268' title='bbox 0 0 1522 4968; x_wconf 95' lang='lat' dir='ltr'><em> </em></span> 
     </span>
    </p>
   </div>
  </div>
 </body>
</html>
