3080 4972
304 395 384 487 Peg.
410 397 462 464 38.
495 399 539 465 24
574 402 657 478 ὑμᾶς
690 399 764 476 άξιῶ
790 440 831 451 -
856 403 901 480 μὴ
932 410 1129 486 παραχωρεῖν
1159 409 1215 476 τῆς
1247 399 1376 478 τάξεως,
1403 386 1431 470 riv
1518 391 1521 510 1

260 502 332 578 ὑμῖν
356 507 381 570 οἰ
405 505 543 585 πρόγονοι
579 505 647 594 [τῆς
679 509 803 591 άρετῆς]
833 509 918 586 μετά
950 517 1071 574 πολλῶν
1102 509 1154 573 καί
1186 515 1288 572 καλῶν
1311 506 1432 571 κινδύνων
1519 515 1521 574 ι

259 611 445 687 κτησάμενον
465 599 643 678 κατέλιπον.
675 613 764 679 Haeo
784 613 952 698 aliquando
969 617 1004 679 in
1022 619 1149 681 vetusto
1168 614 1252 678 libro
1268 615 1313 678 sio
1331 615 1432 696 soripta
1518 657 1519 704 p

258 717 355 782 fuisse
369 722 522 803 suspioor:
1518 715 1519 720 ’

924 830 1122 904 παραχωρεῖν

524 938 579 1005 τῆς
604 929 720 1004 τάξεως
758 921 790 1002 ἣν
826 930 897 1006 ὑμῖν
924 931 949 993 οἰ
981 929 1118 1008 πρόγονον
1165 941 1211 994 rec
1231 934 1317 998 ἂρετλι

525 1035 609 1113 μετά
636 1041 757 1100 πολλῶν
781 1034 833 1099 καί
859 1037 961 1098 καλῶν
981 1035 1118 1099 κινδύνων

523 1140 709 1224 κτησάμενοι
733 1141 911 1205 κατέλιπον.

302 1247 532 1331 Interpretatus
563 1255 610 1310 est
641 1247 756 1331 aliquis
787 1249 822 1309 in
853 1267 906 1310 ora
936 1246 1012 1310 libri
1043 1267 1123 1331 quae
1153 1252 1235 1311 osset
1258 1247 1275 1319 ἡ
1299 1243 1381 1321 τάξις
1402 1241 1430 1316 ἣν

258 1353 326 1430 ὑμῖν
352 1354 376 1416 οἰ
401 1353 538 1430 πρόγονοι
564 1352 748 1429 κατέλιπον,
781 1352 893 1416 deinde
922 1372 959 1416 ea
982 1352 1243 1416 annotatiuncula
1263 1352 1384 1435 irrepsit
1402 1350 1432 1412 in

255 1463 390 1523 textum.
427 1458 519 1522 Nihil
543 1464 589 1523 est
615 1462 632 1535 ἡ
655 1458 744 1534 τάξις
768 1466 823 1531 rio
848 1460 979 1536 άρετίι,
1005 1463 1037 1522 st
1059 1461 1088 1522 si
1111 1460 1347 1542 quammaxime
1365 1455 1432 1518 haee

255 1567 406 1652 coniungi
428 1570 561 1649 possent,
588 1567 659 1648 quis
682 1567 762 1629 serio
785 1565 891 1629 eredat
912 1572 968 1639 τῆς
992 1566 1102 1642 άρετῆο
1125 1564 1183 1630 illo
1208 1563 1277 1629 loeo
1297 1564 1369 1648 poni
1385 1580 1431 1646 po

255 1667 375 1734 tuisse?

298 1912 379 1999 Peg.
394 1912 447 1978 42.
463 1913 482 1977 5
495 1914 533 1978 άν
549 1911 659 1987 tasson
674 1915 866 1991 -ὑμῶν-
882 1916 988 1976 πᾶσαν
1001 1912 1096 1994 άφείς
1120 1914 1174 1986 τίρν
1198 1911 1345 1993 εἰρωνείαν
1368 1905 1431 1974 ἕτοι-

253 2043 309 2096 μος
334 2018 452 2098 ὑπάρξιρ
476 2019 489 2080 ὃ
514 2019 570 2090 μὲν
593 2016 736 2100 χρήματ’
763 2016 842 2097 ἔχων
868 2018 1035 2100 εἰσφέρειν,
1059 2018 1073 2081 ὃ
1100 2021 1126 2083 δ’
1140 2020 1169 2082 ἰν
1188 2018 1292 2101 ἡλικία
1317 2014 1431 2098 ςρατειί-

253 2126 395 2188 εσθαι-
413 2125 455 2188 τά
477 2125 595 2203 ὑμέτερ’
617 2126 716 2187 αὐτῶν
741 2125 902 2201 κομιεῖσθε.
936 2124 1025 2189 Haeo
1044 2126 1173 2209 antiqua
1194 2130 1227 2189 st
1249 2145 1325 2189 vera
1346 2123 1432 2188 lectio

253 2236 317 2306 est,
339 2249 435 2312 quam
455 2232 489 2292 in
507 2231 622 2293 nostris
645 2229 736 2294 libris
759 2232 860 2315 inepti
882 2231 1023 2295 hominis
1042 2231 1297 2296 additamentum
1308 2229 1432 2314 impedi·

252 2341 320 2400 tam
356 2339 388 2399 et
421 2334 590 2399 molestam
625 2334 773 2399 reddidit.
820 2336 936 2400 Editur
966 2339 1052 2400 enim
1077 2332 1194 2413 ἕτοιμος
1220 2341 1431 2401 ΠΡΑΤΤΕΙΝ

253 2440 382 2522 ὑπάρξρ.
431 2440 518 2520 Quae
542 2446 589 2504 est
608 2443 694 2506 enim
718 2443 853 2506 istorum
877 2442 1034 2520 socordia,
1058 2463 1120 2507 non
1142 2443 1226 2508 vidit
1247 2443 1343 2507 homo
1366 2437 1432 2505 ἕτοι-

252 2572 308 2624 μος
335 2585 376 2595 -
402 2547 552 2628 εἰσφέρειν
576 2585 617 2594 -
642 2548 844 2626 sparsissem
877 2551 1045 2613 coniuncta
1076 2569 1142 2612 esse
1169 2553 1201 2612 et
1224 2549 1370 2632 opinatus
1391 2551 1433 2611 est

251 2656 286 2717 in
309 2651 427 2731 ἕτοιμος
458 2650 577 2734 ὑπάρξιρ
598 2652 797 2726 infinitivum
827 2654 968 2739 aliquem
991 2655 1099 2735 οροαάί
1122 2653 1263 2738 suppleri
1287 2658 1431 2740 oportere.

298 2895 388 2974 Quod
404 2914 523 2981 magna
535 2895 568 2959 vi
581 2899 612 2959 et
625 2895 798 2959 acrimonia
808 2894 979 2959 vehemens
991 2898 1094 2958 orator
1106 2894 1228 2959 dixerat
1239 2916 1312 2982 pag.
1327 2893 1380 2960 48.
1396 2889 1432 2958 17

251 3001 366 3066 sciolus
388 3003 496 3084 inepto
527 3001 743 3065 additamento
767 2999 948 3065 debilitavit
972 3007 1003 3064 et
1027 3000 1135 3087 fregit.
1181 2999 1330 3066 Dixerat:
1355 2998 1376 3066 ἃ
1400 2999 1433 3066 οἰν

251 3109 323 3184 ὑμῖν
354 3105 466 3188 οἰρέσκρ
496 3107 730 3186 χειροτονήσατε
762 3103 812 3169 ἵνα
843 3109 887 3182 μδ
918 3113 1079 3170 MONON
1112 3108 1140 3169 ἒν
1163 3116 1226 3178 τοῖς
1250 3109 1433 3190 ψηφίσματι
1525 3177 1526 3186 ¹

250 3216 302 3278 καί
327 3222 398 3282 ταῖς
428 3213 586 3284 ε’πιςολαΐς
618 3220 776 3289 πολεμῆτε
800 3212 956 3292 Φιλίππῳ.
1005 3208 1154 3298 Corrupit
1177 3215 1284 3277 omnia
1307 3216 1363 3298 qui
1384 3212 1434 3276 fri·
1525 3295 1526 3298 Ἴ

248 3319 417 3408 gidissime
439 3318 578 3383 addidit:
603 3318 691 3382 άλλά
715 3317 767 3382 καί
786 3325 850 3398 τοῖς
873 3317 982 3399 ἔρροις.

294 3562 373 3649 Pag.
400 3561 454 3627 49.
480 3562 500 3628 2
523 3561 752 3626 Demosthenes
782 3565 950 3644 postquam
974 3561 1107 3626 civibus*
1122 3561 1223 3625 suasit
1246 3566 1284 3625 ut
1307 3562 1436 3628 classem
1526 3571 1527 3574 ’

249 3672 281 3732 et
311 3670 416 3750 copias
449 3671 667 3751 compararent
696 3686 777 3749 quae
808 3671 912 3730 essent
941 3672 1092 3750 perpetuo
1122 3669 1157 3729 in
1188 3667 1287 3730 armis
1318 3673 1349 3732 et
1372 3669 1436 3731 sine
1526 3667 1527 3674 ’

248 3771 316 3837 ulla
346 3773 581 3836 intermissione
612 3771 652 3835 ad
680 3769 803 3835 bellum
832 3791 906 3834 oum
936 3771 1088 3856 Philippo
1115 3772 1291 3859 gerendum
1315 3778 1436 3858 praesto

248 3879 351 3943 forent
375 3883 407 3942 et
436 3876 641 3941 Macedoniae
673 3896 797 3961 semper
829 3876 961 3941 infestae
992 3880 1215 3955 imminerent,
1245 3879 1293 3942 ita
1315 3880 1435 3964 pergit:

250 3983 383 4062 ὑπάρχει
420 3983 446 4045 δ’
471 3983 541 4059 ὑμῖν
576 3981 730 4062 χειμαδίῳ
764 3983 820 4060 μὲν
853 3985 986 4063 χρῆσθαι
1015 3991 1054 4063 τῇ
1085 3982 1213 4059 δυνάμει
1245 3985 1361 4063 Λήμνῳ
1385 3983 1436 4046 καί

250 4089 343 4170 Θάσῳ
368 4089 421 4152 καί
446 4086 566 4166 Σκιάθῳ
591 4089 641 4151 καί
667 4095 738 4160 ταῖς
763 4089 793 4150 ἐν
817 4087 913 4167 τούτῳ
937 4089 979 4166 τῷ
1003 4087 1085 4167 τόπῳ
1109 4090 1223 4166 νάσοις,
1254 4090 1284 4152 ἐν
1309 4085 1360 4161 αἰς
1386 4089 1435 4152 καί

248 4195 370 4273 λιμένες
402 4194 454 4258 καί
488 4201 570 4265 σῖτος
601 4195 653 4258 καί
676 4187 697 4259 οἰ
721 4197 782 4276 χρὴ
812 4192 1004 4274 ςρατεύματι
1035 4191 1310 4273 πάνθ’,ὑπάρχει·
1334 4197 1389 4268 τὴν
1411 4196 1436 4260 δ’

248 4298 324 4384 οἰραν
349 4305 401 4366 τοῦ
425 4296 529 4378 ἔτινε,
564 4295 613 4364 ὅτε
646 4299 698 4364 καί
728 4300 801 4382 πρὸς
824 4309 862 4383 τῇ
886 4309 929 4381 γῇ
954 4298 1096 4376 γενέσθαι
1120 4299 1217 4384 ρ’ρίδιον
1240 4301 1292 4364 καί
1319 4303 1355 4368 τί
1379 4308 1436 4367 τῶν
