<?xml version="1.0" encoding="UTF-8"?>
<!DOCTYPE html PUBLIC "-//W3C//DTD XHTML 1.0 Transitional//EN"
    "http://www.w3.org/TR/xhtml1/DTD/xhtml1-transitional.dtd">
<html xmlns="http://www.w3.org/1999/xhtml" xml:lang="en" lang="en">
 <head>
  <title>
</title>
<meta http-equiv="Content-Type" content="text/html;charset=utf-8" />
  <meta name='ocr-system' content='tesseract 3.04.00' />
  <meta name='ocr-capabilities' content='ocr_page ocr_carea ocr_par ocr_line ocrx_word'/>
</head>
<body>
  <div class='ocr_page' id='page_1' title='image "./miscellaneacrit02cobegoog_0080.png"; bbox 0 0 3080 4972; ppageno 0'>
   <div class='ocr_carea' id='block_1_1' title="bbox 800 166 843 238">
    <p class='ocr_par' dir='ltr' id='par_1_1' title="bbox 800 166 843 238">
     <span class='ocr_line' id='line_1_1' title="bbox 800 166 843 238; baseline -0.047 0"><span class='ocrx_word' id='word_1_1' title='bbox 800 166 843 238; x_wconf 81' lang='lat'><strong>56</strong></span> 
     </span>
    </p>
   </div>
   <div class='ocr_carea' id='block_1_2' title="bbox 233 356 1416 871">
    <p class='ocr_par' dir='ltr' id='par_1_2' title="bbox 233 356 1416 871">
     <span class='ocr_line' id='line_1_2' title="bbox 461 356 1138 440; baseline 0.006 -15"><span class='ocrx_word' id='word_1_2' title='bbox 461 357 558 440; x_wconf 79' lang='grc' dir='ltr'><strong><em>κάρυξ</em></strong></span> <span class='ocrx_word' id='word_1_3' title='bbox 580 359 678 438; x_wconf 76' lang='grc' dir='ltr'><strong><em>ἐγὼν,</em></strong></span> <span class='ocrx_word' id='word_1_4' title='bbox 702 356 723 424; x_wconf 82' lang='grc' dir='ltr'><strong><em>ὦ</em></strong></span> <span class='ocrx_word' id='word_1_5' title='bbox 748 358 905 440; x_wconf 90' lang='grc' dir='ltr'><strong><em>κυρσάνιε,</em></strong></span> <span class='ocrx_word' id='word_1_6' title='bbox 930 361 978 427; x_wconf 78' lang='grc' dir='ltr'><strong>ναὶ</strong></span> <span class='ocrx_word' id='word_1_7' title='bbox 1002 363 1045 426; x_wconf 80' lang='grc' dir='ltr'><strong>σεδ</strong></span> <span class='ocrx_word' id='word_1_8' title='bbox 1068 362 1138 440; x_wconf 83' lang='grc' dir='ltr'><strong><em>σιά,</em></strong></span> 
     </span>
     <span class='ocr_line' id='line_1_3' title="bbox 461 464 1251 546; baseline 0 -16"><span class='ocrx_word' id='word_1_9' title='bbox 461 464 569 543; x_wconf 80' lang='grc' dir='ltr'><strong><em>ἔμολον</em></strong></span> <span class='ocrx_word' id='word_1_10' title='bbox 591 467 654 530; x_wconf 83' lang='grc' dir='ltr'><strong>άπδ</strong></span> <span class='ocrx_word' id='word_1_11' title='bbox 677 467 828 546; x_wconf 88' lang='grc' dir='ltr'><strong><em>Σπάρτας</em></strong></span> <span class='ocrx_word' id='word_1_12' title='bbox 853 467 918 546; x_wconf 75' lang='grc' dir='ltr'><strong><em>περὶ</em></strong></span> <span class='ocrx_word' id='word_1_13' title='bbox 942 475 1034 532; x_wconf 83' lang='grc' dir='ltr'><strong>ΤΑΝ</strong></span> <span class='ocrx_word' id='word_1_14' title='bbox 1059 467 1251 545; x_wconf 73' lang='grc' dir='ltr'><strong><em>διαλλαγᾶν.</em></strong></span> 
     </span>
     <span class='ocr_line' id='line_1_4' title="bbox 278 569 1414 654; baseline -0.004 -14"><span class='ocrx_word' id='word_1_15' title='bbox 278 572 349 640; x_wconf 89' lang='lat' dir='ltr'><strong>Non</strong></span> <span class='ocrx_word' id='word_1_16' title='bbox 379 569 493 637; x_wconf 87' lang='lat' dir='ltr'><strong>definio</strong></span> <span class='ocrx_word' id='word_1_17' title='bbox 526 575 608 637; x_wconf 83' lang='lat' dir='ltr'><strong>sitne</strong></span> <span class='ocrx_word' id='word_1_18' title='bbox 632 572 812 649; x_wconf 84' lang='grc' dir='ltr'><strong><em>διαλλαγάν</em></strong></span> <span class='ocrx_word' id='word_1_19' title='bbox 836 574 902 653; x_wconf 86' lang='grc' dir='ltr'><strong><em>πέρι</em></strong></span> <span class='ocrx_word' id='word_1_20' title='bbox 927 593 966 637; x_wconf 89' lang='lat' dir='ltr'><strong>an</strong></span> <span class='ocrx_word' id='word_1_21' title='bbox 990 573 1064 654; x_wconf 81' lang='grc' dir='ltr'><strong><em>ὑπὲρ</em></strong></span> <span class='ocrx_word' id='word_1_22' title='bbox 1088 574 1272 650; x_wconf 86' lang='grc' dir='ltr'><strong><em>διαλλαγάν</em></strong></span> <span class='ocrx_word' id='word_1_23' title='bbox 1296 592 1338 637; x_wconf 85' lang='lat' dir='ltr'><strong>en</strong></span> <span class='ocrx_word' id='word_1_24' title='bbox 1359 569 1414 636; x_wconf 84' lang='lat' dir='ltr'><strong>alio</strong></span> 
     </span>
     <span class='ocr_line' id='line_1_5' title="bbox 233 677 1416 758; baseline -0.004 -13"><span class='ocrx_word' id='word_1_25' title='bbox 233 679 328 746; x_wconf 92' lang='lat' dir='ltr'><strong>modo</strong></span> <span class='ocrx_word' id='word_1_26' title='bbox 358 677 579 757; x_wconf 88' lang='lat' dir='ltr'><strong>scribendum,</strong></span> <span class='ocrx_word' id='word_1_27' title='bbox 602 678 658 744; x_wconf 89' lang='lat' dir='ltr'><strong>sed</strong></span> <span class='ocrx_word' id='word_1_28' title='bbox 681 684 805 743; x_wconf 87' lang='lat' dir='ltr'><strong>certum</strong></span> <span class='ocrx_word' id='word_1_29' title='bbox 827 685 875 744; x_wconf 87' lang='lat' dir='ltr'><strong>est</strong></span> <span class='ocrx_word' id='word_1_30' title='bbox 899 678 966 758; x_wconf 74' lang='grc' dir='ltr'><strong><em>περὶ</em></strong></span> <span class='ocrx_word' id='word_1_31' title='bbox 990 682 1049 743; x_wconf 86' lang='grc' dir='ltr'><strong>τάν</strong></span> <span class='ocrx_word' id='word_1_32' title='bbox 1074 679 1257 757; x_wconf 77' lang='grc' dir='ltr'><strong><em>διαλλαγάς</em></strong></span> <span class='ocrx_word' id='word_1_33' title='bbox 1279 699 1354 743; x_wconf 91' lang='lat' dir='ltr'><strong>cum</strong></span> <span class='ocrx_word' id='word_1_34' title='bbox 1375 677 1416 741; x_wconf 89' lang='lat' dir='ltr'><strong>rei</strong></span> 
     </span>
     <span class='ocr_line' id='line_1_6' title="bbox 233 781 1317 871; baseline -0.002 -20"><span class='ocrx_word' id='word_1_35' title='bbox 233 792 348 851; x_wconf 87' lang='lat' dir='ltr'><strong>natura</strong></span> <span class='ocrx_word' id='word_1_36' title='bbox 369 803 522 871; x_wconf 79' lang='lat' dir='ltr'><strong>pugnare.</strong></span> <span class='ocrx_word' id='word_1_37' title='bbox 569 781 685 849; x_wconf 88' lang='lat' dir='ltr'><strong>Nostro</strong></span> <span class='ocrx_word' id='word_1_38' title='bbox 708 782 803 850; x_wconf 84' lang='lat' dir='ltr'>redde</span> <span class='ocrx_word' id='word_1_39' title='bbox 827 783 1008 863; x_wconf 70' lang='grc' dir='ltr'><strong>διαλέγεσθε</strong></span> <span class='ocrx_word' id='word_1_40' title='bbox 1033 785 1099 867; x_wconf 75' lang='grc' dir='ltr'><strong><em>περὶ</em></strong></span> <span class='ocrx_word' id='word_1_41' title='bbox 1123 785 1317 865; x_wconf 78' lang='grc' dir='ltr'><strong><em>ἐπιμαχίας.</em></strong></span> 
     </span>
    </p>
   </div>
   <div class='ocr_carea' id='block_1_3' title="bbox 233 994 1420 2124">
    <p class='ocr_par' dir='ltr' id='par_1_3' title="bbox 233 994 1420 2124">
     <span class='ocr_line' id='line_1_7' title="bbox 275 994 1417 1082; baseline 0.001 -25"><span class='ocrx_word' id='word_1_42' title='bbox 275 994 467 1062; x_wconf 87' lang='lat' dir='ltr'><strong>Personatus</strong></span> <span class='ocrx_word' id='word_1_43' title='bbox 485 995 656 1080; x_wconf 77' lang='lat' dir='ltr'>Philippus</span> <span class='ocrx_word' id='word_1_44' title='bbox 676 996 865 1061; x_wconf 78' lang='lat' dir='ltr'>criminatur</span> <span class='ocrx_word' id='word_1_45' title='bbox 883 997 1093 1062; x_wconf 77' lang='lat' dir='ltr'><strong>Athenienses</strong></span> <span class='ocrx_word' id='word_1_46' title='bbox 1114 996 1198 1082; x_wconf 92' lang='lat' dir='ltr'><strong>quod</strong></span> <span class='ocrx_word' id='word_1_47' title='bbox 1218 995 1417 1062; x_wconf 88' lang='lat' dir='ltr'><strong>amaioribus</strong></span> 
     </span>
     <span class='ocr_line' id='line_1_8' title="bbox 233 1099 1417 1189; baseline -0.002 -24"><span class='ocrx_word' id='word_1_48' title='bbox 233 1101 492 1188; x_wconf 80' lang='lat' dir='ltr'><strong>degenerassent,</strong></span> <span class='ocrx_word' id='word_1_49' title='bbox 524 1103 674 1186; x_wconf 91' lang='lat' dir='ltr'><strong>quoniam</strong></span> <span class='ocrx_word' id='word_1_50' title='bbox 705 1122 815 1189; x_wconf 78' lang='lat' dir='ltr'><strong>regem</strong></span> <span class='ocrx_word' id='word_1_51' title='bbox 845 1100 1017 1168; x_wconf 79' lang='lat' dir='ltr'><strong>Persarum</strong></span> <span class='ocrx_word' id='word_1_52' title='bbox 1040 1105 1075 1167; x_wconf 92' lang='lat' dir='ltr'><strong>in</strong></span> <span class='ocrx_word' id='word_1_53' title='bbox 1098 1099 1267 1170; x_wconf 77' lang='lat' dir='ltr'><strong>Graeciam</strong></span> <span class='ocrx_word' id='word_1_54' title='bbox 1291 1101 1417 1167; x_wconf 83' lang='lat' dir='ltr'><strong>adduce</strong></span> 
     </span>
     <span class='ocr_line' id='line_1_9' title="bbox 234 1205 1417 1291; baseline -0.003 -18"><span class='ocrx_word' id='word_1_55' title='bbox 234 1212 324 1273; x_wconf 87' lang='lat' dir='ltr'><strong>rent:</strong></span> <span class='ocrx_word' id='word_1_56' title='bbox 357 1207 383 1272; x_wconf 81' lang='grc' dir='ltr'><strong>οἱ</strong></span> <span class='ocrx_word' id='word_1_57' title='bbox 415 1206 546 1286; x_wconf 81' lang='grc' dir='ltr'><strong><em>πατέρες</em></strong></span> <span class='ocrx_word' id='word_1_58' title='bbox 572 1205 673 1284; x_wconf 75' lang='grc' dir='ltr'><strong><em>ὑμῶν,</em></strong></span> <span class='ocrx_word' id='word_1_59' title='bbox 698 1207 822 1291; x_wconf 89' lang='lat' dir='ltr'><strong>inquit,</strong></span> <span class='ocrx_word' id='word_1_60' title='bbox 846 1216 909 1280; x_wconf 82' lang='grc' dir='ltr'><strong><em>τοῖς</em></strong></span> <span class='ocrx_word' id='word_1_61' title='bbox 931 1207 1180 1289; x_wconf 77' lang='grc' dir='ltr'><strong><em>Πεισιςρατέδαις</em></strong></span> <span class='ocrx_word' id='word_1_62' title='bbox 1205 1207 1360 1286; x_wconf 76' lang='grc' dir='ltr'><strong>ἐπετίμων</strong></span> <span class='ocrx_word' id='word_1_63' title='bbox 1383 1208 1417 1278; x_wconf 82' lang='grc' dir='ltr'><strong>ιδς</strong></span> 
     </span>
     <span class='ocr_line' id='line_1_10' title="bbox 234 1309 1417 1393; baseline -0.002 -15"><span class='ocrx_word' id='word_1_64' title='bbox 234 1313 387 1391; x_wconf 82' lang='grc' dir='ltr'><strong><em>ἐπάγουσι</em></strong></span> <span class='ocrx_word' id='word_1_65' title='bbox 410 1310 462 1376; x_wconf 73' lang='grc' dir='ltr'><strong>τὸν</strong></span> <span class='ocrx_word' id='word_1_66' title='bbox 484 1309 602 1392; x_wconf 76' lang='grc' dir='ltr'><strong><em>Πέρσην</em></strong></span> <span class='ocrx_word' id='word_1_67' title='bbox 625 1311 676 1376; x_wconf 74' lang='grc' dir='ltr'><strong>ἐπὶ</strong></span> <span class='ocrx_word' id='word_1_68' title='bbox 700 1311 770 1383; x_wconf 83' lang='grc' dir='ltr'><strong><em>τοὺς</em></strong></span> <span class='ocrx_word' id='word_1_69' title='bbox 792 1310 974 1392; x_wconf 74' lang='grc' dir='ltr'><strong><em>Ἕλλανας,</em></strong></span> <span class='ocrx_word' id='word_1_70' title='bbox 1000 1314 1088 1392; x_wconf 78' lang='grc' dir='ltr'><strong><em>ὑμεῖς</em></strong></span> <span class='ocrx_word' id='word_1_71' title='bbox 1113 1314 1140 1379; x_wconf 88' lang='grc' dir='ltr'><strong>δ’</strong></span> <span class='ocrx_word' id='word_1_72' title='bbox 1163 1315 1217 1380; x_wconf 78' lang='grc' dir='ltr'><strong>οὐκ</strong></span> <span class='ocrx_word' id='word_1_73' title='bbox 1238 1313 1417 1393; x_wconf 72' lang='grc' dir='ltr'><strong><em>αἰσχύνεσθε</em></strong></span> 
     </span>
     <span class='ocr_line' id='line_1_11' title="bbox 235 1408 1418 1500; baseline -0.001 -15"><span class='ocrx_word' id='word_1_74' title='bbox 235 1423 342 1485; x_wconf 80' lang='grc' dir='ltr'><strong><em>ταῦτα</em></strong></span> <span class='ocrx_word' id='word_1_75' title='bbox 366 1421 520 1490; x_wconf 78' lang='grc' dir='ltr'><strong><em>πονοῦντες</em></strong></span> <span class='ocrx_word' id='word_1_76' title='bbox 545 1408 566 1483; x_wconf 86' lang='grc' dir='ltr'><strong><em>ά</em></strong></span> <span class='ocrx_word' id='word_1_77' title='bbox 590 1417 756 1484; x_wconf 76' lang='grc' dir='ltr'><strong><em>διετελεῖτε</em></strong></span> <span class='ocrx_word' id='word_1_78' title='bbox 780 1427 843 1490; x_wconf 83' lang='grc' dir='ltr'><strong><em>τοῖς</em></strong></span> <span class='ocrx_word' id='word_1_79' title='bbox 865 1418 1018 1500; x_wconf 71' lang='grc' dir='ltr'><strong><em>τυράννοις</em></strong></span> <span class='ocrx_word' id='word_1_80' title='bbox 1039 1422 1261 1498; x_wconf 71' lang='grc' dir='ltr'><strong><em>ἐγκαλοῦντες.</em></strong></span> <span class='ocrx_word' id='word_1_81' title='bbox 1310 1417 1418 1485; x_wconf 76' lang='lat' dir='ltr'><strong>Suavi-</strong></span> 
     </span>
     <span class='ocr_line' id='line_1_12' title="bbox 236 1524 1419 1604; baseline -0.002 -13"><span class='ocrx_word' id='word_1_82' title='bbox 236 1533 302 1604; x_wconf 89' lang='lat' dir='ltr'><strong>ter,</strong></span> <span class='ocrx_word' id='word_1_83' title='bbox 334 1525 443 1602; x_wconf 89' lang='lat' dir='ltr'><strong>credo,</strong></span> <span class='ocrx_word' id='word_1_84' title='bbox 469 1524 609 1589; x_wconf 86' lang='lat' dir='ltr'><strong>adhaec</strong></span> <span class='ocrx_word' id='word_1_85' title='bbox 633 1524 842 1590; x_wconf 78' lang='lat' dir='ltr'><strong>Athenienses</strong></span> <span class='ocrx_word' id='word_1_86' title='bbox 867 1527 1044 1591; x_wconf 83' lang='lat' dir='ltr'><strong>arrisissent</strong></span> <span class='ocrx_word' id='word_1_87' title='bbox 1066 1527 1177 1591; x_wconf 88' lang='lat' dir='ltr'><strong>mirati</strong></span> <span class='ocrx_word' id='word_1_88' title='bbox 1198 1526 1343 1591; x_wconf 89' lang='lat' dir='ltr'><strong>hominis</strong></span> <span class='ocrx_word' id='word_1_89' title='bbox 1363 1529 1419 1589; x_wconf 82' lang='lat' dir='ltr'><strong>stc</strong></span> 
     </span>
     <span class='ocr_line' id='line_1_13' title="bbox 234 1629 1419 1716; baseline -0.003 -19"><span class='ocrx_word' id='word_1_90' title='bbox 234 1631 397 1697; x_wconf 87' lang='lat' dir='ltr'><strong>liditatem</strong></span> <span class='ocrx_word' id='word_1_91' title='bbox 418 1629 467 1695; x_wconf 91' lang='lat' dir='ltr'><strong>nil</strong></span> <span class='ocrx_word' id='word_1_92' title='bbox 488 1633 638 1695; x_wconf 87' lang='lat' dir='ltr'><strong>interesse</strong></span> <span class='ocrx_word' id='word_1_93' title='bbox 660 1633 803 1715; x_wconf 90' lang='lat' dir='ltr'><strong>putantis</strong></span> <span class='ocrx_word' id='word_1_94' title='bbox 825 1633 910 1697; x_wconf 90' lang='lat' dir='ltr'><strong>inter</strong></span> <span class='ocrx_word' id='word_1_95' title='bbox 933 1632 1148 1698; x_wconf 85' lang='lat' dir='ltr'><strong>Pisistratidas</strong></span> <span class='ocrx_word' id='word_1_96' title='bbox 1170 1633 1292 1716; x_wconf 84' lang='lat' dir='ltr'><strong>patriae</strong></span> <span class='ocrx_word' id='word_1_97' title='bbox 1319 1631 1419 1716; x_wconf 87' lang='lat' dir='ltr'><strong>prodi-</strong></span> 
     </span>
     <span class='ocr_line' id='line_1_14' title="bbox 234 1723 1420 1819; baseline -0.001 -17"><span class='ocrx_word' id='word_1_98' title='bbox 234 1743 318 1803; x_wconf 87' lang='lat' dir='ltr'><strong>tores</strong></span> <span class='ocrx_word' id='word_1_99' title='bbox 348 1735 417 1808; x_wconf 82' lang='grc' dir='ltr'><strong><em>τοὺς</em></strong></span> <span class='ocrx_word' id='word_1_100' title='bbox 450 1723 629 1813; x_wconf 70' lang='grc' dir='ltr'><strong><em>ἐπάγοντας</em></strong></span> <span class='ocrx_word' id='word_1_101' title='bbox 660 1736 712 1800; x_wconf 79' lang='grc' dir='ltr'><strong>τὸν</strong></span> <span class='ocrx_word' id='word_1_102' title='bbox 733 1737 848 1815; x_wconf 76' lang='grc' dir='ltr'><strong><em>Πέρσην</em></strong></span> <span class='ocrx_word' id='word_1_103' title='bbox 874 1735 924 1801; x_wconf 72' lang='grc' dir='ltr'><strong>ἐπὶ</strong></span> <span class='ocrx_word' id='word_1_104' title='bbox 950 1738 1021 1810; x_wconf 82' lang='grc' dir='ltr'><strong><em>τοὺς</em></strong></span> <span class='ocrx_word' id='word_1_105' title='bbox 1043 1736 1202 1812; x_wconf 75' lang='grc' dir='ltr'><strong><em>Ἕλλανας</em></strong></span> <span class='ocrx_word' id='word_1_106' title='bbox 1225 1737 1278 1802; x_wconf 77' lang='grc' dir='ltr'><strong>ἐπὶ</strong></span> <span class='ocrx_word' id='word_1_107' title='bbox 1303 1735 1420 1819; x_wconf 74' lang='grc' dir='ltr'><strong><em>δουλεία</em></strong></span> 
     </span>
     <span class='ocr_line' id='line_1_15' title="bbox 235 1841 1419 1928; baseline -0.002 -20"><span class='ocrx_word' id='word_1_108' title='bbox 235 1850 268 1908; x_wconf 89' lang='lat' dir='ltr'><strong>et</strong></span> <span class='ocrx_word' id='word_1_109' title='bbox 296 1863 363 1908; x_wconf 89' lang='lat' dir='ltr'><strong>sese</strong></span> <span class='ocrx_word' id='word_1_110' title='bbox 393 1842 572 1920; x_wconf 73' lang='grc' dir='ltr'><strong><em>ἐπάγοντας</em></strong></span> <span class='ocrx_word' id='word_1_111' title='bbox 602 1841 744 1921; x_wconf 80' lang='grc' dir='ltr'><strong><em>βασιλέα</em></strong></span> <span class='ocrx_word' id='word_1_112' title='bbox 773 1843 823 1906; x_wconf 77' lang='grc' dir='ltr'><strong>ἐπὶ</strong></span> <span class='ocrx_word' id='word_1_113' title='bbox 857 1844 989 1928; x_wconf 74' lang='grc' dir='ltr'><strong><em>σωτηρία</em></strong></span> <span class='ocrx_word' id='word_1_114' title='bbox 1020 1845 1071 1909; x_wconf 77' lang='grc' dir='ltr'><strong>ἐπὶ</strong></span> <span class='ocrx_word' id='word_1_115' title='bbox 1102 1844 1153 1910; x_wconf 82' lang='grc' dir='ltr'><strong>τὸν</strong></span> <span class='ocrx_word' id='word_1_116' title='bbox 1184 1850 1239 1918; x_wconf 76' lang='grc' dir='ltr'><strong>τῆς</strong></span> <span class='ocrx_word' id='word_1_117' title='bbox 1272 1843 1419 1914; x_wconf 82' lang='grc' dir='ltr'><strong><em>Ἑλλάδος</em></strong></span> 
     </span>
     <span class='ocr_line' id='line_1_16' title="bbox 235 1946 1420 2035; baseline 0.001 -20"><span class='ocrx_word' id='word_1_118' title='bbox 235 1951 399 2027; x_wconf 75' lang='grc' dir='ltr'><strong><em>άλιτάριον.</em></strong></span> <span class='ocrx_word' id='word_1_119' title='bbox 445 1947 604 2014; x_wconf 79' lang='lat' dir='ltr'><strong>Haeccine</strong></span> <span class='ocrx_word' id='word_1_120' title='bbox 627 1968 646 2013; x_wconf 90' lang='lat' dir='ltr'><strong>a</strong></span> <span class='ocrx_word' id='word_1_121' title='bbox 668 1946 820 2033; x_wconf 88' lang='lat' dir='ltr'><strong>Philippo</strong></span> <span class='ocrx_word' id='word_1_122' title='bbox 843 1948 966 2014; x_wconf 90' lang='lat' dir='ltr'><strong>bellum</strong></span> <span class='ocrx_word' id='word_1_123' title='bbox 989 1951 1149 2017; x_wconf 89' lang='lat' dir='ltr'><strong>indicente</strong></span> <span class='ocrx_word' id='word_1_124' title='bbox 1169 1951 1266 2016; x_wconf 85' lang='lat' dir='ltr'><strong>scribi</strong></span> <span class='ocrx_word' id='word_1_125' title='bbox 1284 1951 1420 2035; x_wconf 82' lang='lat' dir='ltr'><strong>potuisse</strong></span> 
     </span>
     <span class='ocr_line' id='line_1_17' title="bbox 236 2051 357 2124; baseline -0.05 0"><span class='ocrx_word' id='word_1_126' title='bbox 236 2051 357 2124; x_wconf 81' lang='lat' dir='ltr'><strong>videril</strong></span> 
     </span>
    </p>
   </div>
   <div class='ocr_carea' id='block_1_4' title="bbox 165 2261 1424 3524">
    <p class='ocr_par' dir='ltr' id='par_1_4' title="bbox 233 2261 1421 2884">
     <span class='ocr_line' id='line_1_18' title="bbox 279 2261 1419 2356; baseline 0.002 -22"><span class='ocrx_word' id='word_1_127' title='bbox 279 2266 360 2356; x_wconf 77' lang='lat' dir='ltr'><strong>Peg.</strong></span> <span class='ocrx_word' id='word_1_128' title='bbox 395 2265 471 2332; x_wconf 90' lang='grc'><strong>161.</strong></span> <span class='ocrx_word' id='word_1_129' title='bbox 505 2263 535 2331; x_wconf 83' lang='grc'><strong>3.</strong></span> <span class='ocrx_word' id='word_1_130' title='bbox 561 2266 613 2332; x_wconf 77' lang='grc' dir='ltr'><strong>καὶ</strong></span> <span class='ocrx_word' id='word_1_131' title='bbox 639 2264 798 2333; x_wconf 81' lang='grc' dir='ltr'><strong><em>Σιτάλκου</em></strong></span> <span class='ocrx_word' id='word_1_132' title='bbox 821 2268 879 2346; x_wconf 79' lang='grc' dir='ltr'><strong>μὲν</strong></span> <span class='ocrx_word' id='word_1_133' title='bbox 902 2267 1128 2347; x_wconf 80' lang='grc' dir='ltr'><strong><em>άποέανάντος,</em></strong></span> <span class='ocrx_word' id='word_1_134' title='bbox 1153 2261 1174 2350; x_wconf 78' lang='grc' dir='ltr'><em>ᾧ</em></span> <span class='ocrx_word' id='word_1_135' title='bbox 1197 2268 1346 2347; x_wconf 76' lang='grc' dir='ltr'><strong><em>μετέδοτε</em></strong></span> <span class='ocrx_word' id='word_1_136' title='bbox 1368 2273 1419 2342; x_wconf 75' lang='grc' dir='ltr'><strong>τῆς</strong></span> 
     </span>
     <span class='ocr_line' id='line_1_19' title="bbox 234 2372 1419 2456; baseline -0.001 -16"><span class='ocrx_word' id='word_1_137' title='bbox 234 2374 415 2450; x_wconf 69' lang='grc' dir='ltr'><strong><em>πολιτείας,</em></strong></span> <span class='ocrx_word' id='word_1_138' title='bbox 449 2373 536 2444; x_wconf 75' lang='grc' dir='ltr'><strong><em>εὐθὺς</em></strong></span> <span class='ocrx_word' id='word_1_139' title='bbox 560 2372 743 2447; x_wconf 78' lang='grc' dir='ltr'><strong><em>ποιήσασθαι</em></strong></span> <span class='ocrx_word' id='word_1_140' title='bbox 769 2374 841 2454; x_wconf 82' lang='grc' dir='ltr'><strong><em>πρὸς</em></strong></span> <span class='ocrx_word' id='word_1_141' title='bbox 865 2375 916 2438; x_wconf 77' lang='grc' dir='ltr'><strong>τὸν</strong></span> <span class='ocrx_word' id='word_1_142' title='bbox 940 2375 1170 2441; x_wconf 83' lang='grc' dir='ltr'><strong><em>άποκτεέναντα</em></strong></span> <span class='ocrx_word' id='word_1_143' title='bbox 1194 2375 1326 2456; x_wconf 76' lang='grc' dir='ltr'><strong><em>Φιλίαν,</em></strong></span> <span class='ocrx_word' id='word_1_144' title='bbox 1351 2375 1419 2455; x_wconf 78' lang='grc' dir='ltr'><strong><em>ὑπὲρ</em></strong></span> 
     </span>
     <span class='ocr_line' id='line_1_20' title="bbox 235 2478 1420 2569; baseline -0.002 -23"><span class='ocrx_word' id='word_1_145' title='bbox 235 2481 266 2546; x_wconf 86' lang='grc' dir='ltr'><strong>δὲ</strong></span> <span class='ocrx_word' id='word_1_146' title='bbox 301 2479 535 2561; x_wconf 79' lang='grc' dir='ltr'><strong><em>Κερσοβλέπτου</em></strong></span> <span class='ocrx_word' id='word_1_147' title='bbox 565 2478 701 2556; x_wconf 73' lang='grc' dir='ltr'><strong><em>πόλεμον</em></strong></span> <span class='ocrx_word' id='word_1_148' title='bbox 731 2480 879 2561; x_wconf 74' lang='grc' dir='ltr'><strong><em>αἱρεῖσθαι</em></strong></span> <span class='ocrx_word' id='word_1_149' title='bbox 912 2479 984 2560; x_wconf 79' lang='grc' dir='ltr'><strong><em>πρὸς</em></strong></span> <span class='ocrx_word' id='word_1_150' title='bbox 1017 2483 1112 2559; x_wconf 78' lang='grc' dir='ltr'><strong><em>νὶμάς.</em></strong></span> <span class='ocrx_word' id='word_1_151' title='bbox 1159 2480 1207 2546; x_wconf 93' lang='lat' dir='ltr'><strong>De</strong></span> <span class='ocrx_word' id='word_1_152' title='bbox 1233 2483 1420 2569; x_wconf 79' lang='lat' dir='ltr'><strong>gravissimo</strong></span> 
     </span>
     <span class='ocr_line' id='line_1_21' title="bbox 236 2585 1420 2674; baseline -0.002 -22"><span class='ocrx_word' id='word_1_153' title='bbox 236 2608 355 2664; x_wconf 76' lang='lat' dir='ltr'><strong>encre,</strong></span> <span class='ocrx_word' id='word_1_154' title='bbox 384 2606 446 2670; x_wconf 92' lang='lat' dir='ltr'><strong>quo</strong></span> <span class='ocrx_word' id='word_1_155' title='bbox 470 2586 628 2658; x_wconf 78' lang='grc' dir='ltr'><strong><em>Σιτάλκας</em></strong></span> <span class='ocrx_word' id='word_1_156' title='bbox 652 2590 684 2650; x_wconf 90' lang='lat' dir='ltr'><strong>et</strong></span> <span class='ocrx_word' id='word_1_157' title='bbox 707 2585 803 2658; x_wconf 85' lang='grc' dir='ltr'><strong><em>Κάπυς</em></strong></span> <span class='ocrx_word' id='word_1_158' title='bbox 828 2586 1080 2665; x_wconf 86' lang='lat' dir='ltr'><strong>confunduntur,</strong></span> <span class='ocrx_word' id='word_1_159' title='bbox 1106 2588 1214 2652; x_wconf 89' lang='lat' dir='ltr'><strong>omnia</strong></span> <span class='ocrx_word' id='word_1_160' title='bbox 1236 2589 1420 2674; x_wconf 87' lang='lat' dir='ltr'><strong>interpretes</strong></span> 
     </span>
     <span class='ocr_line' id='line_1_22' title="bbox 235 2681 1421 2779; baseline -0.001 -21"><span class='ocrx_word' id='word_1_161' title='bbox 235 2696 356 2778; x_wconf 89' lang='lat' dir='ltr'><strong>optime</strong></span> <span class='ocrx_word' id='word_1_162' title='bbox 388 2681 609 2776; x_wconf 85' lang='lat' dir='ltr'><strong>exposuerunt.</strong></span> <span class='ocrx_word' id='word_1_163' title='bbox 658 2690 721 2772; x_wconf 80' lang='lat' dir='ltr'><strong>Qui</strong></span> <span class='ocrx_word' id='word_1_164' title='bbox 750 2691 943 2779; x_wconf 88' lang='lat' dir='ltr'><strong>Philippum</strong></span> <span class='ocrx_word' id='word_1_165' title='bbox 965 2681 1072 2778; x_wconf 89' lang='lat' dir='ltr'><strong>ipsum</strong></span> <span class='ocrx_word' id='word_1_166' title='bbox 1096 2693 1230 2758; x_wconf 90' lang='lat' dir='ltr'><strong>credunt</strong></span> <span class='ocrx_word' id='word_1_167' title='bbox 1253 2697 1298 2761; x_wconf 90' lang='lat' dir='ltr'><strong>sic</strong></span> <span class='ocrx_word' id='word_1_168' title='bbox 1322 2713 1421 2760; x_wconf 88' lang='lat' dir='ltr'><strong>errare</strong></span> 
     </span>
     <span class='ocr_line' id='line_1_23' title="bbox 233 2796 1292 2884; baseline 0.002 -21"><span class='ocrx_word' id='word_1_169' title='bbox 233 2801 393 2884; x_wconf 87' lang='lat' dir='ltr'><strong>potuisse,</strong></span> <span class='ocrx_word' id='word_1_170' title='bbox 419 2818 482 2861; x_wconf 92' lang='lat' dir='ltr'><strong>non</strong></span> <span class='ocrx_word' id='word_1_171' title='bbox 505 2796 599 2862; x_wconf 85' lang='lat' dir='ltr'><strong>facile</strong></span> <span class='ocrx_word' id='word_1_172' title='bbox 622 2797 798 2882; x_wconf 91' lang='lat' dir='ltr'><strong>quidquam</strong></span> <span class='ocrx_word' id='word_1_173' title='bbox 822 2797 1008 2864; x_wconf 90' lang='lat' dir='ltr'><strong>incredibile</strong></span> <span class='ocrx_word' id='word_1_174' title='bbox 1033 2820 1099 2865; x_wconf 87' lang='lat' dir='ltr'><strong>esse</strong></span> <span class='ocrx_word' id='word_1_175' title='bbox 1123 2800 1292 2884; x_wconf 89' lang='lat' dir='ltr'><strong>putabunt.</strong></span> 
     </span>
    </p>

    <p class='ocr_par' dir='ltr' id='par_1_5' title="bbox 165 2901 1424 3524">
     <span class='ocr_line' id='line_1_24' title="bbox 279 2901 1422 2992; baseline 0.003 -24"><span class='ocrx_word' id='word_1_176' title='bbox 279 2903 468 2992; x_wconf 67' lang='lat' dir='ltr'><strong>[regendum</strong></span> <span class='ocrx_word' id='word_1_177' title='bbox 503 2924 569 2969; x_wconf 93' lang='lat' dir='ltr'><strong>esse</strong></span> <span class='ocrx_word' id='word_1_178' title='bbox 604 2901 736 2984; x_wconf 81' lang='grc' dir='ltr'><strong><em>άρασθαι</em></strong></span> <span class='ocrx_word' id='word_1_179' title='bbox 771 2924 828 2989; x_wconf 92' lang='lat' dir='ltr'><strong>pro</strong></span> <span class='ocrx_word' id='word_1_180' title='bbox 865 2905 1014 2984; x_wconf 80' lang='grc' dir='ltr'><strong><em>αἱρεῖσθαι</em></strong></span> <span class='ocrx_word' id='word_1_181' title='bbox 1046 2905 1213 2971; x_wconf 85' lang='lat' dir='ltr'><strong>admonuit</strong></span> <span class='ocrx_word' id='word_1_182' title='bbox 1244 2906 1422 2984; x_wconf 86' lang='lat' dir='ltr'><strong>Dohraeus‚</strong></span> 
     </span>
     <span class='ocr_line' id='line_1_25' title="bbox 235 3009 1423 3098; baseline 0.001 -22"><span class='ocrx_word' id='word_1_183' title='bbox 235 3010 290 3077; x_wconf 89' lang='lat' dir='ltr'><strong>sed</strong></span> <span class='ocrx_word' id='word_1_184' title='bbox 320 3009 466 3076; x_wconf 78' lang='lat' dir='ltr'><strong>Editores</strong></span> <span class='ocrx_word' id='word_1_185' title='bbox 496 3029 560 3074; x_wconf 93' lang='lat' dir='ltr'><strong>non</strong></span> <span class='ocrx_word' id='word_1_186' title='bbox 583 3010 728 3075; x_wconf 88' lang='lat' dir='ltr'><strong>audiunt.</strong></span> <span class='ocrx_word' id='word_1_187' title='bbox 775 3009 834 3075; x_wconf 79' lang='lat' dir='ltr'><strong>nst</strong></span> <span class='ocrx_word' id='word_1_188' title='bbox 856 3015 965 3076; x_wconf 90' lang='lat' dir='ltr'><strong>tamen</strong></span> <span class='ocrx_word' id='word_1_189' title='bbox 986 3032 1036 3076; x_wconf 89' lang='lat' dir='ltr'><strong>res</strong></span> <span class='ocrx_word' id='word_1_190' title='bbox 1060 3013 1238 3078; x_wconf 89' lang='lat' dir='ltr'><strong>certissima</strong></span> <span class='ocrx_word' id='word_1_191' title='bbox 1244 3032 1254 3092; x_wconf 90' lang='lat'>;</span> <span class='ocrx_word' id='word_1_192' title='bbox 1278 3014 1423 3098; x_wconf 80' lang='grc' dir='ltr'><strong><em>ουεοίρονο</em></strong></span> 
     </span>
     <span class='ocr_line' id='line_1_26' title="bbox 234 3113 1424 3204; baseline 0.002 -24"><span class='ocrx_word' id='word_1_193' title='bbox 234 3117 342 3181; x_wconf 80' lang='lat' dir='ltr'><strong>tellam</strong></span> <span class='ocrx_word' id='word_1_194' title='bbox 365 3113 486 3182; x_wconf 82' lang='lat' dir='ltr'><strong>Graece</strong></span> <span class='ocrx_word' id='word_1_195' title='bbox 510 3116 630 3181; x_wconf 90' lang='lat' dir='ltr'><strong>dicitur</strong></span> <span class='ocrx_word' id='word_1_196' title='bbox 655 3121 712 3181; x_wconf 89' lang='lat' dir='ltr'><strong>aut</strong></span> <span class='ocrx_word' id='word_1_197' title='bbox 735 3114 872 3196; x_wconf 74' lang='grc' dir='ltr'><strong><em>αἴρεσθαι</em></strong></span> <span class='ocrx_word' id='word_1_198' title='bbox 897 3115 1032 3195; x_wconf 81' lang='grc' dir='ltr'><strong><em>πόλεμον</em></strong></span> <span class='ocrx_word' id='word_1_199' title='bbox 1057 3122 1113 3182; x_wconf 88' lang='lat' dir='ltr'><strong>aut</strong></span> <span class='ocrx_word' id='word_1_200' title='bbox 1137 3117 1325 3198; x_wconf 83' lang='grc' dir='ltr'><strong><em>άναιρεῖσάαι</em></strong></span> <span class='ocrx_word' id='word_1_201' title='bbox 1349 3121 1424 3204; x_wconf 91' lang='lat' dir='ltr'><strong>(non</strong></span> 
     </span>
     <span class='ocr_line' id='line_1_27' title="bbox 235 3221 1423 3307; baseline 0.002 -20"><span class='ocrx_word' id='word_1_202' title='bbox 235 3223 419 3307; x_wconf 67' lang='lat' dir='ltr'><strong>stipuletur),</strong></span> <span class='ocrx_word' id='word_1_203' title='bbox 443 3221 498 3287; x_wconf 89' lang='lat' dir='ltr'><strong>sed</strong></span> <span class='ocrx_word' id='word_1_204' title='bbox 518 3223 593 3306; x_wconf 89' lang='lat' dir='ltr'><strong>quie</strong></span> <span class='ocrx_word' id='word_1_205' title='bbox 612 3222 760 3302; x_wconf 76' lang='grc' dir='ltr'><strong><em>αἱρεῖσθαι</em></strong></span> <span class='ocrx_word' id='word_1_206' title='bbox 778 3227 810 3288; x_wconf 89' lang='lat' dir='ltr'><strong>et</strong></span> <span class='ocrx_word' id='word_1_207' title='bbox 830 3221 965 3301; x_wconf 68' lang='lat' dir='ltr'><strong>clipeatos</strong></span> <span class='ocrx_word' id='word_1_208' title='bbox 987 3225 1022 3286; x_wconf 94' lang='lat' dir='ltr'><strong>in</strong></span> <span class='ocrx_word' id='word_1_209' title='bbox 1040 3222 1132 3289; x_wconf 91' lang='lat' dir='ltr'><strong>libris</strong></span> <span class='ocrx_word' id='word_1_210' title='bbox 1151 3223 1302 3290; x_wconf 84' lang='lat' dir='ltr'><strong>confundi</strong></span> <span class='ocrx_word' id='word_1_211' title='bbox 1322 3223 1423 3292; x_wconf 88' lang='lat' dir='ltr'><strong>solent</strong></span> 
     </span>
     <span class='ocr_line' id='line_1_28' title="bbox 165 3328 1421 3410; baseline 0.001 -17"><span class='ocrx_word' id='word_1_212' title='bbox 165 3357 167 3360; x_wconf 95' lang='lat'>·</span> <span class='ocrx_word' id='word_1_213' title='bbox 235 3328 503 3394; x_wconf 84' lang='lat' dir='ltr'><strong>circumferuntur</strong></span> <span class='ocrx_word' id='word_1_214' title='bbox 526 3329 711 3392; x_wconf 88' lang='lat' dir='ltr'><strong>etiamnunc</strong></span> <span class='ocrx_word' id='word_1_215' title='bbox 734 3328 903 3394; x_wconf 81' lang='lat' dir='ltr'><strong>manifesto</strong></span> <span class='ocrx_word' id='word_1_216' title='bbox 921 3328 1091 3395; x_wconf 88' lang='lat' dir='ltr'><strong>mendosae</strong></span> <span class='ocrx_word' id='word_1_217' title='bbox 1109 3329 1278 3410; x_wconf 85' lang='lat' dir='ltr'><strong>lectiones,</strong></span> <span class='ocrx_word' id='word_1_218' title='bbox 1300 3336 1336 3397; x_wconf 91' lang='lat' dir='ltr'><strong>ut</strong></span> <span class='ocrx_word' id='word_1_219' title='bbox 1354 3329 1421 3396; x_wconf 93' lang='lat' dir='ltr'><strong>h.l.</strong></span> 
     </span>
     <span class='ocr_line' id='line_1_29' title="bbox 232 3431 1422 3524; baseline 0.003 -27"><span class='ocrx_word' id='word_1_220' title='bbox 232 3432 322 3500; x_wconf 86' lang='lat' dir='ltr'><strong>idem</strong></span> <span class='ocrx_word' id='word_1_221' title='bbox 352 3435 472 3500; x_wconf 84' lang='lat' dir='ltr'><strong>vitium</strong></span> <span class='ocrx_word' id='word_1_222' title='bbox 504 3434 639 3498; x_wconf 89' lang='lat' dir='ltr'><strong>recurrit</strong></span> <span class='ocrx_word' id='word_1_223' title='bbox 661 3453 737 3520; x_wconf 80' lang='lat' dir='ltr'><strong>pag.</strong></span> <span class='ocrx_word' id='word_1_224' title='bbox 764 3431 838 3499; x_wconf 84' lang='lat'><strong>178.</strong></span> <span class='ocrx_word' id='word_1_225' title='bbox 863 3433 917 3499; x_wconf 81' lang='lat'><strong>25.</strong></span> <span class='ocrx_word' id='word_1_226' title='bbox 941 3435 998 3500; x_wconf 92' lang='lat' dir='ltr'><strong>ubi</strong></span> <span class='ocrx_word' id='word_1_227' title='bbox 1022 3436 1056 3500; x_wconf 92' lang='lat' dir='ltr'><strong>in</strong></span> <span class='ocrx_word' id='word_1_228' title='bbox 1079 3433 1102 3500; x_wconf 84' lang='lat' dir='ltr'>S</span> <span class='ocrx_word' id='word_1_229' title='bbox 1125 3435 1263 3524; x_wconf 80' lang='lat' dir='ltr'><strong>legitur:</strong></span> <span class='ocrx_word' id='word_1_230' title='bbox 1287 3437 1422 3515; x_wconf 82' lang='grc' dir='ltr'><strong><em>πόλεμον</em></strong></span> 
     </span>
    </p>
   </div>
   <div class='ocr_carea' id='block_1_5' title="bbox 123 3537 1422 3623">
    <p class='ocr_par' dir='ltr' id='par_1_6' title="bbox 123 3537 1422 3623">
     <span class='ocr_line' id='line_1_30' title="bbox 123 3537 1422 3623; baseline 0.002 -19"><span class='ocrx_word' id='word_1_231' title='bbox 123 3555 125 3558; x_wconf 80' lang='grc'><strong>’</strong></span> <span class='ocrx_word' id='word_1_232' title='bbox 233 3540 305 3618; x_wconf 82' lang='grc' dir='ltr'><strong><em>πρὸς</em></strong></span> <span class='ocrx_word' id='word_1_233' title='bbox 330 3538 424 3603; x_wconf 78' lang='grc' dir='ltr'><strong><em>αὐτὸν</em></strong></span> <span class='ocrx_word' id='word_1_234' title='bbox 449 3538 614 3618; x_wconf 77' lang='grc' dir='ltr'><strong><em>αἱρεῖσθαι,</em></strong></span> <span class='ocrx_word' id='word_1_235' title='bbox 638 3540 673 3603; x_wconf 91' lang='lat' dir='ltr'><strong>in</strong></span> <span class='ocrx_word' id='word_1_236' title='bbox 694 3540 827 3604; x_wconf 85' lang='lat' dir='ltr'><strong>caeteris</strong></span> <span class='ocrx_word' id='word_1_237' title='bbox 845 3541 1022 3606; x_wconf 85' lang='lat' dir='ltr'><strong>rectissime</strong></span> <span class='ocrx_word' id='word_1_238' title='bbox 1042 3537 1186 3620; x_wconf 80' lang='grc' dir='ltr'><strong><em>άρασάαι.</em></strong></span> <span class='ocrx_word' id='word_1_239' title='bbox 1216 3539 1422 3623; x_wconf 80' lang='grc' dir='ltr'><strong><em>Ἀναιρεῑσάαι</em></strong></span> 
     </span>
    </p>
   </div>
   <div class='ocr_carea' id='block_1_6' title="bbox 234 3642 1420 3841">
    <p class='ocr_par' dir='ltr' id='par_1_7' title="bbox 234 3642 1420 3841">
     <span class='ocr_line' id='line_1_31' title="bbox 234 3642 1420 3735; baseline 0.003 -26"><span class='ocrx_word' id='word_1_240' title='bbox 234 3647 285 3710; x_wconf 81' lang='grc' dir='ltr'><strong>τὸν</strong></span> <span class='ocrx_word' id='word_1_241' title='bbox 318 3644 453 3722; x_wconf 81' lang='grc' dir='ltr'><strong><em>πόλεμον</em></strong></span> <span class='ocrx_word' id='word_1_242' title='bbox 479 3642 601 3730; x_wconf 79' lang='lat' dir='ltr'><strong>legitur</strong></span> <span class='ocrx_word' id='word_1_243' title='bbox 623 3664 696 3732; x_wconf 80' lang='lat' dir='ltr'><strong>pag.</strong></span> <span class='ocrx_word' id='word_1_244' title='bbox 724 3642 776 3708; x_wconf 84' lang='grc'><strong>11.</strong></span> <span class='ocrx_word' id='word_1_245' title='bbox 802 3643 833 3709; x_wconf 85' lang='lat'><strong>2.</strong></span> <span class='ocrx_word' id='word_1_246' title='bbox 857 3644 1012 3710; x_wconf 82' lang='grc' dir='ltr'><strong><em>άνεέλοντο</em></strong></span> <span class='ocrx_word' id='word_1_247' title='bbox 1036 3647 1087 3711; x_wconf 80' lang='grc' dir='ltr'><strong>τὸν</strong></span> <span class='ocrx_word' id='word_1_248' title='bbox 1111 3645 1268 3728; x_wconf 79' lang='grc' dir='ltr'><strong><em>πόλεμον,</em></strong></span> <span class='ocrx_word' id='word_1_249' title='bbox 1293 3653 1325 3714; x_wconf 87' lang='lat' dir='ltr'><strong>et</strong></span> <span class='ocrx_word' id='word_1_250' title='bbox 1346 3669 1420 3735; x_wconf 80' lang='lat' dir='ltr'><strong>pag.</strong></span> 
     </span>
     <span class='ocr_line' id='line_1_32' title="bbox 234 3747 1331 3841; baseline 0.005 -27"><span class='ocrx_word' id='word_1_251' title='bbox 234 3747 309 3815; x_wconf 89' lang='grc'>180.</span> <span class='ocrx_word' id='word_1_252' title='bbox 335 3748 388 3814; x_wconf 83' lang='grc'><strong>21.</strong></span> <span class='ocrx_word' id='word_1_253' title='bbox 413 3748 465 3813; x_wconf 77' lang='grc' dir='ltr'><strong>τὸν</strong></span> <span class='ocrx_word' id='word_1_254' title='bbox 490 3747 626 3828; x_wconf 78' lang='grc' dir='ltr'><strong><em>πόλεμον</em></strong></span> <span class='ocrx_word' id='word_1_255' title='bbox 650 3749 824 3816; x_wconf 82' lang='grc' dir='ltr'><strong><em>άνελέσθαι.</em></strong></span> <span class='ocrx_word' id='word_1_256' title='bbox 862 3749 911 3818; x_wconf 83' lang='lat' dir='ltr'><strong>Of.</strong></span> <span class='ocrx_word' id='word_1_257' title='bbox 943 3751 1131 3818; x_wconf 70' lang='lat' dir='ltr'><strong>Vandectt.</strong></span> <span class='ocrx_word' id='word_1_258' title='bbox 1157 3774 1231 3841; x_wconf 80' lang='lat' dir='ltr'><strong>pag.</strong></span> <span class='ocrx_word' id='word_1_259' title='bbox 1257 3753 1331 3820; x_wconf 88' lang='lat'><strong>212.</strong></span> 
     </span>
    </p>
   </div>
   <div class='ocr_carea' id='block_1_7' title="bbox 229 3959 1422 4373">
    <p class='ocr_par' dir='ltr' id='par_1_8' title="bbox 229 3959 1422 4373">
     <span class='ocr_line' id='line_1_33' title="bbox 277 3959 1422 4049; baseline 0.003 -23"><span class='ocrx_word' id='word_1_260' title='bbox 277 3961 359 4049; x_wconf 80' lang='lat' dir='ltr'><strong>Peg.</strong></span> <span class='ocrx_word' id='word_1_261' title='bbox 385 3959 460 4026; x_wconf 86' lang='lat'><strong>161.</strong></span> <span class='ocrx_word' id='word_1_262' title='bbox 484 3959 539 4026; x_wconf 85' lang='lat'><strong>24.</strong></span> <span class='ocrx_word' id='word_1_263' title='bbox 564 3966 627 4034; x_wconf 79' lang='grc' dir='ltr'><strong>πῶς</strong></span> <span class='ocrx_word' id='word_1_264' title='bbox 651 3965 706 4028; x_wconf 81' lang='grc' dir='ltr'><strong>οὐκ</strong></span> <span class='ocrx_word' id='word_1_265' title='bbox 728 3962 766 4030; x_wconf 88' lang='grc' dir='ltr'><strong>άν</strong></span> <span class='ocrx_word' id='word_1_266' title='bbox 791 3961 853 4039; x_wconf 76' lang='lat' dir='ltr'><strong>sinc</strong></span> <span class='ocrx_word' id='word_1_267' title='bbox 876 3964 1000 4030; x_wconf 70' lang='grc' dir='ltr'><strong><em>πάντων</em></strong></span> <span class='ocrx_word' id='word_1_268' title='bbox 1020 3961 1223 4047; x_wconf 78' lang='grc' dir='ltr'><strong><em>φαυλότατος</em></strong></span> <span class='ocrx_word' id='word_1_269' title='bbox 1243 3965 1269 4031; x_wconf 79' lang='grc' dir='ltr'><strong>εἷ</strong></span> <span class='ocrx_word' id='word_1_270' title='bbox 1289 3981 1422 4031; x_wconf 88' lang='grc' dir='ltr'><strong><em>καταλι-</em></strong></span> 
     </span>
     <span class='ocr_line' id='line_1_34' title="bbox 233 4066 1420 4152; baseline 0.001 -17"><span class='ocrx_word' id='word_1_271' title='bbox 233 4069 296 4135; x_wconf 81' lang='grc' dir='ltr'><strong>πὼν</strong></span> <span class='ocrx_word' id='word_1_272' title='bbox 326 4068 397 4138; x_wconf 83' lang='grc' dir='ltr'><strong><em>τοὺς</em></strong></span> <span class='ocrx_word' id='word_1_273' title='bbox 429 4066 618 4147; x_wconf 82' lang='grc' dir='ltr'><strong><em>συμμάχους</em></strong></span> <span class='ocrx_word' id='word_1_274' title='bbox 650 4074 773 4145; x_wconf 85' lang='grc' dir='ltr'><strong><em>μάλλον</em></strong></span> <span class='ocrx_word' id='word_1_275' title='bbox 807 4070 888 4148; x_wconf 82' lang='grc' dir='ltr'><strong><em>ὑμῶν</em></strong></span> <span class='ocrx_word' id='word_1_276' title='bbox 919 4067 1108 4152; x_wconf 78' lang='grc' dir='ltr'><strong><em>φροντίζοιμι</em></strong></span> <span class='ocrx_word' id='word_1_277' title='bbox 1142 4077 1201 4136; x_wconf 77' lang='grc' dir='ltr'><strong>τῶν</strong></span> <span class='ocrx_word' id='word_1_278' title='bbox 1232 4069 1336 4137; x_wconf 92' lang='grc' dir='ltr'><strong><em>πάντα</em></strong></span> <span class='ocrx_word' id='word_1_279' title='bbox 1367 4095 1420 4150; x_wconf 88' lang='grc' dir='ltr'><strong>μοι</strong></span> 
     </span>
     <span class='ocr_line' id='line_1_35' title="bbox 230 4173 1419 4267; baseline 0.003 -27"><span class='ocrx_word' id='word_1_280' title='bbox 230 4173 340 4256; x_wconf 72' lang='grc' dir='ltr'><strong><em>τρόπον</em></strong></span> <span class='ocrx_word' id='word_1_281' title='bbox 375 4173 580 4255; x_wconf 76' lang='grc' dir='ltr'><strong><em>ἐνοχλούντων</em></strong></span> <span class='ocrx_word' id='word_1_282' title='bbox 619 4174 651 4261; x_wconf 76' lang='grc' dir='ltr'><strong>[ἢ</strong></span> <span class='ocrx_word' id='word_1_283' title='bbox 684 4182 744 4258; x_wconf 78' lang='grc' dir='ltr'><strong>τῶν</strong></span> <span class='ocrx_word' id='word_1_284' title='bbox 773 4175 914 4256; x_wconf 81' lang='grc' dir='ltr'><strong><em>βεβαίας</em></strong></span> <span class='ocrx_word' id='word_1_285' title='bbox 947 4199 997 4255; x_wconf 89' lang='grc' dir='ltr'><strong>μοι</strong></span> <span class='ocrx_word' id='word_1_286' title='bbox 1029 4176 1130 4258; x_wconf 67' lang='grc' dir='ltr'><strong><em>Φίλων</em></strong></span> <span class='ocrx_word' id='word_1_287' title='bbox 1162 4177 1211 4243; x_wconf 78' lang='lat' dir='ltr'><strong>cisi</strong></span> <span class='ocrx_word' id='word_1_288' title='bbox 1242 4176 1419 4267; x_wconf 81' lang='grc' dir='ltr'><strong><em>μενάντνιν].</em></strong></span> 
     </span>
     <span class='ocr_line' id='line_1_36' title="bbox 229 4273 1420 4373; baseline 0.003 -26"><span class='ocrx_word' id='word_1_289' title='bbox 229 4281 340 4373; x_wconf 89' lang='lat' dir='ltr'><strong>Inepte</strong></span> <span class='ocrx_word' id='word_1_290' title='bbox 371 4284 403 4346; x_wconf 93' lang='lat' dir='ltr'><strong>et</strong></span> <span class='ocrx_word' id='word_1_291' title='bbox 433 4280 532 4347; x_wconf 87' lang='lat' dir='ltr'><strong>stulte</strong></span> <span class='ocrx_word' id='word_1_292' title='bbox 562 4273 612 4347; x_wconf 90' lang='lat' dir='ltr'><strong>bis</strong></span> <span class='ocrx_word' id='word_1_293' title='bbox 644 4281 731 4348; x_wconf 90' lang='lat' dir='ltr'><strong>idem</strong></span> <span class='ocrx_word' id='word_1_294' title='bbox 762 4283 896 4363; x_wconf 85' lang='lat' dir='ltr'><strong>dicitur;</strong></span> <span class='ocrx_word' id='word_1_295' title='bbox 921 4284 976 4350; x_wconf 88' lang='lat' dir='ltr'><strong>sed</strong></span> <span class='ocrx_word' id='word_1_296' title='bbox 998 4285 1087 4368; x_wconf 91' lang='lat' dir='ltr'><strong>prius</strong></span> <span class='ocrx_word' id='word_1_297' title='bbox 1109 4305 1235 4352; x_wconf 89' lang='lat' dir='ltr'><strong>necesse</strong></span> <span class='ocrx_word' id='word_1_298' title='bbox 1257 4291 1304 4350; x_wconf 89' lang='lat' dir='ltr'><strong>cst</strong></span> <span class='ocrx_word' id='word_1_299' title='bbox 1326 4289 1420 4352; x_wconf 82' lang='lat' dir='ltr'><strong>vetus</strong></span> 
     </span>
    </p>
   </div>
   <div class='ocr_carea' id='block_1_8' title="bbox 0 0 1548 4972">
    <p class='ocr_par' dir='ltr' id='par_1_9' title="bbox 0 0 1548 4972">
     <span class='ocr_line' id='line_1_37' title="bbox 0 0 1548 4972; baseline 0 0"><span class='ocrx_word' id='word_1_300' title='bbox 0 0 1548 4972; x_wconf 95' lang='lat' dir='ltr'><strong> </strong></span> 
     </span>
    </p>
   </div>
  </div>
 </body>
</html>
