3034 4970
823 228 889 296 220

261 441 361 507 quoe,
404 439 599 506 quamquam
640 425 689 488 esi
723 422 827 486 oortus
862 438 963 504 orror,
1000 423 1108 486 tamon
1142 419 1228 506 opud
1262 419 1428 486 Strabonem

262 530 387 614 saepius
408 525 571 616 leguntur.

307 735 415 816 Ὀδύς,
438 735 547 816 ύδεύον,
572 735 717 802 συναδεύυ
741 735 894 813 συνοδεία,
920 735 1096 820 περααδεύυ,
1121 736 1275 821 περααδεία
1298 741 1330 803 ot
1350 736 1412 804 siu

307 945 395 1028 Quae
424 945 509 1032 opud
534 944 720 1012 Strabonem
743 946 796 1011 hio
818 945 886 1012 illio
910 944 1062 1036 leguntur
1085 948 1206 1014 formae
1229 947 1366 1031 συναδία,
1386 967 1433 1009 πε-

260 1053 354 1136 ρααδία
385 1054 458 1118 sim.
490 1072 599 1117 omnes
628 1053 710 1118 vitio
741 1057 834 1118 natae
864 1057 949 1118 sunt.
996 1051 1087 1125 Ὀδύς
1119 1075 1192 1119 oum
1220 1054 1434 1140 praepositione

261 1160 474 1244 compositum
503 1159 588 1242 parii
608 1159 739 1222 nomina
760 1158 947 1222 substantiva
969 1157 1110 1237 σύνοδος,
1135 1158 1273 1238 μίύοδας,
1297 1157 1433 1240 περίοδος,

261 1264 388 1347 ἔφοδος,
422 1261 581 1344 πρόσοδος,
607 1261 721 1341 ἔξοδος.
746 1262 858 1336 είσαδος
881 1269 955 1330 coit.
1001 1263 1050 1330 Ex
1074 1265 1125 1330 his
1148 1267 1297 1331 omnibus
1320 1285 1436 1332 noscun-

260 1375 316 1437 tur
338 1369 485 1434 adiectioa
508 1389 547 1434 ex
569 1372 609 1434 Ἀ
622 1403 642 1420 -
668 1377 754 1434 eo-
778 1374 810 1435 ot
832 1378 917 1435 ATc
930 1406 949 1420 -
973 1373 1165 1456 composita,
1189 1369 1309 1447 ἄνοδος,
1338 1370 1435 1444 εύαδαε,

262 1475 402 1555 δύσοδος,
433 1473 599 1555 εύέφαδας,
631 1473 812 1557 αίπρύσοδος,
845 1475 1058 1556 δυσπρύσαδος,
1089 1475 1240 1553 αίνέξαδος.
1257 1482 1346 1542 ooth
1369 1492 1436 1561 quoe

261 1584 413 1669 quoniam
429 1581 592 1646 -αύίααιίαα
626 1586 702 1646 sunt
733 1602 817 1648 novo
850 1603 890 1648 ex
920 1603 966 1653 so¹
983 1583 1168 1650 αυδαιαναοίυα
1202 1583 1437 1672 progonororunt

260 1689 387 1767 αὶνοδία,
412 1687 533 1760 εύαδία,
556 1686 678 1753 δυσαδίαο
703 1693 778 1754 cett.

306 1794 359 1861 Sio
399 1796 502 1883 igitur
535 1794 656 1858 συνοδίας
689 1796 777 1859 nosci
810 1815 874 1860 non
905 1796 1011 1880 potuit
1044 1816 1147 1880 nequo
1180 1794 1317 1876 περααδία
1350 1811 1438 1878 nequo

261 1901 437 1987 quidquam
459 1900 510 1964 his
533 1897 650 1964 similo.
699 1893 820 1964 sodex
843 1898 906 1970 δδίς
930 1905 1045 1966 natum
1063 1904 1115 1966 ost
1134 1902 1225 1968 α’δεύυ
1244 1922 1319 1966 oum
1337 1899 1439 1967 multis

262 2008 447 2092 compositis
470 2003 634 2080 συναδεύυ,
657 2002 816 2086 περαοδεύυ
827 2051 836 2082 ,
857 2004 991 2084 δαοδεύαο,
1011 2006 1179 2085 μεύαδεύυ,
1200 2005 1356 2088 παραδεύυ
1375 2007 1438 2072 coti.

262 2112 379 2197 quibus
401 2115 547 2178 votorum
570 2130 665 2176 nemo
689 2112 794 2175 utitur
816 2110 872 2176 sod
895 2114 1054 2197 nequiores
1075 2133 1185 2179 omnes
1207 2115 1339 2199 passim.

307 2215 393 2280 Hino
425 2217 528 2304 igitur
558 2235 595 2280 ox
627 2214 818 2306 pervulgata
847 2215 996 2305 analogio
1018 2221 1199 2306 gignuntur
1218 2239 1302 2285 nova
1323 2218 1440 2284 nomino

261 2323 310 2388 in,
329 2356 349 2371 -
363 2330 451 2396 ΕΙΑ,
474 2326 508 2386 et
529 2324 567 2386 ut
591 2320 739 2397 δουλεύω,
762 2322 920 2404 μοιχεία,
947 2322 1083 2389 παιδεύω
1105 2325 1224 2391 habent
1245 2345 1362 2390 nomon
1383 2323 1438 2387 δαυ-

262 2427 354 2506 λεία,
377 2427 525 2508 μοιχεία,
550 2429 676 2494 παιδεία
699 2428 762 2494 sibi
781 2429 987 2515 respondens,
1011 2434 1056 2496 sio
1074 2430 1221 2498 συνοδεύει
1241 2437 1275 2497 et
1293 2425 1439 2513 περοαδεύυ

261 2553 325 2600 non
347 2538 479 2619 possunt
502 2553 564 2599 non
585 2533 722 2600 συναδεία
746 2539 779 2600 et
801 2534 952 2616 περααδεία
975 2535 1100 2626 hobooo.¹

307 2741 415 2811 Multa
438 2749 513 2809 sunt
535 2743 621 2831 opud
644 2749 765 2812 veteres
786 2748 917 2814 nomino
939 2745 1084 2813 locorum
1107 2751 1140 2814 ot
1162 2749 1313 2833 urbium,
1331 2750 1365 2812 in
1381 2744 1439 2831 qui·

260 2855 321 2920 bus
340 2869 397 2936 pro
416 2850 621 2934 compositione
639 2852 783 2934 αρηαααὶιία
802 2860 865 2930 est,
885 2853 970 2920 undo
988 2854 1031 2918 τδο
1052 2855 1154 2920 ε’ύναναί
1173 2857 1208 2918 in
1223 2874 1326 2919 unum
1337 2870 1440 2918 nomen

260 2979 317 3046 por
335 2957 599 3043 compositionem
617 2955 806 3022 coalescunt.
841 2957 998 3044 Exemplo
1018 2965 1085 3025 esto
1103 2980 1143 3025 ex
1159 2957 1321 3045 Stephano
1333 2959 1441 3046 Byzan·

260 3066 345 3130 tino:
361 3065 482 3142 ”Apetoc
503 3062 608 3141 παίγας
626 3100 667 3112 -
687 3061 722 3126 τὸ
745 3063 856 3128 ε’ύνακδν
875 3064 908 3129 ἐκ
929 3063 979 3149 δύο
999 3061 1031 3129 ἓν
1050 3065 1290 3147 Ἀρεοπαγίτης.
1324 3061 1441 3130 Similia

261 3173 336 3237 sunt
366 3167 452 3254 apud
483 3167 620 3234 eundem
643 3167 781 3245 Ἀβώνου
804 3177 911 3250 τεῖχος
935 3207 977 3219 -
991 3167 1286 3253 ”Αβαννατενχίτης,
1310 3176 1343 3237 oi
1363 3173 1395 3236 in
1413 3187 1440 3235 v.

261 3275 352 3351 Καλδη
380 3272 473 3348 αὶκτνί.
503 3309 548 3322 -
574 3271 715 3352 Μεγαίλη
742 3274 840 3353 κύμη.
869 3275 903 3341 ἐκ
928 3283 986 3342 τῶν
1016 3276 1065 3344 δύο
1092 3277 1124 3344 δὲ
1145 3279 1162 3355 ἡ
1187 3278 1366 3360 παραγωγή
1383 3284 1440 3342 Me·

262 3395 346 3460 γαλα
378 3379 522 3458 κυμύτης
533 3427 543 3458 ,
569 3377 709 3458 Μεγαίλη
729 3377 834 3466 πύλας,
853 3385 892 3447 ut
913 3384 948 3448 in
969 3385 1092 3450 senario
1114 3386 1236 3450 oomioo
1260 3383 1346 3470 opud
1366 3380 1440 3448 suo

261 3487 392 3554 bonum:
827 3535 830 3542 »

509 3591 620 3674 ἐρημία
644 3593 774 3672 μεγαίλη
797 3593 856 3662 ’ςδν
880 3595 897 3670 τί
922 3595 1063 3674 Μεγαίλη
1087 3594 1189 3671 πύλας.

263 3699 355 3764 ouius
374 3698 409 3763 τδ
433 3697 543 3764 ἔύνακύν
564 3704 611 3766 ost
635 3699 913 3779 Μεγαλοπολίτης.
937 3704 983 3767 sio
1005 3701 1077 3767 Νέα
1099 3699 1190 3774 πύλας
1212 3702 1371 3780 dicebant,
1392 3695 1440 3764 sod

263 3803 472 3882 Νεαπολίτης,
492 3807 604 3886 Ἑρμοῦ
624 3804 732 3885 πύλας,
754 3806 860 3872 Ἡλίου
883 3807 992 3886 πύλας,
1013 3807 1069 3874 sed
1086 3807 1330 3889 Ἕρμοπολίτης,
1354 3809 1440 3872 Ἦλιν·

263 3907 405 3993 πολίτης.
451 3907 560 3975 Etiam
582 3913 617 3976 in
640 3909 759 3997 plurali
780 3931 913 3979 numero
936 3919 1036 3980 Κυνῶν
1058 3912 1165 3994 πύλας,
1185 3909 1439 3986 Λείντυν-τίλαο,

263 4013 320 4083 sod
352 4014 571 4093 Κυνοπαλίτης,
609 4015 813 4090 Λεαντύπαλας
848 4023 880 4084 ot
916 4020 990 4085 sim.
1036 4017 1146 4107 Saepo
1169 4022 1204 4086 in
1236 4021 1289 4088 his
1322 4017 1441 4087 Oodioos

262 4119 381 4187 fallunt
411 4123 443 4184 ot
472 4119 628 4187 falluntur
658 4121 815 4188 Editoros.
859 4121 1043 4191 Moinekius
1073 4126 1108 4192 in
1139 4124 1300 4213 Stephano
1330 4116 1439 4204 odidiii

262 4224 562 4298 Κυνςαντανούπαλνς
586 4235 674 4294 ΔΥΟ
698 4236 816 4294 ΜΕΡΗ
839 4227 934 4309 λύγου
960 4230 1012 4296 καὶ
1038 4229 1074 4310 ἐξ.
1095 4233 1196 4298 αὐτῶν
1215 4233 1289 4299 *ΕΝ
1312 4241 1439 4298 Κυνεαν·

263 4330 466 4406 παναπολίτης.
512 4331 607 4418 Apud
640 4331 829 4400 Strabonem
849 4338 1011 4424 ‘antiquae
1039 4337 1159 4405 formae
1189 4359 1260 4405 roro
1292 4337 1438 4426 apparent·
