<?xml version="1.0" encoding="UTF-8"?>
<!DOCTYPE html PUBLIC "-//W3C//DTD XHTML 1.0 Transitional//EN"
    "http://www.w3.org/TR/xhtml1/DTD/xhtml1-transitional.dtd">
<html xmlns="http://www.w3.org/1999/xhtml" xml:lang="en" lang="en">
 <head>
  <title>
</title>
<meta http-equiv="Content-Type" content="text/html;charset=utf-8" />
  <meta name='ocr-system' content='tesseract 3.04.00' />
  <meta name='ocr-capabilities' content='ocr_page ocr_carea ocr_par ocr_line ocrx_word'/>
</head>
<body>
  <div class='ocr_page' id='page_1' title='image "./miscellaneacrit02cobegoog_0500.png"; bbox 0 0 3086 4968; ppageno 0'>
   <div class='ocr_carea' id='block_1_1' title="bbox 250 247 1402 528">
    <p class='ocr_par' dir='ltr' id='par_1_1' title="bbox 250 247 1402 528">
     <span class='ocr_line' id='line_1_1' title="bbox 813 247 879 322; baseline 0 -3"><span class='ocrx_word' id='word_1_1' title='bbox 813 247 879 322; x_wconf 75' lang='grc'>476</span> 
     </span>
     <span class='ocr_line' id='line_1_2' title="bbox 250 437 1402 528; baseline -0.006 -19"><span class='ocrx_word' id='word_1_2' title='bbox 250 462 315 528; x_wconf 89' lang='lat' dir='ltr'>sqq.</span> <span class='ocrx_word' id='word_1_3' title='bbox 347 441 415 522; x_wconf 82' lang='grc' dir='ltr'><em>περί</em></span> <span class='ocrx_word' id='word_1_4' title='bbox 447 437 484 506; x_wconf 80' lang='grc' dir='ltr'>ὧν</span> <span class='ocrx_word' id='word_1_5' title='bbox 516 440 599 506; x_wconf 79' lang='grc' dir='ltr'><em>ἐνίοιν</em></span> <span class='ocrx_word' id='word_1_6' title='bbox 629 442 702 516; x_wconf 76' lang='grc' dir='ltr'>τὰς</span> <span class='ocrx_word' id='word_1_7' title='bbox 732 441 920 523; x_wconf 79' lang='grc' dir='ltr'>ἒοχάτας</span> <span class='ocrx_word' id='word_1_8' title='bbox 950 441 976 506; x_wconf 82' lang='grc' dir='ltr'>οἱ</span> <span class='ocrx_word' id='word_1_9' title='bbox 1007 445 1089 519; x_wconf 73' lang='grc' dir='ltr'><em>νόμοι</em></span> <span class='ocrx_word' id='word_1_10' title='bbox 1122 440 1239 507; x_wconf 74' lang='grc' dir='ltr'><em>διδόασι</em></span> <span class='ocrx_word' id='word_1_11' title='bbox 1273 437 1402 522; x_wconf 74' lang='grc' dir='ltr'><em>τιμωρίαι.</em></span> 
     </span>
    </p>
   </div>
   <div class='ocr_carea' id='block_1_2' title="bbox 248 650 1413 1694">
    <p class='ocr_par' dir='ltr' id='par_1_2' title="bbox 248 650 1410 952">
     <span class='ocr_line' id='line_1_3' title="bbox 294 650 1407 740; baseline -0.003 -22"><span class='ocrx_word' id='word_1_12' title='bbox 294 653 375 740; x_wconf 81' lang='lat' dir='ltr'>Peg.</span> <span class='ocrx_word' id='word_1_13' title='bbox 407 651 483 718; x_wconf 85' lang='lat'><strong>229.</strong></span> <span class='ocrx_word' id='word_1_14' title='bbox 519 652 570 721; x_wconf 83' lang='lat'>17.</span> <span class='ocrx_word' id='word_1_15' title='bbox 602 651 669 720; x_wconf 83' lang='grc' dir='ltr'>οὖσί</span> <span class='ocrx_word' id='word_1_16' title='bbox 698 678 738 732; x_wconf 92' lang='grc' dir='ltr'><em>γε</em></span> <span class='ocrx_word' id='word_1_17' title='bbox 767 653 955 728; x_wconf 66' lang='grc' dir='ltr'>τηλικούτοις</span> <span class='ocrx_word' id='word_1_18' title='bbox 985 653 1078 728; x_wconf 68' lang='grc' dir='ltr'><em>ἡλίκα</em></span> <span class='ocrx_word' id='word_1_19' title='bbox 1102 657 1153 717; x_wconf 79' lang='grc' dir='ltr'>νῦν</span> <span class='ocrx_word' id='word_1_20' title='bbox 1178 650 1334 734; x_wconf 78' lang='grc' dir='ltr'><em>ε’τραγῷδει</em></span> <span class='ocrx_word' id='word_1_21' title='bbox 1357 651 1407 739; x_wconf 80' lang='grc' dir='ltr'>[καί</span> 
     </span>
     <span class='ocr_line' id='line_1_4' title="bbox 248 758 1410 846; baseline 0 -22"><span class='ocrx_word' id='word_1_22' title='bbox 248 759 386 842; x_wconf 62' lang='grc' dir='ltr'><em>διεξῄει]</em></span> <span class='ocrx_word' id='word_1_23' title='bbox 434 758 516 825; x_wconf 77' lang='lat' dir='ltr'>&#39;Pam</span> <span class='ocrx_word' id='word_1_24' title='bbox 538 780 609 825; x_wconf 82' lang='lat' dir='ltr'>sore</span> <span class='ocrx_word' id='word_1_25' title='bbox 630 761 765 827; x_wconf 81' lang='lat' dir='ltr'>verbum</span> <span class='ocrx_word' id='word_1_26' title='bbox 789 759 957 841; x_wconf 71' lang='grc' dir='ltr'><strong><em>τραγῳδεῖν</em></strong></span> <span class='ocrx_word' id='word_1_27' title='bbox 979 779 1042 824; x_wconf 94' lang='lat' dir='ltr'>non</span> <span class='ocrx_word' id='word_1_28' title='bbox 1064 760 1126 824; x_wconf 85' lang='lat' dir='ltr'>fert</span> <span class='ocrx_word' id='word_1_29' title='bbox 1146 762 1233 824; x_wconf 85' lang='lat' dir='ltr'>iners</span> <span class='ocrx_word' id='word_1_30' title='bbox 1256 765 1285 825; x_wconf 87' lang='lat' dir='ltr'>et</span> <span class='ocrx_word' id='word_1_31' title='bbox 1308 759 1410 846; x_wconf 82' lang='lat' dir='ltr'>langui·</span> 
     </span>
     <span class='ocr_line' id='line_1_5' title="bbox 249 864 894 952; baseline -0.005 -21"><span class='ocrx_word' id='word_1_32' title='bbox 249 866 327 931; x_wconf 89' lang='lat' dir='ltr'>dum</span> <span class='ocrx_word' id='word_1_33' title='bbox 351 864 490 944; x_wconf 79' lang='grc' dir='ltr'><em>διεξιέναι</em></span> <span class='ocrx_word' id='word_1_34' title='bbox 517 866 580 930; x_wconf 90' lang='lat' dir='ltr'>sibi</span> <span class='ocrx_word' id='word_1_35' title='bbox 603 867 894 952; x_wconf 86' lang='lat' dir='ltr'>superimpositum.</span> 
     </span>
    </p>

    <p class='ocr_par' dir='ltr' id='par_1_3' title="bbox 248 968 1411 1249">
     <span class='ocr_line' id='line_1_6' title="bbox 294 968 1408 1059; baseline -0.005 -21"><span class='ocrx_word' id='word_1_36' title='bbox 294 968 459 1038; x_wconf 77' lang='lat' dir='ltr'>Contrario</span> <span class='ocrx_word' id='word_1_37' title='bbox 484 992 586 1037; x_wconf 87' lang='lat' dir='ltr'>errore</span> <span class='ocrx_word' id='word_1_38' title='bbox 607 993 681 1059; x_wconf 83' lang='lat' dir='ltr'>pag.</span> <span class='ocrx_word' id='word_1_39' title='bbox 704 971 780 1036; x_wconf 85' lang='grc'><strong>232.</strong></span> <span class='ocrx_word' id='word_1_40' title='bbox 805 969 858 1036; x_wconf 94' lang='grc'>22.</span> <span class='ocrx_word' id='word_1_41' title='bbox 883 972 917 1035; x_wconf 90' lang='lat' dir='ltr'>in</span> <span class='ocrx_word' id='word_1_42' title='bbox 942 970 1054 1036; x_wconf 88' lang='lat' dir='ltr'>multis</span> <span class='ocrx_word' id='word_1_43' title='bbox 1076 969 1169 1036; x_wconf 89' lang='lat' dir='ltr'>libris</span> <span class='ocrx_word' id='word_1_44' title='bbox 1193 973 1408 1057; x_wconf 79' lang='lat' dir='ltr'>scriptumest:</span> 
     </span>
     <span class='ocr_line' id='line_1_7' title="bbox 250 1074 1411 1162; baseline -0.003 -20"><span class='ocrx_word' id='word_1_45' title='bbox 250 1079 357 1153; x_wconf 69' lang='grc' dir='ltr'><em>ἡλίκην</em></span> <span class='ocrx_word' id='word_1_46' title='bbox 387 1075 446 1142; x_wconf 88' lang='grc' dir='ltr'><strong><em>νννί</em></strong></span> <span class='ocrx_word' id='word_1_47' title='bbox 478 1076 674 1161; x_wconf 76' lang='grc' dir='ltr'><em>[ἐτραγῴδεις</em></span> <span class='ocrx_word' id='word_1_48' title='bbox 706 1074 946 1161; x_wconf 57' lang='lat' dir='ltr'>saltuatim,</span> <span class='ocrx_word' id='word_1_49' title='bbox 978 1076 1062 1162; x_wconf 84' lang='lat' dir='ltr'>quod</span> <span class='ocrx_word' id='word_1_50' title='bbox 1084 1098 1123 1142; x_wconf 83' lang='lat' dir='ltr'>ex</span> <span class='ocrx_word' id='word_1_51' title='bbox 1147 1080 1277 1162; x_wconf 87' lang='lat' dir='ltr'>optimis</span> <span class='ocrx_word' id='word_1_52' title='bbox 1298 1081 1340 1142; x_wconf 89' lang='lat' dir='ltr'>est</span> <span class='ocrx_word' id='word_1_53' title='bbox 1360 1097 1411 1141; x_wconf 87' lang='lat' dir='ltr'>cor·</span> 
     </span>
     <span class='ocr_line' id='line_1_8' title="bbox 248 1188 382 1249; baseline -0.007 -2"><span class='ocrx_word' id='word_1_54' title='bbox 248 1188 382 1249; x_wconf 83' lang='lat' dir='ltr'>rectum.</span> 
     </span>
    </p>

    <p class='ocr_par' dir='ltr' id='par_1_4' title="bbox 248 1288 1413 1694">
     <span class='ocr_line' id='line_1_9' title="bbox 295 1288 1412 1377; baseline -0.003 -23"><span class='ocrx_word' id='word_1_55' title='bbox 295 1290 372 1355; x_wconf 89' lang='lat' dir='ltr'>Post</span> <span class='ocrx_word' id='word_1_56' title='bbox 402 1310 502 1375; x_wconf 84' lang='lat' dir='ltr'>pauca</span> <span class='ocrx_word' id='word_1_57' title='bbox 532 1310 605 1377; x_wconf 80' lang='lat' dir='ltr'>pag.</span> <span class='ocrx_word' id='word_1_58' title='bbox 641 1288 717 1354; x_wconf 82' lang='lat'>232.</span> <span class='ocrx_word' id='word_1_59' title='bbox 751 1288 805 1354; x_wconf 78' lang='lat'>25.</span> <span class='ocrx_word' id='word_1_60' title='bbox 836 1288 980 1354; x_wconf 89' lang='lat' dir='ltr'>Dobraeo</span> <span class='ocrx_word' id='word_1_61' title='bbox 1012 1289 1292 1374; x_wconf 85' lang='lat' dir='ltr'>obtemperandum</span> <span class='ocrx_word' id='word_1_62' title='bbox 1320 1292 1360 1354; x_wconf 87' lang='lat' dir='ltr'>est</span> <span class='ocrx_word' id='word_1_63' title='bbox 1382 1289 1412 1351; x_wconf 93' lang='lat' dir='ltr'>in</span> 
     </span>
     <span class='ocr_line' id='line_1_10' title="bbox 248 1385 1412 1475; baseline -0.007 -12"><span class='ocrx_word' id='word_1_64' title='bbox 248 1397 372 1463; x_wconf 79' lang='lat' dir='ltr'>verbis:</span> <span class='ocrx_word' id='word_1_65' title='bbox 398 1393 459 1463; x_wconf 80' lang='grc' dir='ltr'><em>ἔςιν</em></span> <span class='ocrx_word' id='word_1_66' title='bbox 483 1391 555 1460; x_wconf 75' lang='grc' dir='ltr'><em>ὅπου</em></span> <span class='ocrx_word' id='word_1_67' title='bbox 579 1397 616 1459; x_wconf 82' lang='grc' dir='ltr'>σὺ</span> <span class='ocrx_word' id='word_1_68' title='bbox 643 1395 831 1475; x_wconf 80' lang='grc' dir='ltr'><em>-παρελίὼν</em></span> <span class='ocrx_word' id='word_1_69' title='bbox 853 1399 958 1459; x_wconf 82' lang='grc' dir='ltr'>ταῦτα</span> <span class='ocrx_word' id='word_1_70' title='bbox 981 1385 1002 1458; x_wconf 81' lang='grc' dir='ltr'><em>ἀ</em></span> <span class='ocrx_word' id='word_1_71' title='bbox 1024 1399 1073 1458; x_wconf 77' lang='grc' dir='ltr'>νῦν</span> <span class='ocrx_word' id='word_1_72' title='bbox 1092 1404 1274 1473; x_wconf 76' lang='grc' dir='ltr'><em>κατηγορεῖς</em></span> <span class='ocrx_word' id='word_1_73' title='bbox 1292 1392 1412 1469; x_wconf 81' lang='grc' dir='ltr'><em>ἕδιδαξας</em></span> 
     </span>
     <span class='ocr_line' id='line_1_11' title="bbox 250 1491 1413 1588; baseline -0.001 -24"><span class='ocrx_word' id='word_1_74' title='bbox 250 1501 316 1584; x_wconf 77' lang='grc' dir='ltr'>[καί</span> <span class='ocrx_word' id='word_1_75' title='bbox 350 1499 535 1585; x_wconf 48' lang='lat' dir='ltr'>uasorum</span> <span class='ocrx_word' id='word_1_76' title='bbox 573 1523 701 1568; x_wconf 87' lang='lat' dir='ltr'>summo</span> <span class='ocrx_word' id='word_1_77' title='bbox 734 1491 805 1567; x_wconf 84' lang='lat' dir='ltr'>iure</span> <span class='ocrx_word' id='word_1_78' title='bbox 834 1501 1083 1588; x_wconf 80' lang='lat' dir='ltr'>frigidissimum</span> <span class='ocrx_word' id='word_1_79' title='bbox 1113 1502 1164 1565; x_wconf 78' lang='grc' dir='ltr'>καί</span> <span class='ocrx_word' id='word_1_80' title='bbox 1197 1500 1340 1576; x_wconf 71' lang='grc' dir='ltr'><em>διεξῆλθες</em></span> <span class='ocrx_word' id='word_1_81' title='bbox 1370 1520 1413 1564; x_wconf 82' lang='lat' dir='ltr'>ex-</span> 
     </span>
     <span class='ocr_line' id='line_1_12' title="bbox 248 1604 415 1694; baseline -0.006 -23"><span class='ocrx_word' id='word_1_82' title='bbox 248 1604 415 1694; x_wconf 80' lang='lat' dir='ltr'>pungenti.</span> 
     </span>
    </p>
   </div>
   <div class='ocr_carea' id='block_1_3' title="bbox 248 1815 1412 2202">
    <p class='ocr_par' dir='ltr' id='par_1_5' title="bbox 248 1815 1412 2202">
     <span class='ocr_line' id='line_1_13' title="bbox 292 1815 1412 1904; baseline -0.004 -23"><span class='ocrx_word' id='word_1_83' title='bbox 292 1817 372 1904; x_wconf 81' lang='lat' dir='ltr'>Pag.</span> <span class='ocrx_word' id='word_1_84' title='bbox 393 1815 470 1882; x_wconf 88' lang='grc'><strong>232.</strong></span> <span class='ocrx_word' id='word_1_85' title='bbox 492 1816 523 1882; x_wconf 86' lang='grc'>4.</span> <span class='ocrx_word' id='word_1_86' title='bbox 543 1816 595 1882; x_wconf 79' lang='grc' dir='ltr'>καί</span> <span class='ocrx_word' id='word_1_87' title='bbox 616 1816 708 1882; x_wconf 85' lang='grc' dir='ltr'><strong><em>ταυτί</em></strong></span> <span class='ocrx_word' id='word_1_88' title='bbox 728 1815 817 1881; x_wconf 87' lang='grc' dir='ltr'>πάνί’</span> <span class='ocrx_word' id='word_1_89' title='bbox 836 1816 908 1896; x_wconf 78' lang='grc' dir='ltr'><em>ὑπὲρ</em></span> <span class='ocrx_word' id='word_1_90' title='bbox 928 1825 983 1891; x_wconf 76' lang='grc' dir='ltr'>τῆς</span> <span class='ocrx_word' id='word_1_91' title='bbox 1003 1817 1150 1889; x_wconf 75' lang='grc' dir='ltr'><em>ἀλαθείας</em></span> <span class='ocrx_word' id='word_1_92' title='bbox 1170 1819 1412 1898; x_wconf 83' lang='grc' dir='ltr'><em>ἀκριβολογοῦμαι</em></span> 
     </span>
     <span class='ocr_line' id='line_1_14' title="bbox 250 1921 1411 2009; baseline -0.003 -22"><span class='ocrx_word' id='word_1_93' title='bbox 250 1923 315 2008; x_wconf 82' lang='grc' dir='ltr'>[καί</span> <span class='ocrx_word' id='word_1_94' title='bbox 336 1921 557 2008; x_wconf 78' lang='grc' dir='ltr'><em>διεξέρχομαι].</em></span> <span class='ocrx_word' id='word_1_95' title='bbox 594 1923 768 2008; x_wconf 85' lang='lat' dir='ltr'><strong>Aliquanto</strong></span> <span class='ocrx_word' id='word_1_96' title='bbox 786 1921 860 2009; x_wconf 89' lang='lat' dir='ltr'>plus</span> <span class='ocrx_word' id='word_1_97' title='bbox 880 1926 928 1987; x_wconf 89' lang='lat' dir='ltr'>est</span> <span class='ocrx_word' id='word_1_98' title='bbox 945 1923 1092 2007; x_wconf 88' lang='lat' dir='ltr'>ponderis</span> <span class='ocrx_word' id='word_1_99' title='bbox 1111 1925 1147 1987; x_wconf 92' lang='lat' dir='ltr'>in</span> <span class='ocrx_word' id='word_1_100' title='bbox 1164 1923 1411 2004; x_wconf 80' lang='grc' dir='ltr'><em>ἀκριβολογεῖσθαι</em></span> 
     </span>
     <span class='ocr_line' id='line_1_15' title="bbox 248 2028 1410 2114; baseline -0.003 -21"><span class='ocrx_word' id='word_1_101' title='bbox 248 2049 346 2114; x_wconf 89' lang='lat' dir='ltr'>quam</span> <span class='ocrx_word' id='word_1_102' title='bbox 367 2031 401 2094; x_wconf 92' lang='lat' dir='ltr'>in</span> <span class='ocrx_word' id='word_1_103' title='bbox 421 2028 582 2105; x_wconf 77' lang='grc' dir='ltr'><em>διεξιέναι,</em></span> <span class='ocrx_word' id='word_1_104' title='bbox 602 2033 641 2093; x_wconf 88' lang='lat' dir='ltr'>ut</span> <span class='ocrx_word' id='word_1_105' title='bbox 659 2029 718 2094; x_wconf 88' lang='lat' dir='ltr'>hoo</span> <span class='ocrx_word' id='word_1_106' title='bbox 738 2049 862 2114; x_wconf 89' lang='lat' dir='ltr'>quoque</span> <span class='ocrx_word' id='word_1_107' title='bbox 880 2030 964 2093; x_wconf 87' lang='lat' dir='ltr'>iners</span> <span class='ocrx_word' id='word_1_108' title='bbox 983 2028 1239 2095; x_wconf 89' lang='lat' dir='ltr'>additamentum</span> <span class='ocrx_word' id='word_1_109' title='bbox 1258 2029 1410 2096; x_wconf 87' lang='lat' dir='ltr'>tollendum</span> 
     </span>
     <span class='ocr_line' id='line_1_16' title="bbox 248 2155 492 2202; baseline 0 -2"><span class='ocrx_word' id='word_1_110' title='bbox 248 2155 314 2200; x_wconf 87' lang='lat' dir='ltr'>esse</span> <span class='ocrx_word' id='word_1_111' title='bbox 338 2156 492 2202; x_wconf 80' lang='lat' dir='ltr'><strong>censeam.</strong></span> 
     </span>
    </p>
   </div>
   <div class='ocr_carea' id='block_1_4' title="bbox 240 2341 1417 4235">
    <p class='ocr_par' dir='ltr' id='par_1_6' title="bbox 240 2341 1417 3277">
     <span class='ocr_line' id='line_1_17' title="bbox 293 2341 1412 2430; baseline -0.003 -23"><span class='ocrx_word' id='word_1_112' title='bbox 293 2343 374 2430; x_wconf 80' lang='lat' dir='ltr'>Peg.</span> <span class='ocrx_word' id='word_1_113' title='bbox 398 2341 475 2408; x_wconf 85' lang='lat'><strong>233.</strong></span> <span class='ocrx_word' id='word_1_114' title='bbox 501 2341 554 2407; x_wconf 78' lang='lat'>21.</span> <span class='ocrx_word' id='word_1_115' title='bbox 588 2344 649 2420; x_wconf 78' lang='grc' dir='ltr'>ἐγὼ</span> <span class='ocrx_word' id='word_1_116' title='bbox 674 2343 730 2420; x_wconf 74' lang='grc' dir='ltr'>μὲν</span> <span class='ocrx_word' id='word_1_117' title='bbox 753 2343 849 2408; x_wconf 78' lang='grc' dir='ltr'><strong><em>τοίνυν</em></strong></span> <span class='ocrx_word' id='word_1_118' title='bbox 873 2341 1002 2424; x_wconf 73' lang='grc' dir='ltr'><em>ἔγραψα</em></span> <span class='ocrx_word' id='word_1_119' title='bbox 1025 2343 1180 2422; x_wconf 81' lang='grc' dir='ltr'>βουλεύων</span> <span class='ocrx_word' id='word_1_120' title='bbox 1203 2347 1350 2412; x_wconf 82' lang='grc' dir='ltr'><em>ἀποπλεῖν</em></span> <span class='ocrx_word' id='word_1_121' title='bbox 1369 2344 1412 2416; x_wconf 69' lang='grc' dir='ltr'>τὴν</span> 
     </span>
     <span class='ocr_line' id='line_1_18' title="bbox 245 2446 1412 2529; baseline -0.002 -16"><span class='ocrx_word' id='word_1_122' title='bbox 245 2448 383 2528; x_wconf 80' lang='grc' dir='ltr'>ταχίςιρν</span> <span class='ocrx_word' id='word_1_123' title='bbox 414 2447 483 2520; x_wconf 82' lang='grc' dir='ltr'>τοὺς</span> <span class='ocrx_word' id='word_1_124' title='bbox 517 2449 662 2529; x_wconf 78' lang='grc' dir='ltr'><em>πρέσβεις</em></span> <span class='ocrx_word' id='word_1_125' title='bbox 694 2450 744 2514; x_wconf 81' lang='grc' dir='ltr'><em>ε’πί</em></span> <span class='ocrx_word' id='word_1_126' title='bbox 773 2449 843 2522; x_wconf 74' lang='grc' dir='ltr'>τοὺς</span> <span class='ocrx_word' id='word_1_127' title='bbox 867 2448 977 2522; x_wconf 80' lang='grc' dir='ltr'>τόπους</span> <span class='ocrx_word' id='word_1_128' title='bbox 1002 2451 1032 2514; x_wconf 84' lang='grc' dir='ltr'>ἔν</span> <span class='ocrx_word' id='word_1_129' title='bbox 1055 2446 1097 2522; x_wconf 81' lang='grc' dir='ltr'>οἶς</span> <span class='ocrx_word' id='word_1_130' title='bbox 1122 2449 1160 2515; x_wconf 84' lang='grc' dir='ltr'>ἀν</span> <span class='ocrx_word' id='word_1_131' title='bbox 1184 2451 1256 2518; x_wconf 75' lang='grc' dir='ltr'>ὄντα</span> <span class='ocrx_word' id='word_1_132' title='bbox 1282 2452 1412 2518; x_wconf 89' lang='grc' dir='ltr'><em>Φίλιππον</em></span> 
     </span>
     <span class='ocr_line' id='line_1_19' title="bbox 245 2553 1412 2645; baseline -0.001 -26"><span class='ocrx_word' id='word_1_133' title='bbox 245 2555 452 2619; x_wconf 85' lang='grc' dir='ltr'><em>πννίάνωνται</em></span> <span class='ocrx_word' id='word_1_134' title='bbox 489 2554 541 2619; x_wconf 80' lang='grc' dir='ltr'>καί</span> <span class='ocrx_word' id='word_1_135' title='bbox 572 2554 641 2627; x_wconf 77' lang='grc' dir='ltr'>τοὺς</span> <span class='ocrx_word' id='word_1_136' title='bbox 673 2553 772 2635; x_wconf 71' lang='grc' dir='ltr'><em>ἕρκους</em></span> <span class='ocrx_word' id='word_1_137' title='bbox 806 2555 1057 2633; x_wconf 90' lang='grc' dir='ltr'><em>ἀπολαμβάνειν.</em></span> <span class='ocrx_word' id='word_1_138' title='bbox 1091 2557 1204 2623; x_wconf 87' lang='lat' dir='ltr'>deinde</span> <span class='ocrx_word' id='word_1_139' title='bbox 1238 2564 1412 2645; x_wconf 77' lang='lat' dir='ltr'>postpauca</span> 
     </span>
     <span class='ocr_line' id='line_1_20' title="bbox 244 2657 1413 2749; baseline -0.001 -24"><span class='ocrx_word' id='word_1_140' title='bbox 244 2682 320 2749; x_wconf 80' lang='lat' dir='ltr'>pag.</span> <span class='ocrx_word' id='word_1_141' title='bbox 355 2658 432 2726; x_wconf 85' lang='grc'><strong>234.</strong></span> <span class='ocrx_word' id='word_1_142' title='bbox 465 2661 496 2726; x_wconf 89' lang='grc'>8.</span> <span class='ocrx_word' id='word_1_143' title='bbox 527 2657 548 2727; x_wconf 86' lang='grc' dir='ltr'><em>ἀ</em></span> <span class='ocrx_word' id='word_1_144' title='bbox 582 2662 642 2739; x_wconf 76' lang='grc' dir='ltr'>ἐγὼ</span> <span class='ocrx_word' id='word_1_145' title='bbox 674 2660 875 2742; x_wconf 74' lang='grc' dir='ltr'><em>προορώμενος</em></span> <span class='ocrx_word' id='word_1_146' title='bbox 907 2662 941 2725; x_wconf 84' lang='grc' dir='ltr'>τὸ</span> <span class='ocrx_word' id='word_1_147' title='bbox 965 2663 1122 2745; x_wconf 77' lang='grc' dir='ltr'><em>ψήφισμα</em></span> <span class='ocrx_word' id='word_1_148' title='bbox 1145 2672 1297 2731; x_wconf 77' lang='grc' dir='ltr'>ΤΟΥΤΟ</span> <span class='ocrx_word' id='word_1_149' title='bbox 1320 2663 1413 2744; x_wconf 73' lang='grc' dir='ltr'><em>γράφοι</em></span> 
     </span>
     <span class='ocr_line' id='line_1_21' title="bbox 246 2762 1414 2853; baseline -0.003 -21"><span class='ocrx_word' id='word_1_150' title='bbox 246 2772 350 2852; x_wconf 79' lang='grc' dir='ltr'><em>[πλεῖν</em></span> <span class='ocrx_word' id='word_1_151' title='bbox 382 2767 432 2831; x_wconf 79' lang='grc' dir='ltr'><em>ε’πί</em></span> <span class='ocrx_word' id='word_1_152' title='bbox 457 2767 526 2840; x_wconf 81' lang='grc' dir='ltr'>τοὺς</span> <span class='ocrx_word' id='word_1_153' title='bbox 551 2768 661 2840; x_wconf 78' lang='grc' dir='ltr'>τόπους</span> <span class='ocrx_word' id='word_1_154' title='bbox 685 2768 714 2831; x_wconf 84' lang='grc' dir='ltr'>ἐν</span> <span class='ocrx_word' id='word_1_155' title='bbox 740 2762 782 2838; x_wconf 76' lang='grc' dir='ltr'>οἷς</span> <span class='ocrx_word' id='word_1_156' title='bbox 806 2767 844 2832; x_wconf 84' lang='grc' dir='ltr'>ἀν</span> <span class='ocrx_word' id='word_1_157' title='bbox 867 2766 884 2850; x_wconf 66' lang='grc' dir='ltr'><em>ᾗ</em></span> <span class='ocrx_word' id='word_1_158' title='bbox 911 2767 1063 2840; x_wconf 79' lang='grc' dir='ltr'><em>Φίλιππος</em></span> <span class='ocrx_word' id='word_1_159' title='bbox 1087 2769 1140 2834; x_wconf 82' lang='grc' dir='ltr'>καί</span> <span class='ocrx_word' id='word_1_160' title='bbox 1165 2770 1235 2842; x_wconf 83' lang='grc' dir='ltr'>τοὺς</span> <span class='ocrx_word' id='word_1_161' title='bbox 1259 2767 1353 2853; x_wconf 79' lang='grc' dir='ltr'><em>ἀρκονς</em></span> <span class='ocrx_word' id='word_1_162' title='bbox 1372 2768 1414 2840; x_wconf 68' lang='grc' dir='ltr'>τὴν</span> 
     </span>
     <span class='ocr_line' id='line_1_22' title="bbox 245 2870 1416 2960; baseline -0.001 -22"><span class='ocrx_word' id='word_1_163' title='bbox 245 2875 382 2954; x_wconf 76' lang='grc' dir='ltr'>ταχίςνν</span> <span class='ocrx_word' id='word_1_164' title='bbox 416 2873 672 2960; x_wconf 78' lang='grc' dir='ltr'><em>ἀπολαμβάνειν]</em></span> <span class='ocrx_word' id='word_1_165' title='bbox 711 2870 748 2938; x_wconf 78' lang='grc' dir='ltr'>ἵν’</span> <span class='ocrx_word' id='word_1_166' title='bbox 785 2873 917 2953; x_wconf 80' lang='grc' dir='ltr'><strong><em>ἐχόντων</em></strong></span> <span class='ocrx_word' id='word_1_167' title='bbox 951 2881 1009 2939; x_wconf 80' lang='grc' dir='ltr'>τῶν</span> <span class='ocrx_word' id='word_1_168' title='bbox 1045 2882 1170 2959; x_wconf 76' lang='grc' dir='ltr'><em>Θρακῶν</em></span> <span class='ocrx_word' id='word_1_169' title='bbox 1204 2877 1270 2942; x_wconf 81' lang='grc' dir='ltr'>κτὲ.</span> <span class='ocrx_word' id='word_1_170' title='bbox 1324 2876 1416 2956; x_wconf 77' lang='lat' dir='ltr'>Quia</span> 
     </span>
     <span class='ocr_line' id='line_1_23' title="bbox 243 2979 1416 3064; baseline -0.002 -19"><span class='ocrx_word' id='word_1_171' title='bbox 243 2980 388 3045; x_wconf 88' lang='lat' dir='ltr'>Dobraeo</span> <span class='ocrx_word' id='word_1_172' title='bbox 415 2980 597 3045; x_wconf 87' lang='lat' dir='ltr'>admonitus</span> <span class='ocrx_word' id='word_1_173' title='bbox 620 3000 682 3045; x_wconf 92' lang='lat' dir='ltr'>non</span> <span class='ocrx_word' id='word_1_174' title='bbox 707 2981 805 3044; x_wconf 84' lang='lat' dir='ltr'>sentit</span> <span class='ocrx_word' id='word_1_175' title='bbox 827 2979 906 3044; x_wconf 83' lang='lat' dir='ltr'>haee</span> <span class='ocrx_word' id='word_1_176' title='bbox 924 2980 1116 3064; x_wconf 86' lang='lat' dir='ltr'>interpolata</span> <span class='ocrx_word' id='word_1_177' title='bbox 1135 3001 1221 3058; x_wconf 87' lang='lat' dir='ltr'>esse,</span> <span class='ocrx_word' id='word_1_178' title='bbox 1243 2983 1324 3047; x_wconf 87' lang='lat' dir='ltr'>nihil</span> <span class='ocrx_word' id='word_1_179' title='bbox 1341 2979 1416 3046; x_wconf 78' lang='lat' dir='ltr'>facile</span> 
     </span>
     <span class='ocr_line' id='line_1_24' title="bbox 244 3084 1417 3176; baseline -0.003 -25"><span class='ocrx_word' id='word_1_180' title='bbox 244 3088 359 3151; x_wconf 75' lang='lat' dir='ltr'><strong>sentiet</strong></span> <span class='ocrx_word' id='word_1_181' title='bbox 395 3086 578 3160; x_wconf 73' lang='grc' dir='ltr'>ἀναίσθητος</span> <span class='ocrx_word' id='word_1_182' title='bbox 613 3085 660 3150; x_wconf 81' lang='grc' dir='ltr'>ὤν.</span> <span class='ocrx_word' id='word_1_183' title='bbox 725 3084 829 3151; x_wconf 79' lang='lat' dir='ltr'>Verba</span> <span class='ocrx_word' id='word_1_184' title='bbox 864 3085 898 3150; x_wconf 81' lang='grc' dir='ltr'>τὸ</span> <span class='ocrx_word' id='word_1_185' title='bbox 934 3087 1090 3168; x_wconf 73' lang='grc' dir='ltr'><em>ψήφισμα</em></span> <span class='ocrx_word' id='word_1_186' title='bbox 1125 3091 1214 3152; x_wconf 79' lang='grc' dir='ltr'>τοῦτο</span> <span class='ocrx_word' id='word_1_187' title='bbox 1258 3085 1417 3176; x_wconf 79' lang='lat' dir='ltr'>significant</span> 
     </span>
     <span class='ocr_line' id='line_1_25' title="bbox 240 3191 845 3277; baseline 0 -23"><span class='ocrx_word' id='word_1_188' title='bbox 240 3191 428 3275; x_wconf 71' lang='lat' dir='ltr'><em>plebiscitum</em></span> <span class='ocrx_word' id='word_1_189' title='bbox 450 3191 485 3254; x_wconf 79' lang='lat' dir='ltr'>id</span> <span class='ocrx_word' id='word_1_190' title='bbox 506 3191 689 3277; x_wconf 80' lang='lat' dir='ltr'>quodmodo</span> <span class='ocrx_word' id='word_1_191' title='bbox 713 3191 845 3256; x_wconf 78' lang='lat' dir='ltr'><em>dicebam</em></span> 
     </span>
    </p>

    <p class='ocr_par' dir='ltr' id='par_1_7' title="bbox 242 3295 1416 4235">
     <span class='ocr_line' id='line_1_26' title="bbox 288 3295 1416 3382; baseline 0 -21"><span class='ocrx_word' id='word_1_192' title='bbox 288 3296 326 3361; x_wconf 95' lang='lat' dir='ltr'>In</span> <span class='ocrx_word' id='word_1_193' title='bbox 355 3296 461 3364; x_wconf 82' lang='lat' dir='ltr'>verbis</span> <span class='ocrx_word' id='word_1_194' title='bbox 489 3296 688 3382; x_wconf 76' lang='lat' dir='ltr'>interpolatis</span> <span class='ocrx_word' id='word_1_195' title='bbox 718 3295 772 3372; x_wconf 69' lang='lat' dir='ltr'>&#39;rto</span> <span class='ocrx_word' id='word_1_196' title='bbox 804 3296 941 3376; x_wconf 79' lang='grc' dir='ltr'>ταχίςνν</span> <span class='ocrx_word' id='word_1_197' title='bbox 964 3299 998 3362; x_wconf 91' lang='lat' dir='ltr'>in</span> <span class='ocrx_word' id='word_1_198' title='bbox 1023 3297 1156 3364; x_wconf 90' lang='lat' dir='ltr'>alienam</span> <span class='ocrx_word' id='word_1_199' title='bbox 1183 3300 1291 3366; x_wconf 85' lang='lat' dir='ltr'>sedem</span> <span class='ocrx_word' id='word_1_200' title='bbox 1313 3300 1416 3364; x_wconf 71' lang='lat' dir='ltr'>abens</span> 
     </span>
     <span class='ocr_line' id='line_1_27' title="bbox 243 3403 1415 3483; baseline 0.006 -15"><span class='ocrx_word' id='word_1_201' title='bbox 243 3405 311 3468; x_wconf 81' lang='lat' dir='ltr'>vit:</span> <span class='ocrx_word' id='word_1_202' title='bbox 343 3411 433 3467; x_wconf 83' lang='grc' dir='ltr'><em>πλεῖν</em></span> <span class='ocrx_word' id='word_1_203' title='bbox 464 3404 518 3477; x_wconf 70' lang='lat' dir='ltr'>rio</span> <span class='ocrx_word' id='word_1_204' title='bbox 550 3403 686 3482; x_wconf 76' lang='grc' dir='ltr'><em>ταχίςιιν</em></span> <span class='ocrx_word' id='word_1_205' title='bbox 718 3404 922 3468; x_wconf 86' lang='lat' dir='ltr'>sanissimum</span> <span class='ocrx_word' id='word_1_206' title='bbox 953 3409 1030 3480; x_wconf 52' lang='lat' dir='ltr'>est„</span> <span class='ocrx_word' id='word_1_207' title='bbox 1054 3404 1108 3470; x_wconf 87' lang='lat' dir='ltr'>sed</span> <span class='ocrx_word' id='word_1_208' title='bbox 1139 3405 1209 3476; x_wconf 82' lang='grc' dir='ltr'>τοὺς</span> <span class='ocrx_word' id='word_1_209' title='bbox 1247 3403 1343 3483; x_wconf 79' lang='grc' dir='ltr'><em>ἀρκονς</em></span> <span class='ocrx_word' id='word_1_210' title='bbox 1372 3403 1415 3474; x_wconf 71' lang='lat' dir='ltr'>ull</span> 
     </span>
     <span class='ocr_line' id='line_1_28' title="bbox 244 3507 1415 3597; baseline -0.005 -23"><span class='ocrx_word' id='word_1_211' title='bbox 244 3508 382 3589; x_wconf 80' lang='grc' dir='ltr'>ταχίςνρν</span> <span class='ocrx_word' id='word_1_212' title='bbox 412 3507 657 3587; x_wconf 85' lang='grc' dir='ltr'><em>ἀπολαμβάνειν</em></span> <span class='ocrx_word' id='word_1_213' title='bbox 686 3510 800 3574; x_wconf 84' lang='lat' dir='ltr'>vitiose</span> <span class='ocrx_word' id='word_1_214' title='bbox 831 3508 957 3573; x_wconf 84' lang='lat' dir='ltr'>dieitur.</span> <span class='ocrx_word' id='word_1_215' title='bbox 1006 3508 1163 3575; x_wconf 78' lang='lat' dir='ltr'>Similiter</span> <span class='ocrx_word' id='word_1_216' title='bbox 1193 3514 1312 3597; x_wconf 84' lang='lat' dir='ltr'>optime</span> <span class='ocrx_word' id='word_1_217' title='bbox 1337 3509 1415 3574; x_wconf 83' lang='lat' dir='ltr'>habet</span> 
     </span>
     <span class='ocr_line' id='line_1_29' title="bbox 244 3608 1413 3698; baseline -0.007 -16"><span class='ocrx_word' id='word_1_218' title='bbox 244 3623 335 3682; x_wconf 82' lang='grc' dir='ltr'><em>τελεῖν</em></span> <span class='ocrx_word' id='word_1_219' title='bbox 356 3615 405 3680; x_wconf 80' lang='grc' dir='ltr'><em>ε’πί</em></span> <span class='ocrx_word' id='word_1_220' title='bbox 430 3613 499 3686; x_wconf 76' lang='grc' dir='ltr'>τοὺς</span> <span class='ocrx_word' id='word_1_221' title='bbox 524 3613 653 3698; x_wconf 77' lang='grc' dir='ltr'>τόπους,</span> <span class='ocrx_word' id='word_1_222' title='bbox 677 3615 707 3678; x_wconf 82' lang='grc' dir='ltr'>ἐν</span> <span class='ocrx_word' id='word_1_223' title='bbox 731 3608 774 3685; x_wconf 78' lang='grc' dir='ltr'>οἷς</span> <span class='ocrx_word' id='word_1_224' title='bbox 798 3612 836 3678; x_wconf 85' lang='grc' dir='ltr'>ἀν</span> <span class='ocrx_word' id='word_1_225' title='bbox 859 3611 933 3677; x_wconf 81' lang='grc' dir='ltr'>ίντα</span> <span class='ocrx_word' id='word_1_226' title='bbox 957 3614 1008 3678; x_wconf 81' lang='grc' dir='ltr'>τὸν</span> <span class='ocrx_word' id='word_1_227' title='bbox 1033 3614 1187 3680; x_wconf 88' lang='grc' dir='ltr'><em>Φίλιππον</em></span> <span class='ocrx_word' id='word_1_228' title='bbox 1211 3617 1413 3694; x_wconf 82' lang='grc' dir='ltr'><em>πννίάνοινται,</em></span> 
     </span>
     <span class='ocr_line' id='line_1_30' title="bbox 242 3717 1412 3805; baseline -0.009 -17"><span class='ocrx_word' id='word_1_229' title='bbox 242 3744 305 3788; x_wconf 92' lang='lat' dir='ltr'>non</span> <span class='ocrx_word' id='word_1_230' title='bbox 340 3723 370 3786; x_wconf 84' lang='grc' dir='ltr'>ἐν</span> <span class='ocrx_word' id='word_1_231' title='bbox 406 3717 447 3792; x_wconf 76' lang='grc' dir='ltr'>οἷς</span> <span class='ocrx_word' id='word_1_232' title='bbox 484 3718 522 3786; x_wconf 81' lang='grc' dir='ltr'>ἀν</span> <span class='ocrx_word' id='word_1_233' title='bbox 545 3718 578 3802; x_wconf 76' lang='grc' dir='ltr'>ᾖ,</span> <span class='ocrx_word' id='word_1_234' title='bbox 613 3722 687 3805; x_wconf 89' lang='lat' dir='ltr'>quia</span> <span class='ocrx_word' id='word_1_235' title='bbox 717 3722 857 3785; x_wconf 82' lang='lat' dir='ltr'>incertus</span> <span class='ocrx_word' id='word_1_236' title='bbox 887 3720 939 3785; x_wconf 87' lang='lat' dir='ltr'>hie</span> <span class='ocrx_word' id='word_1_237' title='bbox 970 3720 1058 3786; x_wconf 85' lang='lat' dir='ltr'>loeus</span> <span class='ocrx_word' id='word_1_238' title='bbox 1090 3727 1147 3788; x_wconf 88' lang='lat' dir='ltr'>est.</span> <span class='ocrx_word' id='word_1_239' title='bbox 1196 3721 1313 3788; x_wconf 84' lang='lat' dir='ltr'>Oontra</span> <span class='ocrx_word' id='word_1_240' title='bbox 1341 3724 1412 3785; x_wconf 82' lang='grc' dir='ltr'><em>πλεῖν</em></span> 
     </span>
     <span class='ocr_line' id='line_1_31' title="bbox 243 3822 1411 3915; baseline -0.007 -21"><span class='ocrx_word' id='word_1_241' title='bbox 243 3829 326 3915; x_wconf 88' lang='lat' dir='ltr'>apud</span> <span class='ocrx_word' id='word_1_242' title='bbox 349 3826 608 3912; x_wconf 84' lang='lat' dir='ltr'>interpolatorem</span> <span class='ocrx_word' id='word_1_243' title='bbox 632 3825 749 3892; x_wconf 88' lang='lat' dir='ltr'>melius</span> <span class='ocrx_word' id='word_1_244' title='bbox 773 3831 820 3891; x_wconf 87' lang='lat' dir='ltr'>est</span> <span class='ocrx_word' id='word_1_245' title='bbox 844 3847 941 3912; x_wconf 91' lang='lat' dir='ltr'>quam</span> <span class='ocrx_word' id='word_1_246' title='bbox 965 3829 1130 3891; x_wconf 84' lang='grc' dir='ltr'><em>ἀποπλεῖν.</em></span> <span class='ocrx_word' id='word_1_247' title='bbox 1166 3836 1263 3892; x_wconf 85' lang='grc' dir='ltr'><em>Πλεῖν</em></span> <span class='ocrx_word' id='word_1_248' title='bbox 1286 3822 1411 3894; x_wconf 79' lang='lat' dir='ltr'>animle</span> 
     </span>
     <span class='ocr_line' id='line_1_32' title="bbox 243 3928 1411 4023; baseline -0.009 -23"><span class='ocrx_word' id='word_1_249' title='bbox 243 3935 379 4000; x_wconf 76' lang='grc' dir='ltr'><em>ομνιοὶοαε</em></span> <span class='ocrx_word' id='word_1_250' title='bbox 421 3939 453 4000; x_wconf 90' lang='lat' dir='ltr'>et</span> <span class='ocrx_word' id='word_1_251' title='bbox 496 3938 620 3999; x_wconf 86' lang='lat' dir='ltr'>certum</span> <span class='ocrx_word' id='word_1_252' title='bbox 659 3932 768 3998; x_wconf 84' lang='lat' dir='ltr'>locum</span> <span class='ocrx_word' id='word_1_253' title='bbox 802 3933 985 4023; x_wconf 86' lang='lat' dir='ltr'>petentibus</span> <span class='ocrx_word' id='word_1_254' title='bbox 1020 3934 1168 4019; x_wconf 84' lang='lat' dir='ltr'>ponitur,</span> <span class='ocrx_word' id='word_1_255' title='bbox 1206 3935 1353 3999; x_wconf 79' lang='grc' dir='ltr'><em>ἀποπλεῖν</em></span> <span class='ocrx_word' id='word_1_256' title='bbox 1382 3928 1411 3991; x_wconf 88' lang='lat' dir='ltr'>de</span> 
     </span>
     <span class='ocr_line' id='line_1_33' title="bbox 242 4033 1410 4124; baseline -0.007 -18"><span class='ocrx_word' id='word_1_257' title='bbox 242 4041 415 4106; x_wconf 74' lang='lat' dir='ltr'>obeuntibus</span> <span class='ocrx_word' id='word_1_258' title='bbox 450 4045 481 4104; x_wconf 90' lang='lat' dir='ltr'>et</span> <span class='ocrx_word' id='word_1_259' title='bbox 515 4038 623 4104; x_wconf 88' lang='lat' dir='ltr'>looum</span> <span class='ocrx_word' id='word_1_260' title='bbox 659 4039 800 4124; x_wconf 83' lang='lat' dir='ltr'>aliquem</span> <span class='ocrx_word' id='word_1_261' title='bbox 834 4038 1099 4122; x_wconf 84' lang='lat' dir='ltr'>relinquentibus.</span> <span class='ocrx_word' id='word_1_262' title='bbox 1169 4037 1351 4106; x_wconf 79' lang='lat' dir='ltr'>Rectissime</span> <span class='ocrx_word' id='word_1_263' title='bbox 1380 4033 1410 4098; x_wconf 84' lang='lat' dir='ltr'>de</span> 
     </span>
     <span class='ocr_line' id='line_1_34' title="bbox 243 4142 1170 4235; baseline -0.005 -21"><span class='ocrx_word' id='word_1_264' title='bbox 243 4147 353 4214; x_wconf 85' lang='lat' dir='ltr'>eadem</span> <span class='ocrx_word' id='word_1_265' title='bbox 377 4166 410 4208; x_wconf 89' lang='lat' dir='ltr'>re</span> <span class='ocrx_word' id='word_1_266' title='bbox 434 4145 551 4209; x_wconf 82' lang='lat' dir='ltr'>dieitur</span> <span class='ocrx_word' id='word_1_267' title='bbox 573 4165 645 4235; x_wconf 82' lang='lat' dir='ltr'>pag.</span> <span class='ocrx_word' id='word_1_268' title='bbox 674 4142 749 4208; x_wconf 88' lang='grc'>388.</span> <span class='ocrx_word' id='word_1_269' title='bbox 776 4142 806 4208; x_wconf 81' lang='grc'>5.</span> <span class='ocrx_word' id='word_1_270' title='bbox 831 4151 921 4222; x_wconf 85' lang='grc' dir='ltr'><em>πλεῖν</em></span> <span class='ocrx_word' id='word_1_271' title='bbox 945 4146 999 4220; x_wconf 70' lang='grc' dir='ltr'>τὴν</span> <span class='ocrx_word' id='word_1_272' title='bbox 1022 4144 1170 4226; x_wconf 78' lang='grc' dir='ltr'>ταχίςνν.</span> 
     </span>
    </p>
   </div>
   <div class='ocr_carea' id='block_1_5' title="bbox 287 4309 1407 4441">
    <p class='ocr_par' dir='ltr' id='par_1_8' title="bbox 287 4309 1407 4441">
     <span class='ocr_line' id='line_1_35' title="bbox 287 4309 1407 4441; baseline -0.01 -17"><span class='ocrx_word' id='word_1_273' title='bbox 287 4357 369 4441; x_wconf 76' lang='lat' dir='ltr'>Peg.</span> <span class='ocrx_word' id='word_1_274' title='bbox 402 4349 476 4416; x_wconf 81' lang='lat'>235.</span> <span class='ocrx_word' id='word_1_275' title='bbox 511 4336 565 4416; x_wconf 81' lang='grc'>23.</span> <span class='ocrx_word' id='word_1_276' title='bbox 590 4351 655 4429; x_wconf 82' lang='grc' dir='ltr'><em>ε’ξὸν</em></span> <span class='ocrx_word' id='word_1_277' title='bbox 679 4328 794 4433; x_wconf 66' lang='grc' dir='ltr'><em>ἀμερῶν</em></span> <span class='ocrx_word' id='word_1_278' title='bbox 819 4352 914 4432; x_wconf 81' lang='grc' dir='ltr'><em>δέκα,</em></span> <span class='ocrx_word' id='word_1_279' title='bbox 941 4309 1129 4419; x_wconf 70' lang='lat' dir='ltr'>‘solome</span> <span class='ocrx_word' id='word_1_280' title='bbox 1153 4353 1185 4419; x_wconf 79' lang='grc' dir='ltr'>δὲ</span> <span class='ocrx_word' id='word_1_281' title='bbox 1210 4360 1296 4435; x_wconf 83' lang='grc' dir='ltr'><em>τριῶν</em></span> <span class='ocrx_word' id='word_1_282' title='bbox 1318 4352 1334 4430; x_wconf 68' lang='grc' dir='ltr'><strong><em>ἢ</em></strong></span> <span class='ocrx_word' id='word_1_283' title='bbox 1354 4369 1407 4413; x_wconf 80' lang='grc' dir='ltr'>ττι·</span> 
     </span>
    </p>
   </div>
   <div class='ocr_carea' id='block_1_6' title="bbox 0 0 1551 4968">
    <p class='ocr_par' dir='ltr' id='par_1_9' title="bbox 0 0 1551 4968">
     <span class='ocr_line' id='line_1_36' title="bbox 0 0 1551 4968; baseline 0 0"><span class='ocrx_word' id='word_1_284' title='bbox 0 0 1551 4968; x_wconf 95' lang='lat' dir='ltr'> </span> 
     </span>
    </p>
   </div>
  </div>
 </body>
</html>
