3080 4972
713 221 755 288 43

128 434 169 479 ne
201 414 301 480 verbo
332 413 461 498 quidem
490 416 616 478 mutato
644 411 698 479 vel
720 414 915 498 transposito.
964 412 1002 478 In
1027 413 1230 479 Editionibus
1254 413 1323 498 qui-

130 520 223 598 dem,
262 541 280 586 o
315 520 412 597 bone,
449 525 481 585 et
515 521 549 584 in
584 517 755 585 (lodicibus
784 519 862 584 Mss.
896 521 1045 585 omnibus
1074 525 1199 605 praeter
1221 539 1324 584 unum

131 629 280 691 omnium
304 628 490 712 principem.
538 625 662 710 Nempe
684 628 719 690 in
743 626 808 691 solo
832 624 855 690 S
879 628 1034 710 scriptum
1058 634 1123 690 est:
1149 626 1249 703 οἱμὲν
1270 623 1323 700 ἤδη

132 732 320 798 πεπόνθασιν
340 725 362 798 οῦ
382 734 416 807 δὴ
439 741 731 798 ΠΕΠΟΝΘΑΟΙΝ.
767 730 856 797 Haec
875 753 951 797 vera
968 738 1000 797 et
1019 734 1150 816 entique
1169 733 1325 815 scripture

132 843 198 916 est,
230 861 329 924 quom
361 839 440 905 olim
472 839 641 924 utrobique
671 839 843 923 repositam
868 840 1019 923 oportuit.
1066 838 1190 922 Nempe
1214 839 1259 902 sic
1280 836 1325 901 lo

132 951 275 1030 quuntur
306 948 362 1031 qui
391 966 466 1030 pree
496 945 616 1031 pudore
648 950 704 1010 aut
730 943 836 1009 dolore
859 966 928 1009 rem
951 951 1078 1030 turpem
1101 949 1157 1008 aut
1180 943 1325 1008 acerbum

132 1051 250 1117 diserte
270 1072 519 1118 commemorare
537 1071 601 1116 non
620 1051 793 1128 sustinent,
815 1050 870 1115 sed
886 1071 956 1116 eam
968 1049 1171 1115 audientibus
1183 1069 1218 1114 ec
1230 1048 1325 1133 probe

133 1157 308 1223 scientibus
334 1157 580 1244 intelligendam
603 1156 780 1242 relinquere
803 1155 946 1234 malunt,
971 1161 1008 1221 ut
1030 1155 1154 1221 Helena
1176 1156 1210 1219 in
1234 1153 1326 1218 Euri·

132 1265 218 1349 pidis
247 1263 349 1328 Oreste
370 1285 419 1331 vs.
444 1262 496 1330 79.

523 1367 651 1432 ἔπλενσ’
675 1362 755 1440 irruo
780 1364 930 1462 ἔπλευσα.

132 1476 167 1541 id
197 1481 246 1541 est
276 1473 356 1546 όπωι
388 1474 416 1541 δ’
449 1471 587 1539 ἔπλευσα
621 1476 767 1552 αἰδοῦμαι
797 1476 854 1551 μὲν
886 1475 1008 1552 λέγειν,
1043 1475 1131 1551 ὑμεῖς
1156 1473 1181 1537 δ’
1207 1469 1240 1539 εὖ
1264 1470 1323 1541 iss.

134 1581 264 1648 Similia
286 1582 338 1646 his
361 1581 451 1668 larga
474 1601 573 1646 manu
596 1580 707 1645 effudit
730 1578 920 1645 Bloomfield
943 1581 982 1644 ad
1007 1581 1157 1667 Aeschyli
1177 1584 1326 1661 Αρονααα·

133 1709 237 1751 ιιοαονο
260 1707 308 1754 vs.
334 1685 386 1750 66.
413 1685 567 1761 βλαςοῦσ’
593 1681 671 1760 derue
694 1685 852 1763 ἔβλαςεν,
875 1685 983 1763 ἱκόμην
1002 1683 1040 1750 ἵν’
1062 1687 1188 1764 ι’κόμνν,
1209 1684 1326 1763 ἔνειμεν

134 1794 171 1864 ὡς
202 1791 342 1871 ἔγημεν,
376 1793 485 1870 γέγηθ’
510 1789 589 1865 όπιος
614 1791 758 1872 γέγηθα,
785 1793 897 1857 ὄλωλεν
922 1793 959 1863 ῦς
985 1791 1116 1864 ὄλωλεν,
1143 1788 1263 1870 ἔκυρσεν
1287 1793 1326 1864 ὥς

135 1897 274 1978 ἔκυρσεν,
300 1905 332 1964 et
356 1898 420 1965 elie
442 1899 543 1984 plura.
590 1898 628 1964 In
651 1902 792 1964 oratione
813 1897 961 1984 populari
983 1900 1017 1962 in
1040 1897 1141 1963 simili
1161 1899 1328 1962 reticentia

134 2005 248 2070 vocula
273 2014 331 2070 ΔΗ
356 2009 542 2091 apponitur,
567 2010 604 2071 ut
626 2008 661 2070 in
684 2005 905 2090 Aristophanis
928 2005 1097 2084 Ιννεόοόοοθο
1121 2003 1196 2069 146.

318 2113 342 2176 εἰ
369 2112 393 2176 δ’
417 2115 456 2186 σῦς
479 2113 591 2190 μιόλις’
614 2111 802 2194 ἀπεχοίμεθ’
826 2108 858 2176 οῦ
885 2113 921 2177 σὺ
947 2111 981 2185 δὴ
1005 2113 1122 2189 λέγεις.

135 2219 209 2302 quia
239 2223 293 2282 τοῦ
325 2219 414 2288 πέους
446 2218 549 2283 dicere
581 2219 748 2284 erubescit.
797 2216 850 2283 Sic
880 2221 983 2303 igitur
1011 2209 1033 2283 όν
1064 2219 1119 2295 δή,
1154 2216 1255 2284 όντινα
1287 2221 1322 2295 δή

134 2323 268 2408 repetito
288 2325 384 2392 verbo
402 2323 512 2388 eodem
532 2329 720 2390 consuetum
740 2330 788 2390 est
809 2323 921 2389 dicere.
957 2323 1201 2412 Hoogeveened
1213 2324 1321 2413 Viger.

137 2451 165 2514 p.
199 2427 254 2495 27.
288 2451 326 2495 ex
357 2428 500 2495 Aristide
529 2434 560 2494 et
583 2429 755 2496 Heliodoro
780 2430 883 2496 affert:
910 2431 1066 2510 προεόλετο
1090 2426 1191 2495 όντινα
1215 2432 1250 2508 δὴ
1271 2433 1323 2497 καὶ

137 2534 308 2614 προείλετο,
340 2539 372 2601 et
402 2533 524 2614 ἔδρασεν
556 2529 586 2612 ό,
619 2559 648 2601 τι
680 2535 715 2611 δὴ
748 2537 798 2599 καὶ
831 2533 972 2614 ἔδρασεν,
1005 2538 1060 2602 sed
1087 2543 1161 2602 sunt
1184 2539 1261 2604 haec
1284 2541 1324 2604 ab

137 2645 273 2726 antiquis
297 2647 413 2706 sumta.
449 2641 678 2707 Demosthenes
697 2642 764 2725 ipse
783 2662 857 2729 pag.
879 2641 955 2706 208.
978 2642 998 2707 2
1031 2641 1164 2723 ἔκοέτεροι
1185 2650 1324 2721 μισοῦσιν

139 2743 184 2819 οὓς
224 2757 282 2812 ΔΗ
318 2752 477 2826 μισοῦσιν,
510 2753 542 2814 et
572 2751 617 2813 sic
647 2748 680 2813 h.
711 2747 733 2812 l.
766 2747 951 2813 πεπόνθασιν
982 2741 1003 2814 όι
1038 2759 1094 2814 ΔΗ
1126 2751 1323 2817 πεπόνθασιν.

138 2853 226 2918 Nihil
256 2854 394 2939 impedit
425 2847 487 2940 quo
512 2856 620 2918 minus
643 2856 677 2918 in
701 2853 760 2920 teli
783 2875 816 2919 re
839 2859 922 2920 reete
945 2856 1070 2922 dicatur
1092 2854 1278 2922 πεπόνθασιν
1302 2848 1323 2922 όν

141 2959 252 3031 πιόντες
285 2960 406 3038 ἴσασιν,
438 2966 476 3025 ut
503 2961 587 3045 apud
609 2959 781 3026 Isocratem
804 2962 885 3027 Phil.
912 2982 985 3048 pag.
1013 2960 1066 3026 94.
1092 2981 1121 3027 Β.
1146 2961 1214 3028 ὥσθ’
1240 2966 1323 3041 ἡμᾶς

141 3067 192 3144 μὲν
225 3069 336 3131 παθεῖν
369 3065 391 3131 ἃ
427 3066 541 3138 πιόντες
575 3065 696 3143 ἴσασιν,
729 3067 784 3132 sed
816 3068 906 3132 tenui
937 3073 1083 3152 certoque
1113 3070 1232 3134 indicio
1264 3079 1324 3134 ΔΗ

144 3173 284 3238 additum
316 3193 426 3239 veram
453 3172 624 3239 lectionem
647 3173 794 3239 ostendit.
842 3173 965 3260 Magne
986 3175 1088 3260 igitur
1110 3174 1255 3240 habende
1278 3180 1326 3241 est

144 3274 246 3344 Oodici
270 3277 294 3344 S
316 3281 437 3366 gretie,
467 3281 522 3365 qui
541 3278 628 3344 solus
645 3300 755 3346 verum
775 3278 945 3346 lectionem
965 3281 1004 3344 ab
1022 3280 1155 3344 interitu
1175 3284 1323 3347 servavit.

184 3490 259 3580 Peg.
297 3489 372 3556 149.
407 3487 437 3555 1.
462 3492 494 3557 τό
516 3493 585 3556 ποτ’
610 3489 657 3558 οὖν
683 3491 800 3566 ἐκείνως
824 3501 887 3564 τοῖς
911 3490 1017 3564 ἄλλοις
1043 3491 1094 3556 καὶ
1122 3494 1192 3570 ὑμῖν
1217 3495 1248 3559 οὐ
1274 3494 1326 3560 τὸν
1351 3547 1355 3556 .

145 3598 230 3663 αὐτόν
260 3599 370 3679 τρόπον
400 3600 626 3682 προσφέρεταις
651 3598 789 3664 Mirifice
811 3601 982 3685 oppositio:
1006 3600 1123 3671 ἐκείνας
1153 3637 1195 3649 -
1219 3602 1251 3665 οῦ
1276 3603 1327 3666 τόν

146 3704 231 3767 αὐτόν
261 3703 388 3786 τρόπον,
421 3706 475 3771 sed
506 3726 616 3772 veram
647 3705 818 3771 lectionem
849 3706 887 3769 ab
919 3704 1103 3771 Editoribus
1125 3708 1327 3792 repudiatam

146 3814 277 3877 servavit
307 3811 394 3877 solus
427 3811 466 3876 S:
499 3810 550 3876 καὶ
584 3811 656 3889 ὑμῖν
691 3816 832 3877 τοῦτον
855 3810 924 3876 τόν
961 3811 1070 3890 τρόπον
1102 3812 1323 3895 προσφέρεται;

146 3913 302 3982 Usitetum
334 3923 383 3982 est
413 3919 561 3983 omnibus
590 3918 710 3982 dicere:
745 3917 904 3989 ἐκείνως
935 3918 993 3994 μὲν
1015 3926 1077 3992 τοῖς
1102 3917 1230 3998 ἄλλοις,
1256 3921 1328 3998 ὑμῖν

148 4021 174 4085 δὲ
203 4020 300 4088 οῦτσο
332 4023 558 4106 προσφέρεται,
590 4029 621 4089 et
644 4045 771 4107 prorsus
793 4023 879 4088 idem
907 4030 955 4089 est
977 4021 1069 4097 οῦτοι
1094 4031 1127 4091 et
1149 4033 1254 4092 τοῦτον
1277 4030 1328 4093 τόν

148 4128 259 4207 τρόπον.

177 4233 490 4319 Mendosesoriptura
498 4237 586 4302 estin
594 4234 663 4300 loco
675 4257 772 4320 quem
782 4233 928 4300 falsarius
941 4235 1091 4302 describit
1101 4257 1175 4324 pag.
1186 4235 1261 4302 105.
1274 4238 1328 4308 17.

149 4340 176 4408 τό
187 4347 252 4406 ποτ’
265 4335 314 4406 οῦν
329 4340 445 4414 ἐκείνως
458 4350 519 4416 τοῖς
530 4339 635 4415 ἄλλοις
646 4329 699 4405 καὶ
709 4344 740 4407 οῦ
750 4341 901 4406 τόναῦτόν
909 4339 1017 4422 τρόπον
1028 4344 1099 4420 ὑμῖν
1110 4341 1327 4430 προσφέρεται;
