3034 4970
815 237 880 306 leo

250 435 412 500 contextae
436 437 524 509 sunt,
549 433 637 496 etin
660 431 711 495 his
734 431 882 494 omnibus
905 433 1117 495 sectantum
1141 430 1299 512 scriptura
1322 431 1436 512 reperta

249 544 297 604 est
320 537 471 624 vulgatae
494 536 725 621 anteponenda,
749 537 784 599 in
811 537 965 599 Theaeteto
987 557 1061 622 pag.
1088 533 1163 600 175.
1185 551 1212 599 e.
1238 535 1297 599 ubi
1320 534 1437 613 βαρβα

250 643 335 724 μίζων
367 648 493 709 servant
516 642 659 707 Platonis
684 638 828 716 Codices,
853 640 908 706 sed
931 638 1127 720 βατταρίζων
1150 639 1352 706 Themistius
1375 661 1437 724 sup·

251 750 374 836 peditat
396 769 468 836 pag.
495 746 573 813 278.
1333 748 1335 757 “

294 853 332 920 In
361 853 496 918 Libanio
527 858 650 929 autem,
681 855 737 938 qui
761 854 916 917 sexcentis
938 851 1017 918 locis
1042 855 1147 917 utitur
1170 873 1209 916 ex
1231 851 1437 917 Demosthene

251 966 283 1026 et
311 959 469 1025 Aeschine
499 960 632 1033 sumtis,
657 960 712 1042 qui
734 961 854 1044 passim
876 957 1098 1044 Thucydidem
1123 964 1155 1023 et
1178 958 1353 1023 Isocratem
1374 959 1436 1022 imi·

249 1072 355 1142 tatur,
375 1085 552 1148 numquam
571 1084 611 1128 ne
629 1084 730 1127 unum
750 1064 881 1148 quidem
899 1062 1006 1127 locum
1026 1067 1146 1148 reperi,
1165 1063 1250 1128 unde
1270 1063 1435 1148 quidquam

250 1173 285 1235 in
308 1190 418 1234 eorum
440 1171 566 1253 scriptis
590 1174 645 1233 aut
669 1169 785 1234 mendo
803 1168 933 1233 liberari
953 1175 1008 1233 aut
1029 1168 1137 1252 paullo
1157 1168 1276 1233 melius
1296 1171 1436 1232 constitui

249 1277 360 1361 possit.
404 1273 492 1340 Vitia
526 1279 557 1339 et
588 1295 706 1339 errores
734 1274 790 1339 diu
822 1279 894 1339 ante
924 1274 1052 1339 Libanii
1085 1279 1224 1339 aetatem
1256 1276 1325 1338 nati
1355 1279 1437 1356 sunt,

251 1401 352 1464 neque
385 1389 456 1464 post
483 1378 656 1443 Libanium
680 1375 812 1443 Codices
834 1378 938 1444 multo
962 1380 1132 1444 deteriores
1155 1385 1231 1444 sunt
1252 1379 1339 1444 facti.
1384 1379 1436 1442 Per

251 1506 306 1551 sex
336 1488 442 1570 prima
474 1483 599 1549 saecula
628 1484 778 1568 pleraque
810 1487 983 1569 scripturae
1013 1487 1095 1550 vitia
1126 1489 1195 1549 orta
1216 1491 1258 1570 et*
1272 1489 1435 1572 propagata

206 1647 211 1654 .
250 1598 340 1669 sunt,
365 1591 400 1655 id
424 1590 507 1674 quod
530 1595 562 1654 et
584 1595 656 1654 ante
678 1589 793 1654 multis
815 1590 971 1675 exemplis
992 1591 1298 1665 demonstravimus,
1320 1597 1352 1655 et
1369 1591 1435 1656 alias
1511 1667 1512 1672 γ

251 1701 286 1762 in
316 1697 464 1772 Platone,
492 1695 723 1771 Demosthene,
748 1695 954 1782 Thucydide,
979 1694 1069 1771 aliis,
1094 1698 1252 1780 copiosius
1274 1699 1372 1761 etism
1393 1697 1435 1760 de
1511 1753 1512 1770 ,

252 1809 427 1870 monstrare
459 1801 628 1867 consilium
659 1806 716 1866 cst.
765 1801 858 1866 Nunc
890 1821 953 1866 uno
976 1805 1103 1865 tantum
1125 1807 1201 1866 utar
1223 1801 1383 1887 exemplo,
1404 1807 1434 1865 ut
1510 1789 1512 1876 l

251 1910 416 1977 ostendam
433 1909 604 1974 Libanium
625 1908 741 1973 vitiosa
757 1907 841 1991 apud
860 1906 1029 1972 Platonem
1040 1907 1175 1972 lectione
1188 1928 1255 1974 esse
1268 1908 1432 1994 deceptum.
1511 1947 1512 1952 κ

251 2015 370 2080 Scribit
405 2013 496 2078 Pom.
532 2013 572 2076 Π.
611 2033 684 2100 pag.
722 2011 798 2076 533.
837 2011 889 2077 19.
915 2013 1058 2090 μονονοὺκ
1081 2013 1131 2078 ἐπὶ
1157 2020 1215 2078 τῶν
1240 2021 1383 2094 κεφαλῶν
1404 2015 1432 2076 τὸ

252 2120 397 2200 συνέδριον
422 2119 574 2198 φέροντες.
612 2117 737 2183 Sumsit
760 2119 836 2184 haec
861 2140 879 2183 a
903 2118 1032 2184 Platone
1054 2121 1091 2182 de
1113 2119 1190 2202 Rep.
1215 2141 1290 2207 pag.
1313 2119 1375 2185 600
1403 2138 1431 2184 n.

251 2229 343 2291 cuius
362 2226 469 2291 locum
488 2235 595 2291 vetere
614 2226 728 2290 mendo
741 2225 951 2310 depravatum
963 2246 1104 2291 essenon
1116 2224 1288 2292 intellexit.
1312 2227 1431 2292 Editur:

251 2329 326 2398 οὕτω
358 2330 478 2410 σφόδρα
510 2335 674 2411 φιλοῦνται
699 2327 755 2398 o‘r'ss
780 2331 868 2408 μόνον
893 2336 944 2396 οὐκ
969 2334 1017 2396 ἐπὶ
1041 2340 1114 2402 ταῖς
1138 2339 1299 2411 κεφαλαῖς
1323 2332 1432 2411 περιφέ-

250 2460 347 2518 pooorv
370 2438 482 2533 adroic
507 2438 532 2501 οἱ
557 2437 687 2516 ἑταῖροι,
710 2438 767 2502 ubi
787 2435 1020 2502 Stallbaumius
1040 2437 1212 2504 themistii
1231 2440 1431 2503 imitationem

249 2543 405 2609 indicavit
427 2542 514 2607 XXI.
541 2563 614 2630 pag.
642 2542 718 2608 254.
746 2563 777 2607 Α.
806 2539 836 2608 ἓν
862 2544 951 2620 ἡμεῖς
976 2545 1025 2608 δια
1050 2543 1168 2615 ταύτην
1190 2544 1245 2618 τὴν
1266 2543 1432 2624 φαντασίαν

251 2651 393 2727 μονονοὺκ
426 2649 476 2713 ἐπὶ
508 2657 579 2720 ταῖς
610 2656 770 2728 κεφαλαῖς
802 2649 1014 2729 περιφέρομεκ
1047 2647 1253 2714 Ostendimus
1282 2651 1322 2716 ad
1342 2650 1432 2715 Xeno
1508 2635 1511 2788 q

251 2756 379 2841 phontis
413 2755 622 2842 Cyropcede'om
650 2754 795 2820 Platonis
817 2775 951 2819 manum
975 2755 1057 2818 hanc
1081 2771 1166 2820 esse:
1190 2755 1280 2833 μόνον
1305 2737 1355 2821 ede
1376 2758 1431 2818 'GN

251 2868 322 2932 ταῖς
346 2860 533 2932 ἈΓΚακακ
559 2861 767 2940 περιφέρουσιν
792 2862 817 2925 οἱ
843 2860 975 2940 ἑταῖραι,
999 2864 1038 2924 ut
1060 2859 1174 2925 Latine
1190 2869 1308 2942 pectore
1320 2882 1431 2946 perraro

244 2968 408 3052 porculum
438 2967 472 3029 ἐκ
503 2966 638 3030 mercibus
665 2973 696 3032 et
720 2967 753 3030 ia
776 2966 846 3030 eico
865 2973 983 3048 pestere
1007 2971 1038 3031 et
1058 2973 1175 3046 pestere
1197 2967 1231 3030 ἐκ
1254 2969 1347 3032 oculis
1369 2967 1431 3031 dici·
1508 2955 1509 3022 j

255 3079 316 3138 tur.
356 3073 508 3138 Libsnius
541 3074 640 3136 sensit
667 3075 787 3138 vitium
820 3073 922 3137 inesse
944 3074 978 3136 in
1002 3072 1051 3136 ἐπὶ
1076 3079 1148 3145 ταῖς
1172 3079 1331 3154 κεφαλαῖς
1354 3080 1383 3137 et
1402 3069 1430 3134 de
1508 3049 1510 3130 l

251 3200 308 3244 suo
341 3178 390 3243 ἐπὶ
419 3184 477 3242 τῶν
506 3183 652 3259 κεφαλῶν
675 3178 843 3242 substituit
862 3198 978 3259 augens
1002 3180 1101 3243 etiam
1122 3176 1260 3242 malum.
1298 3178 1429 3243 Reislrius

251 3283 409 3371 explicere
440 3289 570 3350 conatus
601 3284 740 3369 perdidit
771 3302 917 3368 operam:
952 3284 1000 3360 „ei
1031 3289 1098 3368 quoa
1128 3284 1260 3369 (inquit)
1292 3290 1325 3346 ia
1349 3281 1428 3369 eapite

249 3392 325 3476 quid
346 3397 467 3474 portet,
500 3391 536 3453 ed
565 3390 599 3453 ire
624 3396 772 3473 potestate
800 3411 856 3452 auo
886 3390 993 3465 tebet5
1004 3411 1097 3471 peace
1121 3411 1185 3452 eura
1209 3397 1252 3453 eet
1271 3390 1306 3453 e'el
1325 3389 1427 3474 deferre
1505 3394 1510 3546 q

250 3519 427 3582 quaerasque
455 3495 552 3560 celit''
574 3495 658 3579 quod
681 3499 787 3580 aperte
811 3501 843 3559 et
866 3515 940 3559 cum
963 3501 1078 3559 natura
1101 3496 1147 3559 rei
1171 3500 1295 3582 pugnat
1317 3501 1345 3560 ct
1366 3509 1426 3557 cum
1509 3553 1510 3558 ,

249 3605 336 3667 vitae
367 3621 436 3666 usu.
474 3599 582 3666 Satius
612 3607 659 3666 est
682 3600 816 3664 Libanio
840 3621 936 3664 suum
959 3621 1097 3665 errorem
1119 3600 1297 3685 relinquere
1320 3621 1352 3666 ac
1371 3615 1425 3662 me·
1506 3585 1509 3680 Ι

250 3709 383 3772 minisse
413 3708 480 3770 iam
510 3706 588 3772 olim
611 3706 755 3771 Platonis
780 3704 911 3770 Codices
933 3706 1058 3771 mendis
1083 3709 1181 3771 etiarn
1205 3708 1368 3792 perineptis
1385 3704 1424 3764 in·
1506 3681 1509 3754 l

253 3814 399 3896 quinatos
433 3811 540 3878 fuisse.
587 3811 687 3892 Vetus
717 3811 799 3876 liber
829 3832 975 3897 perrosus
1006 3812 1083 3876 haec
1117 3816 1247 3878 tantum
1280 3809 1421 3878 servabat:

251 3917 319 3980 ’eii
331 3925 432 3980 TAIC
444 3916 464 3954 ³*
476 3916 527 3954 *⁴*
539 3925 687 3993 AAAIC,
709 3918 793 4001 quod
812 3920 917 3982 nescio
938 3920 1009 4003 quis
1028 3920 1177 4003 imperite
1190 3919 1326 4005 explevit
1337 3906 1420 3998 'elad

252 4032 353 4088 TAIC
378 4023 680 4109 (aeq)AnA1cpro
704 4025 908 4104 'e(o)TA1c
934 4023 1162 4110 (αγκ)ΑΛΛΙΟ
1186 4024 1389 4106 περιφέρουσιν.
1505 3966 1509 4100 l

650 4187 756 4270 Ἄξιον
779 4208 1038 4256 munneounuuu.
1502 4171 1508 4252 l

293 4341 443 4408 Solebant
477 4339 557 4406 olim
591 4340 723 4406 lectores
753 4346 782 4408 si
813 4343 890 4428 quid
921 4345 1005 4408 inter
1033 4343 1209 4429 legendum
1242 4337 1418 4408 vehementer
