3026 4970
652 249 717 321 295

106 447 243 519 ΑΔΙΟΝ,
277 441 331 509 sed
353 446 387 508 in
411 483 453 493 ·-
478 445 576 528 ᾠδιον,
603 481 643 492 -
669 443 769 527 ᾴδιον,
793 441 960 527 κοιλῴδιον,’
980 442 1096 525 ζῴδιον,
1122 445 1272 529 κρεᾴδιον,

107 549 210 631 ἐλᾴδιον
231 554 263 615 et
285 549 414 616 similia.
448 550 486 615 In
511 588 552 600 -·
574 557 711 614 ΤΔΙΟΝ
736 553 864 614 tantum
883 548 899 612 Ι
918 551 1098 634 omittitur,
1123 551 1270 632 ἰχθύδιον,
1350 635 1353 640 ¹

107 654 241 736 βοτούδιον
265 663 324 723 oet.

141 865 175 928 In
196 863 349 932 versiculo
372 864 530 952 Odysseae
553 888 587 928 τ.
613 863 666 928 44.
692 869 724 928 et
747 864 835 930 alibi.

246 969 304 1046 ἦτ’,
330 967 352 1034 ὦ
375 968 460 1046 ξεῖν’,
484 971 574 1046 ἡμεῖς
598 969 629 1036 δὲ
652 970 704 1034 καὶ
729 967 837 1034 ἄλλοθι
861 969 970 1047 δήομεν
993 967 1087 1051 ἕδρην.

103 1078 227 1161 suspicor
258 1077 300 1142 rat
332 1075 466 1141 Ἀττικοὶ
497 1078 679 1156 ypapante
713 1084 822 1140 deco
852 1076 937 1142 male
961 1077 1117 1162 descripta
1140 1097 1206 1142 esse
1229 1099 1274 1142 re·

102 1183 345 1267 ponendumque:

426 1284 508 1367 ἧσο,
533 1287 617 1364 ξεῖν’,
644 1291 731 1364 ἡμεῖς
756 1287 803 1353 δέ.
828 1289 893 1351 uri.

138 1392 374 1459 Eiusdemmodi
405 1391 442 1458 de
473 1391 567 1458 causa
590 1391 701 1479 Odyss.
728 1389 755 1456 δ.
784 1392 867 1470 523,
892 1399 1004 1458 natum
1029 1415 1095 1459 esse
1119 1395 1271 1460 arbitror:

423 1498 611 1562 οἰστοιτιῺΟ
634 1497 679 1562 ἴδε
703 1506 812 1574 patav.

100 1604 252 1670 credebant
282 1609 316 1669 in
346 1603 525 1670 οἱστοὲοιοο
555 1603 708 1667 ultimam
738 1607 835 1667 metri
866 1604 983 1669 indicio
1009 1603 1140 1690 longam
1163 1607 1271 1671 fuisse.

99 1707 140 1772 ux
160 1731 220 1794 quo
242 1713 276 1775 τὸ
301 1710 451 1789 ticceau
475 1710 572 1776 rediit
594 1708 708 1773 melior
730 1709 825 1773 lectio
849 1712 984 1796 emergit
1007 1711 1102 1774 haec:

424 1814 604 1880 οἱστιὶτιΟΟ
627 1813 684 1878 rtis
710 1823 818 1892 χοιῖοιν.

98 1921 236 1987 similiter
257 1922 283 1986 d.
308 1921 374 1986 450
397 1942 453 2008 pro

424 2025 437 2092 ὃ
462 2027 488 2092 δ’
511 2025 558 2106 ἄρ’
582 2025 769 2090 οὶοτοιτιὨΟ
794 2025 838 2089 ἴδε
861 2027 956 2107 θυμῷ.

96 2152 197 2198 rerum
221 2134 350 2199 videtur
371 2134 552 2198 οὶττοῒοιΟΟ
575 2134 643 2197 οἶδε.
669 2137 754 2197 etv.
780 2131 821 2195 33
845 2152 902 2216 pro

289 2241 475 2305 ιἰττοισίΩΟ
498 2239 525 2302 δ’
552 2236 613 2318 ἄρον
637 2241 678 2316 τῷ
704 2237 818 2302 κοτέδν
841 2236 923 2319 dolce
948 2237 1065 2312 ἠελίοιο.

94 2347 255 2429 requiritur
278 2346 405 2412 dativus
428 2344 621 2421 οὶστοισιὮΙ,
646 2345 740 2407 utin

423 2451 489 2528 ἐμοὶ
515 2449 546 2514 δέ
570 2473 620 2514 νεν
644 2447 765 2529 οἰομένῳ
789 2449 847 2524 εἴη.

94 2565 122 2623 Ξ.
149 2556 232 2623 108.
255 2557 497 2623 lliusdemmodi
519 2555 673 2621 mendum
697 2557 871 2619 exemerim
894 2560 986 2620 etex
1009 2555 1101 2622 Iliad.
1129 2566 1166 2620 Σ.
1190 2555 1266 2624 270.

334 2663 520 2728 ἄστατΙΩΟ
543 2662 606 2740 γὰρ
629 2658 780 2740 &Oliaros
801 2663 896 2725 Ἴλιον
921 2662 996 2741 ἱρήν.

91 2768 142 2832 ubi
162 2768 341 2834 οὶοτιὶτιοο
365 2769 590 2854 reponendum.
615 2766 653 2831 ef.
680 2775 719 2830 Θ.
744 2763 818 2830 488.
845 2775 881 2830 Κ.
909 2765 961 2830 35.
983 2777 1020 2831 Φ.
1042 2765 1118 2833 607.
1139 2781 1170 2830 λ.
1192 2764 1267 2832 430.

130 2875 165 2939 In
187 2877 237 2943 his
261 2876 408 2941 omnibus
430 2873 586 2939 librorum
610 2873 794 2936 testimonia
816 2871 864 2936 nil
887 2877 1034 2956 prosunt,
1057 2874 1132 2956 quia
1155 2873 1184 2936 ἒν
1208 2882 1269 2947 τοῖς

91 2983 236 3055 'uerrucis
256 2980 425 3062 νριέμμοιοι
445 2985 618 3064 utrumque
639 2979 749 3044 eodem
768 2979 863 3044 modo
876 2978 1025 3044 scribitur
1038 2989 1265 3059 ACHACIOC,

91 3089 168 3170 quod
197 3093 307 3153 utrum
333 3085 488 3158 οὶοτοέοιος
513 3091 595 3150 esset
617 3105 657 3149 an
679 3084 841 3154 οὶοτοοοίοι
865 3104 922 3149 suo
946 3087 1099 3148 arbitratu
1122 3086 1148 3148 oi
1172 3109 1270 3162 μετιο-

89 3191 360 3276 χοοροοκτηριζοντες
384 3193 629 3259 constituebant.

129 3399 177 3468 ux
208 3403 319 3468 eodem
348 3400 434 3465 fonte
466 3402 611 3466 manavit
642 3400 782 3465 confusio
809 3403 892 3464 inter
917 3408 960 3463 01
986 3403 1018 3464 et
1042 3408 1108 3463 nl:
1132 3401 1166 3463 in
1190 3402 1270 3465 anti-

89 3510 245 3591 quissimis
268 3508 356 3572 enim
377 3505 512 3570 Homeri
535 3505 627 3570 libris
649 3511 783 3591 utraque
807 3505 1024 3592 diphthongus
1046 3506 1156 3571 eodem
1174 3507 1270 3572 modo

90 3615 276 3680 scribebatur
301 3621 362 3688 01,
387 3613 503 3696 quique
526 3611 569 3682 οἷς
594 3611 635 3674 τδι
660 3613 779 3676 ’quenci
804 3612 985 3689 χροὶιομοοτοο
1012 3614 1152 3676 earmina
1179 3613 1271 3688 μετέ·

89 3717 184 3793 βολον
214 3740 286 3785 suas
317 3719 479 3802 opiniones
511 3719 612 3781 secuti
642 3718 736 3782 modo
771 3727 814 3781 01
840 3717 1024 3799 servabant,
1048 3717 1141 3782 modo
1163 3720 1198 3782 in
1219 3729 1269 3784 ΩΙ

88 3825 305 3906 producebant.
351 3821 426 3886 Huc
456 3824 594 3908 pertinet
622 3822 725 3889 forma
752 3820 874 3903 ᾠνοχόει
900 3827 932 3885 et
955 3819 1109 3901 ἐῳνοχόει,
1134 3845 1270 3908 quarum

87 3928 162 3994 haec
189 3929 356 4018 legebatur
386 3937 424 3992 A.
458 3926 539 4005 598,
572 3933 604 3993 et
636 3951 660 3993 ο.
695 3927 777 4005 141,
809 3949 892 3993 nunc
915 3927 1080 3992 Bekkerus
1102 3931 1270 4015 utrobique

88 4035 222 4114 τοινοχόει
250 4037 406 4121 reposuit,
431 4034 593 4100 sedidem
618 4034 709 4100 lliad.
736 4046 773 4098 A.
800 4033 837 4110 3,
863 4032 972 4113 νέκτοιρ
997 4033 1147 4114 ἐτῳνοχόει
1171 4037 1271 4102 edidit

89 4146 119 4205 et
142 4140 250 4229 Odyss.
276 4165 303 4206 ν.
325 4139 408 4216 255,
429 4137 580 4221 ἕτῳνοχόει
603 4140 634 4205 δὲ
654 4138 847 4211 Μελανθεύς.
884 4138 1028 4204 Debebat
1048 4147 1189 4208 constare
1209 4143 1271 4208 sibi

90 4252 120 4312 et
142 4247 292 4329 ἕνοινοχδει
312 4266 470 4314 revocare.
562 4297 570 4310 .
1085 4277 1086 4284 ¹

131 4353 234 4422 Multo
257 4354 389 4444 marius
411 4356 579 4438 peccatum
605 4358 653 4420 est
675 4355 710 4418 in
733 4351 846 4439 Odyss.
871 4361 905 4416 Γ.
931 4349 1007 4420 472.
