3086 4968
686 247 751 316 509

119 436 244 518 γνόμην
269 437 444 513 ἐνέπλησεν.
479 437 618 505 Fatuum
643 439 730 504 enim
753 442 801 505 est
825 435 844 522 ή
863 443 967 506 ταῦτα
988 447 1176 521 προαιρεῖται
1200 447 1311 526 ποιεῖν,

120 551 151 612 et
174 550 274 614 etiam
298 549 390 633 peius
413 545 506 611 αὑτοῦ
531 544 687 610 additum.

164 755 245 844 Pag.
269 754 345 821 546.
367 755 398 822 2.
420 751 476 820 εἶθ’
498 755 584 833 ὑμεῖς
605 753 657 818 τόν
677 751 770 826 οὕτως
790 753 885 834 ὠμόν,
904 755 956 820 τόν
967 753 1059 830 οὕτως
1074 757 1240 835 άγνάμονα
1252 794 1306 836 -,

120 864 226 927 τοῦτον
258 861 422 943 ὑβρίζοντα
453 859 607 940 λαβόντες
639 858 681 932 εθς
711 884 781 924 τινα
812 863 871 926 τῶν
900 868 1032 928 πολιτῶν
1062 864 1227 946 άφήσετε,
1256 862 1309 928 καὶ

120 966 192 1044 μήθ’
223 968 324 1048 ἑορτῆς
354 967 435 1047 μήτε
468 968 549 1048 ἱερῶν
575 967 657 1044 μήτε
681 964 772 1044 νόμου
796 967 872 1045 μήτ’
897 965 995 1034 άλλου
1018 969 1144 1048 μηδενός
1170 970 1311 1048 πρόνοιαν

121 1071 328 1150 ποιούμενΟΝ
356 1075 389 1139 esi
414 1074 683 1155 καταφηφιεῒσθες
708 1074 739 1138 οὐ
763 1071 970 1154 παράδειγμα
994 1077 1154 1161 ποιήσετε;
1178 1077 1310 1143 Novum

121 1184 153 1244 et
175 1179 359 1245 inauditum
382 1185 431 1245 est
453 1176 718 1262 καταφηφθζομαι
743 1179 794 1244 τόν
819 1178 1027 1258 -ποιοθμενον
1050 1201 1107 1266 pro
1133 1187 1186 1247 τοῦ
1213 1203 1311 1247 πονου·

121 1283 222 1362 μένον.
271 1283 420 1370 Suspicor
449 1285 591 1366 άφήσετε
621 1284 692 1351 loco
718 1289 845 1350 motum
880 1307 945 1351 esse
978 1291 1010 1352 et
1041 1287 1087 1351 sic
1117 1286 1311 1376 legendum:

123 1390 197 1463 -εός
233 1414 305 1457 τινα
338 1396 396 1457 τῶν
430 1395 562 1456 πολιτῶν
598 1390 665 1460 καὶ,
686 1391 757 1468 μήθ’
790 1391 891 1470 ἐορτής
929 1391 1099 1472 -πρόνοιαν
1136 1392 1311 1470 ποιούμενον

122 1498 280 1581 άφήσετε;
305 1499 338 1562 οὐ
365 1498 637 1577 καταψηφιεῖσθε;
662 1498 694 1561 οὐ
719 1495 926 1577 παράδειγμα
949 1498 1107 1583 ποιήσετε;

166 1708 247 1796 Peg.
281 1705 358 1774 547.
387 1706 442 1773 26.
466 1704 648 1783 λιποταξίου
673 1707 800 1786 γραφήν
824 1706 1036 1772 κατεσκεύασε
1061 1705 1135 1771 κατ’
1160 1707 1235 1783 ἐμοῦ
1260 1706 1312 1770 καὶ

121 1812 172 1878 τόν
205 1817 294 1878 τοῦτο
318 1813 483 1889 ποιήσοντα
512 1811 700 1891 ἐμισθώσατο
724 1813 775 1876 τὸν
797 1811 905 1891 μιαρόν
929 1811 981 1876 καὶ
1007 1816 1118 1893 εὐχερῆ
1145 1814 1210 1897 [τὸν
1234 1834 1312 1876 κονι-

122 1919 219 2003 ορτόν]
255 1920 454 1999 Εὐκτήμονα.
500 1918 583 1985 Scin’
618 1920 702 1984 unde
735 1917 908 1984 molestum
944 1923 976 1984 et
1005 1920 1227 2004 importunum
1262 1918 1313 1982 τόν

123 2025 269 2104 κονιορτόν
299 2027 362 2091 huc
392 2023 575 2111 irrepserit?
619 2025 745 2110 Nempe
775 2045 814 2090 ex
842 2044 915 2111 pag.
942 2022 1018 2089 560.
1042 2024 1073 2090 2.
1100 2029 1150 2089 νῦν
1174 2024 1201 2089 δ’
1225 2021 1310 2102 οἶμαι

121 2130 233 2196 τούτου
255 2130 473 2210 προβέβληται
496 2130 705 2207 Πολύευκτος,
729 2129 948 2209 Τιμοκράτης,
972 2130 1145 2208 Εὐκτήμων
1169 2132 1182 2194 ό
1207 2153 1314 2211 κονιορ-

120 2236 190 2311 τός·
225 2238 356 2303 τοιοῦτοί
386 2237 464 2310 τινές
497 2238 554 2303 εἱσι
583 2234 758 2319 μισθοφόροι
785 2234 851 2315 περὶ
876 2233 978 2301 αὐτόν.
1025 2236 1099 2302 Non
1120 2242 1244 2323 poterat
1264 2237 1315 2302 bis

119 2346 154 2408 in
189 2342 301 2408 eadem
335 2345 475 2410 oratione
509 2342 605 2440 pihili
638 2343 803 2407 hominem
829 2341 958 2429 vulgari
988 2345 1176 2430 cognomine
1209 2342 1313 2430 desig-

119 2469 206 2515 nare.
252 2448 361 2516 Priore
391 2449 460 2516 loco
492 2451 559 2514 suis
587 2449 694 2514 verbis
722 2448 964 2534 improbitatem
1000 2448 1140 2514 hominis
1170 2450 1314 2531 notavit,

120 2556 233 2622 deinde
265 2575 341 2621 eum
372 2554 547 2641 appellavit
579 2574 615 2620 eo
638 2555 846 2642 cognomine,
871 2553 955 2639 quod
980 2556 1010 2618 ei
1033 2556 1183 2620 iuventus
1206 2553 1315 2618 Attica

115 2667 248 2748 propter
269 2661 357 2728 vitae
380 2663 486 2728 sordes
508 2659 677 2726 indiderat.

164 2872 246 2961 Peg.
280 2869 356 2936 548.
391 2868 420 2936 5.
453 2869 509 2935 καθ
539 2893 590 2949 μοι
622 2867 704 2933 δοκεῖ
726 2865 783 2930 κάν
807 2865 1068 2947 προσγράψασθαι
1101 2864 1192 2941 ήδέως
1221 2863 1313 2938 εόπως

122 2981 190 3055 ἐνῆν
222 2974 268 3042 ότι
295 2976 421 3042 Μειδίου
443 2972 675 3055 μισθωσαμένου
696 2973 891 3053 γέγραπται.
937 2971 1194 3037 Emendandum:
1221 2995 1313 3052 προσ·

120 3083 258 3166 γράψλΙ
292 3081 395 3158 ἡδέως.
451 3081 580 3148 Fefellit
609 3079 754 3146 librarios
785 3078 973 3164 praecedens
1005 3076 1169 3156 ἐγράψατο
1202 3082 1234 3143 et
1268 3098 1314 3144 se

120 3210 221 3276 quens
253 3187 449 3270 γέγραπται,
477 3189 531 3255 sed
555 3187 722 3252 adscribere
744 3189 922 3251 constanter
946 3184 1063 3250 dicitur
1083 3183 1312 3267 προσγράφειν,

119 3302 159 3364 ut
182 3295 344 3360 ἰιαοιόόονο
366 3293 562 3377 ἐγγράφειν,
580 3293 767 3378 proscribere
790 3289 1000 3372 προγράφειν,
1026 3291 1206 3355 conscribere
1228 3289 1315 3355 mili·

120 3408 170 3469 tes
193 3399 432 3483 καταγράφειν,
456 3421 620 3483 οαρυιιρονο
643 3395 849 3479 διαγράφειν,
875 3400 907 3462 et
930 3394 1052 3461 similia
1073 3395 1175 3482 plura.

165 3611 246 3699 Peg.
280 3608 356 3676 548.
390 3607 442 3673 16.
475 3607 597 3687 ἐτόλμα
628 3605 697 3686 περὶ
730 3606 803 3684 ἐμοῦ
835 3603 940 3683 λέγειν
970 3607 1008 3677 ὥς
1040 3606 1100 3682 ε’γόο
1128 3605 1163 3670 τό
1188 3603 1313 3684 πράγμ’

123 3726 218 3782 ΕΙΜΙ
249 3721 338 3782 τοῦτο
369 3714 528 3794 δεδρακώς.
574 3712 837 3780 Emendandum:
859 3713 908 3792 cie
943 3713 1003 3790 ἐγὼ
1021 3749 1062 3760 -
1086 3719 1186 3776 ΕΙΗΝ
1211 3710 1314 3792 δεδρα-

119 3821 190 3893 nec.
237 3822 301 3888 Pro
333 3841 367 3886 re
394 3825 469 3886 nata
491 3823 526 3885 in
547 3818 771 3885 huiuscemodi
795 3819 969 3884 sententiae
993 3817 1095 3882 forma
1117 3823 1174 3882 aut
1195 3817 1314 3883 indica·

118 3931 207 3994 tirus
239 3929 369 4013 ponitur
399 3926 531 4007 δέδρακα
555 3932 611 3991 aut
634 3927 796 4010 optativus
822 3922 883 3998 εἵην
910 3921 1068 4003 δεδρακώς.
1115 3922 1212 3987 Recte
1237 3922 1313 3989 dici-

117 4040 171 4100 tur
205 4034 267 4111 ἐγώ
300 4033 364 4108 εἶμι
397 4035 434 4098 '0
466 4035 556 4098 τοῦτο
588 4030 752 4112 δεδρακώς,
785 4050 848 4096 non
877 4031 959 4094 item
991 4029 1050 4106 έγιθ
1076 4029 1138 4106 εἰμι
1164 4027 1312 4108 δεδρακώς

115 4162 173 4227 pro
197 4138 342 4219 δέδρακα.

160 4246 264 4312 Plane
294 4243 454 4333 gemellus
484 4245 559 4310 huic
591 4243 679 4309 locus
711 4249 758 4309 est
780 4262 855 4328 pag.
880 4238 955 4305 232.
984 4235 1037 4303 17.
1062 4236 1184 4319 ἐτόλμα
1207 4239 1311 4318 λέγειν

114 4357 151 4426 ὦς
176 4350 241 4434 άρα
266 4351 389 4430 ἐγὼ-
407 4352 583 4422 κεκωλυκὼς
607 4349 681 4425 εἵην
703 4351 759 4426 τήν
781 4345 930 4413 πόλιν-
951 4345 1018 4435 (τήν
1039 4345 1165 4436 εἰρήνην)
1184 4349 1311 4423 ποιήσα-
