3026 4970
605 554 758 621 XXXIII.

605 773 761 830 AAKPT.

527 869 628 954 ’δάκρυ
652 888 696 936 Iu
719 869 835 954 δάκρυ’.

136 1086 252 1152 Ilditur
277 1093 315 1150 Σ.
342 1081 419 1149 124.

136 1191 190 1257 καί
212 1215 284 1257 πννα
307 1186 524 1271 Τρωϊάδων-
538 1187 747 1271 ἀμφοτέρῃσιν
771 1189 861 1272 χερσὶ
886 1196 1016 1273 παρειῶν
1039 1189 1195 1258 άπαλάων

138 1297 232 1379 δάκρυ
256 1294 475 1376 ὀμορξαμένην.

96 1403 293 1470 dubitabisne
325 1403 506 1468 admonitus
536 1402 671 1467 scribere
701 1400 807 1483 δάκρυ’
843 1401 1069 1489 ὀμορξαμένην,
1105 1405 1168 1470 nisi
1202 1402 1283 1470 forta

94 1515 182 1597 putes
216 1511 354 1574 ambobus
386 1508 536 1573 manibus
571 1508 609 1574 de
644 1510 761 1573 tenerts
793 1510 879 1590 qanto
912 1531 1011 1575 unam
1044 1508 1282 1598 lachrymulam

95 1618 231 1704 abstergi
255 1635 354 1702 posse.
398 1614 526 1680 Ubottm
548 1613 676 1682 flaturas
702 1612 783 1679 dteit
807 1636 922 1682 uxores
945 1637 1081 1702 quorum
1101 1619 1187 1683 viros
1205 1618 1285 1684 occi·

95 1745 162 1789 sum
186 1728 251 1789 eat.
1037 1702 1038 1708 ἵ

136 1829 296 1894 Similiter
323 1826 533 1894 Telemachus
556 1827 592 1905 β.
619 1826 671 1891 11.
698 1829 768 1892 ποπὶ
794 1836 946 1908 σκῆπτρον
970 1827 1056 1905 βάλε
1079 1828 1157 1910 yolo
1180 1827 1285 1909 δάκρυ’

95 1937 294 2016 άναπρήοας,
315 1955 378 1999 non
398 1933 492 2015 δάκρυ
499 1981 507 2012 ,
528 1955 665 2018 namque
684 1934 719 1999 in
738 1935 853 1998 αόονονο
864 1937 971 2018 fletum
985 1937 1103 2021 erupit,
1118 1938 1149 2000 et
1162 1948 1190 1999 λ.
1208 1931 1285 1999 730.

96 2050 185 2108 κεῖνον
217 2042 244 2107 δ’
268 2039 379 2106 οὔποτε
404 2041 543 2118 πάμπαν
567 2040 627 2118 ἐγὼ
652 2039 925 2122 εἶδον-παρειῶν
949 2039 1044 2121 δάκρν
1069 2037 1286 2121 ὀμορξάμενον.

95 2150 192 2234 poscit
224 2149 382 2214 sententia
412 2148 516 2227 δάκρυ’
548 2147 588 2212 ob
614 2167 683 2212 rem
706 2148 828 2232 ipsam,
853 2148 893 2213 ob
915 2147 1075 2234 pluralem
1098 2150 1228 2228 παρειάν
1253 2149 1286 2212 et

96 2257 132 2323 ob
155 2277 192 2321 ea
217 2275 298 2340 quae
321 2255 470 2320 continuo
493 2252 702 2338 praecedunt:
728 2251 787 2318 ἕνθ’
812 2249 903 2318 assa
917 2291 959 2302 -

229 2359 355 2440 δάκρνΑ
380 2359 409 2423 π’
435 2357 624 2438 ὀμόργννντο
647 2356 757 2438 τρέμον
781 2360 807 2423 θ’
831 2359 888 2425 ὑπδ
913 2367 991 2439 ρνῖα
1015 2357 1135 2429 anteon.

136 2467 231 2535 Idem
253 2465 407 2531 mendum
431 2464 553 2530 obsidet
577 2463 685 2529 locum
707 2463 734 2530 Ι.
761 2463 840 2531 432.

232 2572 289 2654 ὀψὲ
312 2571 343 2636 δὲ
368 2572 403 2647 aa
427 2570 587 2649 μετένενπο
610 2568 704 2650 γέρων
727 2560 897 2645 ἱππνλάπα
924 2569 1025 2648 Φοόννξ

232 2686 371 2744 ΔΑΚΡΤ
397 2676 596 2756 άναπράοας·
623 2675 688 2757 περὶ
715 2676 778 2758 γάρ
801 2677 845 2743 δνέ
870 2676 972 2753 ascolo
995 2679 1145 2759 Ἀχαιῶν.

95 2789 167 2872 quia
189 2785 337 2851 Phoenix
358 2785 393 2849 in
417 2787 562 2866 ὀαονροοαν
584 2784 682 2869 οναρόὀ
704 2804 767 2850 non
789 2781 883 2865 δάνρν
903 2783 957 2850 sed
977 2781 1081 2863 δάκρυ’
1103 2783 1286 2864 άναπράοας

95 2914 209 2959 verum
233 2896 291 2958 est.

615 3131 766 3202 XXXIV.

604 3336 775 3394 ΔΙΔΗΜΙ.

138 3525 303 3592 Edebatur
328 3522 441 3612 Odyss.
467 3547 502 3600 μ.
528 3519 581 3588 55.
661 3551 667 3562 ¹
830 3589 831 3592 ,

233 3625 260 3696 οἳ
280 3629 312 3696 δέ
335 3631 365 3695 π’
389 3627 433 3696 ἔτι
457 3628 618 3695 πλεόνεοον
641 3625 707 3694 πότ’
731 3628 761 3692 ἕν
785 3625 930 3705 δεομοῖονΙ
947 3631 1137 3691 ΔΕΟΝταν.

95 3759 197 3824 quum
216 3740 251 3801 in
270 3736 443 3803 Harleiano
464 3733 578 3803 (lodice
597 3740 721 3821 reperta
740 3738 787 3799 est
806 3731 1007 3798 Aristarchea
1026 3730 1122 3796 lectio
1136 3735 1286 3795 AmeN-
1348 3763 1351 3770 ·

94 3868 175 3917 των,
210 3844 384 3929 statimque
413 3843 482 3908 iure
513 3846 649 3929 recepta.
698 3840 735 3905 In
757 3858 852 3907 versu
876 3837 941 3904 196
965 3840 1082 3926 igitur:
1107 3835 1229 3902 πλείοσί
1251 3837 1286 3913 μ’

95 3950 125 4013 ἕν
153 3949 292 4027 δεσμοῖσι
317 3956 436 4013 ΔΕΟΝ
458 3971 496 4014 ex
520 3947 746 4014 consuetudine
769 3950 879 4033 potitae
904 3945 1015 4011 eadem
1040 3943 1157 4023 iisdem
1179 3943 1286 4010 verbis

94 4057 266 4141 repetentis
286 4076 342 4140 pro
363 4054 427 4120 δέον
448 4063 581 4119 ΔΙΔΕΝ
603 4057 664 4120 ortt
682 4053 908 4140 reponendum.
932 4049 988 4116 Bis
1007 4052 1158 4136 deprenso
1176 4049 1286 4115 eodem

96 4160 252 4227 Codicum
276 4181 378 4225 erroro
401 4159 493 4225 facile
516 4161 714 4226 subnascitur
738 4161 873 4245 suspicio
899 4169 935 4224 Σ.
959 4155 1035 4222 553.

235 4263 320 4331 data
345 4266 371 4331 δ’
395 4265 646 4345 decimanum
672 4265 702 4329 ἕν
726 4264 914 4330 ἐλλεδανοῖσι
946 4262 1091 4328 δέοντο.

95 4376 126 4437 et
149 4393 189 4454 χ.
216 4369 292 4437 189.
