3096 4972
691 254 757 337 569

178 450 261 547 Peg.
296 455 371 525 776.
405 455 457 522 12.
491 455 583 523 πάνθ’
615 454 674 524 ύσα
704 454 864 534 ταξοῖντοιν
893 459 952 520 τῶν
981 452 1078 534 νύμοιν
1100 451 1209 527 ἕκαςος
1236 453 1320 531 ἡμῶν

135 572 221 630 ποιεῖ.
269 563 307 629 In
339 561 362 628 S
384 562 505 651 legitur
529 567 563 628 in
586 567 731 652 margine
755 587 802 643 γρ.
828 561 1076 643 προσταξάντων.
1101 561 1184 648 quod
1207 581 1321 627 verum

90 681 91 686 ’
135 676 181 736 est
212 675 244 735 et
274 669 501 754 recipiendum.
548 669 616 735 Lex
638 691 701 736 non
726 671 843 735 dieitur
865 665 960 744 τάξαι
985 667 1040 733 sed
1062 667 1162 732 ύαύονο
1185 666 1319 731 κελεύειν

133 779 200 842 sive
222 773 440 856 προστάττειν,
467 780 499 840 et
520 781 619 840 vetare
641 775 847 855 ἀπαγορεύειν
870 775 939 840 sive
962 775 1015 840 ούκ
1038 774 1102 839 εὀῖν.

176 1016 257 1103 Peg.
291 1011 367 1083 776.
399 1011 453 1079 26.
486 1013 593 1080 ποῖντα
613 1015 678 1095 γὰρ
701 1015 743 1079 τοὶ
767 1014 868 1092 σεμνοὶ
893 1013 946 1079 καὶ
971 1013 1059 1078 καλοὶ
1084 1007 1213 1099 [καῖ’δῖ
1239 1009 1277 1078 ὧν
1302 1013 1319 1087 ἡ
1358 1077 1359 1082 ,

131 1119 221 1192 πόλις
250 1127 413 1198 κοσμεῖται
445 1119 498 1185 καῖ
529 1119 691 1204 σύζεται],
716 1123 733 1196 ιῖ
759 1119 951 1202 σωφροσύνη,
975 1122 992 1194 οἱ
1017 1119 1089 1199 πρὸς
1113 1117 1184 1188 τοὺς
1208 1117 1319 1197 γονέας

131 1226 184 1291 καὶ
217 1224 287 1298 τοὺς
311 1225 533 1306 πρεσβυτέρους
559 1225 640 1303 ὑμῶν
666 1225 754 1307 παρα
776 1232 835 1291 τῶν
859 1224 928 1290 νέων
951 1226 1101 1308 αἰσχύνη,
1126 1227 1143 1300 ἡ
1168 1220 1318 1302 εὐταξία,

131 1342 169 1414 τῇ
194 1335 253 1396 τῶν
278 1329 375 1409 νόμων
398 1331 548 1413 προσύύκρ
572 1337 629 1396 τοῖν
654 1333 789 1411 αἰσχρῶν
813 1331 955 1410 περῖεςιν.
1004 1328 1173 1395 Embleme
1197 1335 1320 1396 senten·

130 1439 213 1503 tiam
243 1458 374 1503 onerans
405 1441 438 1503 et
460 1437 631 1509 verborum
655 1458 784 1502 cursum
806 1435 984 1521 impediens
1008 1437 1170 1520 irrepsisse
1192 1434 1320 1500 videtur

131 1563 171 1606 ex
194 1563 268 1629 pag.
294 1539 372 1609 775.
399 1542 452 1608 26.
479 1542 530 1606 καῖ
556 1545 663 1607 πύντα
685 1543 720 1608 δι’
740 1539 813 1619 ὧνιὶ
837 1539 926 1614 πόλις
946 1543 1073 1607 οἰκεῖται
1096 1538 1133 1626 (Β
1152 1540 1318 1606 διοικεῖται.

131 1648 216 1733 quod
238 1651 391 1734 praestat)
413 1649 465 1714 καὶ
490 1645 629 1729 σώζεται.

176 1888 258 1975 Peg.
294 1884 370 1954 777.
408 1885 461 1952 13.
496 1885 752 1964 διαλογισάμενος
777 1923 821 1935 -
840 1881 885 1951 te
920 1882 1000 1960 ἓξεςι
1037 1883 1089 1948 καὶ
1127 1881 1231 1961 λέγειν
1265 1882 1318 1948 καῖ

131 2002 228 2060 ποιεῖν
260 1989 278 2056 ύ
298 2018 327 2057 τι
352 1991 389 2058 ύιν
413 1993 628 2071 βούληται-
647 1993 698 2057 καῖ
725 1991 818 2066 οὐδεὶς
839 2029 880 2038 -
895 1990 980 2065 εὐθὺς
1007 1989 1100 2055 αύτὸν
1128 1989 1319 2055 οῖποκτεί-

131 2123 209 2183 νει,
241 2101 307 2164 imo
338 2119 414 2166 vero
438 2100 611 2164 ιὶποκτενεῖ.
658 2097 867 2164 'I'relaticium
889 2097 949 2162 hoe
971 2117 1072 2184 genus
1095 2116 1237 2161 errorum
1260 2099 1317 2161 est.
1352 2139 1356 2143 -

175 2203 300 2271 Mirum
332 2210 379 2270 est
409 2203 591 2270 Dobreeum
620 2205 654 2268 in
686 2203 717 2269 h.
731 2202 754 2268 l.
787 2204 914 2275 haerere
940 2205 973 2268 et
1005 2199 1206 2268 Dindorfium
1239 2202 1318 2280 σῖτος

132 2310 242 2374 κτείνει
266 2331 360 2374 sensu
382 2330 519 2375 vacuum
542 2311 687 2374 retinere.
735 2305 865 2396 Cogitat
888 2309 984 2373 homo
1009 2308 1071 2373 sibi
1093 2307 1251 2392 quidlibet
1273 2308 1319 2374 fe·

132 2436 200 2479 cere
223 2414 318 2480 licere
341 2415 437 2499 idque
460 2435 493 2479 se
516 2416 582 2479 sine
606 2415 720 2499 cepitis
742 2414 883 2500 periculo
898 2414 1069 2500 facturum.

178 2520 238 2588 Est
260 2523 295 2585 in
318 2521 430 2586 eodem
452 2519 521 2585 loeo
545 2520 634 2586 eliud
656 2521 810 2586 mendum
829 2523 865 2586 in
883 2522 1005 2587 verbis:
1027 2518 1138 2600 ῖύνπερ
1159 2523 1212 2585 τοῦ
1233 2517 1318 2590 ποῖός

132 2654 177 2702 τις
199 2623 276 2692 εῖναι
300 2625 379 2702 δύξει
404 2627 469 2712 [Ὁ]
495 2632 600 2692 ταῦτα
625 2631 714 2691 ποιῶν
737 2626 923 2706 ὀλιγαρύσρ,
946 2625 1127 2714 admonitus
1146 2627 1231 2690 enim
1250 2645 1319 2689 sen-

130 2737 191 2800 ties
221 2731 393 2797 articulum
416 2733 530 2797 vitiose
553 2732 731 2799 abundare.
754 2751 831 2796 nem
856 2750 966 2797 sensus
989 2735 1037 2795 est
1060 2728 1144 2802 ποῖός
1168 2753 1214 2803 τις
1241 2724 1317 2792 εῖναι

99 2906 103 2910 ,
129 2839 208 2918 δύξει
233 2834 307 2904 ὅταν
331 2841 439 2902 ταῦτα
463 2846 546 2919 ποιῇ.

174 3076 253 3163 Peg.
288 3072 365 3143 778.
396 3073 427 3139 8.
454 3075 505 3140 καὶ
530 3074 626 3149 οὐδεὶς
652 3075 734 3151 ὑμῶν
758 3074 855 3154 χολὴν
885 3073 964 3161 [οὐδὲ
987 3074 1089 3159 ὀργὴν]
1116 3071 1194 3152 ἔχων
1218 3071 1319 3153 Φανοῖ-

127 3205 218 3248 σεται
254 3182 306 3263 ἐφ’
343 3176 385 3253 οἷς
416 3182 430 3245 ὃ
462 3180 609 3261 βδελυρὸς
629 3219 672 3230 -
690 3179 838 3263 βιάζεται
873 3182 944 3254 τοὺς
979 3180 1103 3257 νύμονς;
1136 3177 1318 3262 Utrumque

127 3288 305 3353 rectissime
335 3286 453 3351 dieitur
485 3289 583 3365 χολὴν
615 3283 698 3366 ἔχειν
730 3292 761 3352 et
793 3283 877 3366 ἔχειν
907 3287 1013 3366 ὀργήν,
1044 3285 1096 3350 sed
1121 3282 1220 3349 stulte
1242 3283 1323 3348 heee'

128 3394 383 3479 coniunguntur,
416 3375 516 3476 queei¹
537 3393 663 3459 diversa
694 3398 808 3459 essent.
854 3393 926 3458 Non
958 3397 1005 3457 est
1040 3391 1099 3456 hoe
1129 3409 1248 3455 novum
1283 3408 1319 3453 eo

128 3519 237 3564 reeens
267 3496 424 3563 librorum
446 3499 611 3563 mendum.
660 3497 826 3586 Longinus
849 3501 936 3564 enim
960 3497 1027 3578 περὶ
1050 3495 1145 3578 ύψονς
1171 3515 1237 3580 eep.
1263 3491 1318 3561 27.

129 3603 264 3670 eandem
285 3602 455 3668 lectionem.
477 3603 575 3669 effert.
622 3604 681 3670 Est
703 3606 807 3692 igitur
829 3610 922 3673 τεῖνε
945 3606 1084 3688 vitium,
1109 3601 1163 3668 sed
1183 3602 1315 3668 vitium.

177 3826 258 3914 Peg.
284 3824 360 3893 778.
386 3826 438 3893 11.
464 3826 650 3911 κεκλραένκς
675 3853 721 3894 σοι
745 3837 802 3904 τοῖς
825 3828 995 3910 παρρησίας
1019 3830 1052 3894 ού
1075 3828 1229 3906 κιγκλίσιν
1254 3827 1321 3893 οὐδὲ

131 3931 233 4012 θύραις
257 3927 279 3997 ἃ
303 3933 356 3998 καὶ
380 3931 613 4014 παρΑΝοῖὲειεν
637 3933 675 3999 οῖν
699 3959 746 4008 τις
770 3935 835 4010 κτὲ.
882 3934 918 4000 Si
938 3935 1015 4020 quid
1034 3935 1192 4000 eredimus
1215 3955 1320 4022 grem-

128 4039 258 4103 metieie
300 4043 333 4104 et
374 4039 569 4116 ύττικιςαῖς,
615 4041 850 4106 emendandum
886 4043 947 4105 erit
982 4037 1151 4120 παροῖξειεν
1189 4037 1227 4103 ύν
1262 4064 1321 4112 τις.

127 4141 268 4210 Moeris:
297 4144 501 4225 Παροῖξας
532 4153 603 4220 τῆς
632 4144 755 4224 θύρας
785 4145 938 4224 Ἀττικοί,
963 4142 1221 4225 παρανοῖξας
1244 4143 1321 4212 Ἔλ-

129 4263 230 4323 λκνες.
277 4249 480 4336 Phrynichus
510 4252 544 4315 in
575 4250 714 4316 Bekkeri
737 4252 847 4344 Ανοού.
871 4271 944 4336 pag.
971 4248 1024 4314 60.
1049 4247 1103 4315 20.
1136 4260 1320 4332 Παρειργ·

126 4352 252 4435 μένης
283 4363 354 4431 τῆς
387 4352 530 4437 ύύραςε
562 4357 588 4422 οἱ
610 4355 726 4424 ἰδιῶται
759 4354 1124 4440 παρανεριγμύνκς.
1204 4422 1206 4426 ,
