3034 4968
638 233 701 306 lta

625 429 727 510 φίλιος
748 429 789 496 ἄν
811 453 863 508 μοι
885 432 984 505 tenire

286 541 365 614 τρεῖς
389 535 471 612 perir
495 534 660 605 οὶιαλώοαι
685 537 873 612 λογίσασθαι
897 535 1035 602 δώδεκα.

137 639 223 724 Apud
245 638 409 704 Demosth.
429 659 503 726 pag.
527 637 579 703 52.
603 638 655 705 12.
675 643 817 722 οὶτοχοιῑι
837 642 921 713 ἐνίοις
942 644 1025 717 ὑμῶν
1044 640 1083 707 ἄν
1102 666 1153 719 μοι
1174 642 1272 708 δοκεῖ.

101 747 199 809 caeteri
220 745 320 818 δοκῆι.
345 743 378 810 S.
403 744 491 810 solus
514 745 608 809 δοκεῖ.
634 767 708 833 pag.
733 747 811 812 t27.
836 743 891 811 25.
915 750 953 819 ὥς
976 747 1003 811 t·
1026 746 1065 812 ἄν
1088 770 1139 824 μοι
1159 748 1275 813 δοκεῖτε

102 853 198 931 mirisa
227 854 359 926 reatris,
392 849 416 914 S
459 850 592 914 δοκεῖτε.
624 849 680 916 alii
711 851 828 927 δοκῆτε.
878 852 972 938 Apud
1004 852 1174 918 Isocratem
1197 873 1272 941 pag.

101 953 126 1018 t.
144 974 171 1021 s.
192 976 313 1032 omnes,
342 959 440 1022 etiem
463 954 617 1032 Urbinas,
645 956 812 1022 exhibent:
836 956 874 1021 δι’
897 953 934 1022 ὧι
957 958 1068 1036 ἄοικοι
1093 957 1206 1034 δοκοίης
1232 995 1275 1008 -

100 1069 207 1129 rasicae
238 1064 411 1127 ἐπιδοῦναι.
436 1082 538 1128 errore
566 1064 744 1128 manitesto.
791 1063 921 1128 Primus
943 1066 1088 1129 omnium
1112 1063 1276 1130 Belrkerus

99 1165 179 1239 δοκεῖς
211 1171 329 1254 requiri
365 1170 474 1233 sensit.
529 1168 669 1252 Apparet
705 1175 913 1234 correctorem
948 1169 1087 1255 aliquem
1121 1169 1175 1235 hio
1209 1191 1276 1236 esse

97 1285 268 1357 grassatum.
316 1274 389 1340 Non
423 1273 612 1360 intelligunt
646 1276 685 1338 ιἰι
720 1276 906 1339 -ἐπιδοῦιαι
941 1296 1008 1341 esse
1042 1277 1210 1341 coniuncta
1243 1281 1276 1341 et

97 1383 200 1443 temere
221 1399 256 1444 ac
280 1379 380 1445 stulte
402 1391 545 1444 veterem
568 1382 760 1464 scripturam
782 1379 984 1465 interpolant.

134 1482 190 1563 Qui
220 1486 319 1550 semei
349 1486 532 1551 admonitus
561 1487 645 1550 inter
671 1484 843 1571 legendum
869 1485 929 1550 hoo
952 1490 1028 1572 aget
1047 1485 1169 1552 multos
1191 1486 1276 1553 locos

95 1601 261 1674 reperturus
293 1605 342 1656 est
373 1592 482 1656 eadem
508 1593 699 1656 correctione
719 1591 915 1678 indigentes,
939 1601 977 1654 ut
999 1594 1084 1677 apud
1108 1591 1275 1658 Platonem

95 1696 123 1757 in
147 1697 263 1778 Protnp.
296 1694 373 1761 tel.
402 1715 431 1761 B.
457 1699 510 1760 οὐκ
534 1693 568 1760 εὖ
594 1697 631 1761 ἄν
656 1718 700 1760 τοι
724 1695 837 1761 δοκοῖ
858 1695 934 1760 οὕτω
958 1695 1159 1773 βεβιωκέναις
1187 1712 1219 1763 et
1240 1701 1275 1763 in

94 1800 191 1885 Lyside
218 1799 296 1867 206.
328 1822 360 1867 a.
391 1802 476 1872 τοῖός
510 1825 557 1874 τις
589 1799 627 1866 ἄν
650 1825 695 1867 σοι
720 1802 831 1867 δοκοῖ
852 1803 993 1878 θηρευτὴς
1018 1799 1114 1886 tiraq
1137 1804 1175 1865 de
1200 1805 1274 1886 Καρ.

95 1904 158 1971 493.
189 1925 216 1973 o.
250 1912 304 1973 οὐκ
325 1905 448 1978 ’ἔκτοτοο
473 1907 512 1972 ἄν
535 1932 579 1972 οοι
605 1908 717 1973 δοκοῖ
737 1905 814 1971 εἶναι
838 1907 1022 1992 ταιδεοτήςς
1047 1906 1146 1972 Recte
1168 1904 1275 1973 Codex

91 2008 179 2078 Paris.
202 2015 239 2080 A.
266 2015 355 2079 δοκεῖ.
402 2014 549 2080 Editores
571 2033 635 2080 non
659 2013 805 2080 audiunt.

293 2255 402 2328 'orer
426 2273 466 2321 nr
490 2251 570 2325 irae
594 2255 638 2331 μή
663 2270 730 2321 cau
752 2270 877 2319 rnrnao
898 2271 1050 2320 rnncrnn.

127 2435 199 2504 Loci
238 2441 314 2502 sunt
356 2435 606 2502 innumerabiles
647 2440 681 2502 in
721 2437 869 2502 omnibus
903 2437 1047 2502 omnium
1084 2438 1274 2524 scriptorum

89 2537 266 2615 Codicibus.
300 2545 357 2609 nbi
389 2544 536 2612 futurum
567 2548 639 2628 post
669 2539 748 2614 ὅπως
781 2548 815 2608 et
845 2539 924 2614 ὅπως
956 2545 1000 2619 μὴ
1024 2545 1057 2608 in
1080 2546 1274 2610 coniunctiri

88 2652 230 2714 aoristum
263 2671 429 2736 perperam
465 2657 497 2714 et
531 2653 646 2715 vitiose
681 2669 879 2715 conversum.
904 2655 961 2715 ast.
1018 2650 1146 2715 Abierat
1180 2657 1274 2716 vetus

88 2759 265 2841 compositio
298 2759 332 2821 in
368 2756 628 2840 desuetudinem,
662 2757 747 2821 unde
778 2756 899 2821 factum
931 2761 979 2820 est
1012 2762 1049 2820 ut
1079 2757 1198 2820 suibus
1233 2755 1273 2821 ad

88 2863 260 2946 aequalium
283 2864 441 2936 συνήθειαι
461 2862 690 2927 delabercntur.
735 2860 844 2932 Ὅπως
869 2869 901 2926 et
925 2858 1004 2924 ἕποιο
1028 2863 1072 2935 μὴ
1093 2862 1221 2926 iubentia
1242 2867 1275 2928 et

87 2970 207 3034 vetantis
224 2973 292 3034 sine
312 2968 380 3033 ulla
400 2971 583 3053 exceptione
604 2989 729 3053 semper
748 2977 781 3033 et
799 2967 918 3051 ubique
938 2967 1082 3031 futurum
1097 2967 1270 3045 habebant,

87 3067 158 3143 ὅπως
182 3075 309 3154 παρέσει
333 3099 405 3148 μοι,
431 3070 510 3144 ὅπως
536 3076 580 3150 μὴ
601 3075 691 3154 ἐρεῖς,
719 3070 796 3138 ἕποιο
822 3096 881 3149 μου
901 3081 945 3149 μὴ
967 3080 1126 3150 κατερεῖς,
1148 3079 1180 3138 et
1199 3075 1271 3136 sim.

87 3176 208 3246 Scribas
241 3179 295 3246 vel
329 3201 403 3245 cum
438 3181 577 3244 immani
611 3179 807 3244 barbarismo
845 3178 884 3242 ds
914 3197 1002 3242 more
1033 3179 1274 3242 coniunctivum

88 3285 279 3352 substituunt
314 3287 399 3370 ἐμῇς,
435 3295 586 3369 κατεοῇι,
622 3288 718 3350 etiarn
751 3287 785 3348 in
815 3285 946 3368 optimis
982 3290 1013 3348 et
1047 3284 1274 3348 vetustissimis

87 3386 260 3457 Codicibus.
306 3392 464 3457 Homines
492 3390 575 3456 docti
608 3391 648 3455 ob
672 3379 883 3476 frequentiam
907 3387 1126 3472 exemplorum
1150 3389 1275 3471 saepius

87 3494 170 3562 dubii
200 3499 341 3564 haerent.
388 3497 490 3577 Quam
523 3495 606 3561 nihil
634 3498 668 3560 in
701 3497 818 3562 talibus
846 3499 888 3560 sit
911 3492 1103 3560 credendum
1124 3493 1217 3558 libris
1239 3493 1276 3556 hi

87 3603 165 3686 apud
190 3604 361 3670 Libaninm
388 3603 450 3668 loci
474 3603 746 3667 demonstrabunt.

127 3706 217 3774 Tom.
241 3710 267 3775 I.
291 3708 345 3785 82,
370 3704 449 3778 ὅπως
475 3709 677 3783 optionem.

239 3815 264 3880 I.
291 3815 365 3880 181,
392 3811 472 3884 ὅπως
497 3814 673 3886 δεήσονται.

239 3917 292 3986 IV.
319 3917 372 3985 54.
398 3916 478 3992 ὅπως
503 3916 765 3994 ἀπαλλάξονται.

240 4025 294 4091 IV.
319 4024 395 4090 260.
423 4023 502 4097 ὅπως
528 4023 727 4102 ἐπεύξομαι.

241 4131 295 4197 lv.
324 4131 400 4198 518.
426 4127 505 4201 ὅπως
530 4131 733 4196 destrueret.

241 4237 293 4304 lv.
321 4237 418 4303 1002.
444 4233 524 4310 ἕποιο
549 4239 755 4301 retorserat.

244 4341 297 4411 IV.
323 4342 401 4410 451.
424 4339 505 4415 ὅπως
529 4343 756 4426 α’φαιριὶοκται.
