3026 4970
817 221 884 295 978

256 419 339 477 ινννιθ.
383 413 505 480 Eodem
528 414 623 479 modo
648 422 686 478 A.
713 411 788 479 588.
813 436 915 500 quum
936 420 1030 501 poeta
1053 413 1191 479 dedisset

688 529 764 596 ςῆτε
787 522 987 600 εελιχθέντες.

255 623 290 688 id
321 629 368 689 est
398 626 670 707 μετιιςροιφέντες,
703 628 949 704 ὑποςροιφέντες,
976 648 1077 712 quum
1100 624 1205 693 deleto
1228 625 1269 704 τῷ
1292 624 1420 702 strupra

257 744 432 814 superesset
454 741 530 805 ςητε
553 733 728 811 ἑλιχθέντες
753 733 964 798 intolerabilis
986 733 1093 798 hiatus
1113 731 1258 816 expletus
1277 739 1322 796 est
1340 734 1379 794 sio
1397 735 1422 791 ut

257 839 327 909 ‘rit’
353 837 564 918 ἐλελιχθέντες
590 847 830 924 supponeretur.
862 859 1055 924 quemquam
1083 839 1173 902 verbi
1196 837 1340 918 ἐλελίζειν
1361 853 1423 899 ase
1494 852 1495 928 ι

258 943 422 1024 quioribus
452 947 621 1028 poetastris
652 944 719 1010 fieti
749 945 879 1010 nullum
910 957 957 1010 est
992 945 1077 1029 opud
1108 943 1290 1008 Homerum
1324 953 1424 1006 certum
1494 963 1495 986 ι

255 1051 444 1135 vestigium.

302 1154 398 1220 Verbi
430 1156 606 1232 εελιτοέμεν
640 1156 943 1242 plusquamperieoti
976 1158 1098 1241 passivi
1130 1153 1293 1232 εεεέλικτο,
1330 1153 1362 1217 id
1390 1153 1424 1215 est

259 1263 495 1341 οννεττείροιτο,
528 1263 737 1343 σννέςροιπτο,
769 1263 832 1328 duo
863 1267 938 1328 sunt
961 1264 1145 1328 testimonio
1167 1260 1261 1326 ambo
1285 1260 1424 1343 corrupto:

260 1379 302 1432 A.
328 1367 381 1434 39.

466 1460 566 1540 οιθτέορ
590 1460 639 1522 ἐτ’
663 1461 758 1523 αὐτοῦ
783 1457 914 1532 Κνοίνεος
940 1459 1079 1524 ἐλέλικτο
1103 1458 1228 1538 δροίκων.

263 1570 295 1630 et
323 1573 365 1630 N.
397 1564 473 1630 558.
505 1566 656 1642 σειόμενον
688 1565 839 1631 ἐλέλικτο.
870 1571 902 1630 et
925 1569 1116 1631 sententiam
1139 1571 1170 1630 et
1194 1570 1334 1629 metrum
1355 1561 1425 1626 resti-

261 1676 332 1737 tues
352 1673 516 1738 soribendo
538 1675 662 1744 κνοίνεος
686 1675 830 1736 εεεέλικτο
854 1673 986 1752 δροέκων,
1012 1679 1049 1737 ut
1073 1681 1109 1736 Χ.
1135 1670 1189 1735 95.

465 1780 650 1858 σμερδαλέον
675 1778 706 1842 δὲ
731 1779 848 1858 δέδορκε
871 1779 1065 1856 εελιξοίρκενος
1089 1777 1157 1858 περὶ
1181 1787 1265 1860 χειῇ.

263 1890 296 1950 et
319 1884 471 1962 σειόμενον
495 1885 649 1949 εετέλικτο.
698 1883 751 1949 Sio
774 1892 806 1950 et
830 1904 859 1950 Β.
887 1883 963 1948 316.
987 1903 1059 1970 pro:

491 1996 545 2065 την
569 1991 595 2054 δ’
619 1989 837 2068 ἐλελιξάμενος
862 1994 1012 2071 πτέρυγος
1032 1990 1144 2068 λάβεν.

262 2117 376 2162 verum
399 2117 466 2162 esse
489 2097 640 2162 arbitror:
666 2101 719 2172 τίην
744 2100 775 2163 δὲ
795 2097 1004 2175 εελιξοίμενος,
1027 2105 1060 2163 et
1080 2107 1115 2162 Z.
1138 2095 1215 2160 109.
1239 2092 1278 2167 ὣς
1300 2091 1428 2172 εἰέλιχθεν

263 2223 321 2288 pro
352 2200 388 2273 ὣς
420 2202 596 2280 ἐλέλιχθεν,
628 2209 660 2268 et
691 2215 728 2268 X.
755 2204 830 2268 448.
856 2213 912 2278 τῆς
936 2204 964 2268 δ’
990 2206 1128 2284 ἐεελίχθη
1153 2211 1241 2281 yria.
1267 2207 1298 2266 et
1318 2198 1345 2276 ξ.
1365 2191 1428 2260 306.

265 2306 282 2383 ἣ
306 2307 332 2372 δ’
356 2310 494 2386 εἐελίχθη
520 2313 625 2385 τοῖσιν,
651 2330 708 2394 pro
732 2311 758 2374 δ’
782 2311 928 2389 ἐλελίχθη
953 2318 985 2376 et
1009 2303 1025 2383 ἣ
1050 2313 1075 2375 δ’
1101 2311 1259 2387 ἐλελίχθη.
1497 2289 1498 2304 ¹

308 2413 419 2497 itaque
442 2415 530 2477 etin
552 2418 657 2480 activa
680 2416 782 2482 formo
804 2417 910 2494 Pooto¹
927 2418 1066 2484 dixerat:
1092 2427 1130 2482 Θ.
1158 2416 1231 2482 199.

491 2519 601 2596 ἐεέλιξε
623 2523 654 2586 δὲ
678 2523 795 2606 μοικρθν
816 2525 1002 2602 Ὄλυμπον,
1026 2544 1082 2608 pro
1105 2521 1237 2600 ἐλέλιξε.

266 2635 298 2695 et
321 2640 360 2694 A.
386 2627 462 2693 530.

448 2733 552 2812 μέχοιν
575 2734 602 2796 δ’
627 2733 753 2810 ἐτέλιξεν
772 2738 961 2814 Ὄλυμπον,
986 2756 1043 2822 pro
1066 2734 1215 2814 ἐλέλιξεν.

266 2851 299 2928 et
321 2856 354 2911 P.
376 2841 453 2912 278.

448 2949 542 3029 μέλοι
565 2950 627 3029 χείρ
651 2954 755 3033 τφεοις
780 2946 830 3014 ὦκ’
856 2947 1001 3028 ἐεέλιξεν,
1026 2970 1082 3035 pro
1106 2949 1252 3027 ἐλέλιξεν.

266 3071 297 3132 et
319 3089 346 3130 ε.
371 3061 447 3134 314.

448 3167 514 3246 περί
539 3166 569 3228 δὲ
595 3164 722 3244 σχεδίην
746 3161 891 3240 εἐέλιξεν,
915 3185 971 3250 pro
995 3162 1142 3239 ἐλέλιξεν.

265 3284 297 3344 et
326 3279 371 3351 sio
401 3274 503 3339 forma
534 3269 679 3349 ἐλελίζειν
711 3273 798 3338 omni
829 3271 986 3356 praesidio
1013 3270 1168 3335 destituto
1191 3290 1230 3334 ex
1253 3287 1346 3334 errore
1366 3267 1432 3328 nato

266 3385 413 3472 arguitur
436 3398 472 3442 oo
494 3379 587 3462 perit.

310 3485 404 3552 Nihil
430 3486 580 3547 interesse
610 3486 694 3548 inter
724 3491 798 3557 ςητε
830 3484 1019 3563 εελιχθέντες
1053 3487 1086 3548 ei
1108 3481 1361 3566 μετοιςρεφθέντες
1384 3475 1433 3540 tui

267 3593 506 3680 ὑριοςρεφθέντεε
537 3588 630 3654 facile
660 3589 792 3676 colliges
822 3611 861 3654 ex
892 3604 932 3660 Λ.
967 3589 1042 3656 567.
1077 3594 1110 3653 et
1141 3587 1207 3655 588
1238 3595 1269 3654 et
1295 3582 1360 3650 595.
1383 3577 1433 3642 ubi

267 3721 331 3781 una
354 3704 386 3767 et
409 3696 518 3764 eadem
542 3698 698 3761 sententio
721 3696 841 3781 triplici
863 3697 922 3762 hoo
944 3697 1112 3782 participio
1137 3693 1336 3782 significatur.

313 3802 367 3867 Sic
390 3810 422 3867 et
445 3812 478 3866 P.
504 3799 579 3866 732.

406 3906 479 3971 ἀλλ’
502 3905 553 3970 ὅτε
577 3908 613 3976 tt
637 3906 660 3988 ῥ’
684 3908 800 3973 Αἴοιντε
824 3907 1074 3991 μετοιςρεφθέντε
1098 3907 1169 3973 κοτ’
1192 3905 1298 3977 αὐτούς
1353 3957 1357 3966 ·

403 4013 554 4090 ςοιίητοιν,
579 4021 637 4077 τῶν
660 4013 690 4078 δὲ
715 4016 850 4094 τροὶτετο
873 4018 964 4098 χρώς.

269 4120 454 4210 planissime
484 4119 570 4182 idem
601 4126 648 4185 est
679 4142 715 4186 oo
744 4126 771 4187 si
801 4125 947 4188 dixisset:
980 4120 1096 4186 Αίοιντε
1127 4119 1295 4200 ιελιχθέντε
1321 4105 1434 4174 ἐναντίω

271 4231 370 4293 αὐτῶν
398 4223 549 4300 ςοιίητοιν,
581 4247 718 4311 namque
747 4227 832 4292 nihil
860 4230 992 4293 interest
1025 4230 1109 4294 inter
1138 4217 1375 4306 μετοιςρεφθέντε
1407 4217 1436 4276 ei

269 4331 454 4418 εελιχθὲντε.
