3080 4972
698 238 740 308 61

157 426 242 516 Peg.
278 424 353 493 167.
386 427 440 494 21.
473 425 509 494 ἵν’
533 417 680 509 stararias
704 430 756 496 κοοί
780 431 823 496 τά
846 429 953 498 itam
978 441 1097 511 ποιῆτε.
1144 437 1312 525 Spernitur

119 536 239 618 optima
269 537 302 598 et
331 536 499 600 verissima
529 537 703 622 scriptura,
735 557 832 621 quam
863 538 960 606 habet
982 540 1005 607 S
1026 545 1062 608 in
1084 547 1249 632 margine:
1274 543 1311 610 ἵν’

121 633 206 717 άμοι
228 643 259 704 τ’
283 643 431 720 εὐπορῆτε
454 642 521 707 uri.

156 851 242 940 Peg.
277 851 351 919 168.
383 852 414 917 6.
449 853 555 918 πολλά
580 861 639 920 τῶν
663 854 861 937 πραγμάτων
885 860 939 932 σὺν
966 861 1115 944 ὑμετέρου
1139 865 1228 929 ποθεῖ
1248 887 1309 930 ιιοι-

120 956 237 1035 ρουσίιιν
270 959 321 1022 κοιί
355 955 428 1023 άνεν
451 963 504 1024 τοῦ
529 961 600 1041 πρὸς
625 961 695 1032 τοὺς
720 962 844 1035 οἰκείους
868 966 1030 1044 σολέμΟΤ
1055 969 1151 1054 οἰκείρι
1171 971 1307 1051 χρῆσθαι

119 1061 244 1140 δυνάμει
279 1063 478 1146 συμφέρΕΙΝ
514 1065 584 1146 (alii
619 1072 651 1131 et
686 1064 709 1132 S
740 1074 897 1134 correctus
932 1072 1112 1155 σνμφέρθῑ)
1149 1076 1201 1140 aa}
1234 1077 1307 1156 νερδς

119 1164 226 1235 ιάλλοι
251 1169 432 1250 πράγματα
455 1171 628 1249 οἰνυγκοιίάν
653 1172 723 1240 ε’ςιν.
772 1173 914 1240 Dindorf.
940 1177 978 1243 de
1001 1178 1109 1245 Wolfii
1129 1184 1309 1248 coniectura

119 1276 285 1341 substituit
315 1277 499 1356 σολέμΟΤΕ
527 1283 558 1344 et
589 1280 680 1362 quasi
710 1299 794 1343 nuno
825 1282 933 1346 omnia
956 1288 1060 1349 essent
1083 1284 1155 1352 luce
1176 1287 1309 1354 clariora

118 1403 208 1447 nemo
234 1382 273 1447 de
296 1386 555 1468 interpretatione
577 1382 640 1448 loei
661 1384 799 1449 verbum
820 1406 922 1451 unum
941 1387 1028 1454 feeit.
1062 1389 1212 1457 Primum
1232 1397 1307 1459 seri·

118 1487 229 1552 barum
262 1509 400 1554 errorem
431 1489 666 1565 animadverte,
698 1492 754 1574 qui
786 1491 884 1557 stulte
913 1491 986 1559 άνευ
1019 1501 1072 1560 τοῦ
1097 1533 1117 1546 -
1142 1497 1305 1578 πσλέμΟΤ

118 1596 345 1658 coniunxerunt
365 1615 422 1680 pro
445 1593 519 1660 άνευ
543 1597 597 1659 τοῦ
623 1629 642 1642 -
655 1593 833 1676 συμφέρειν.
874 1597 997 1665 Deinde
1018 1623 1120 1669 errare
1138 1610 1306 1692 pergentes

117 1698 282 1781 συμφέρει
314 1702 342 1765 si
371 1700 476 1766 Musis
506 1700 610 1786 placet
638 1706 850 1766 correxerunt.
898 1702 1010 1790 Itaque
1032 1728 1116 1774 nuno
1140 1710 1210 1787 ιιρδς
1235 1711 1304 1785 τοὺς

117 1805 236 1873 οἰκείους
275 1805 463 1882 σολὲμοῒο
500 1806 631 1894 legitur.
676 1804 764 1872 Scire
794 1806 895 1873 velim
924 1812 1009 1894 quod
1038 1815 1081 1878 sit
1112 1814 1172 1880 hoe
1203 1837 1306 1903 genus

116 1911 189 1976 belli
212 1913 239 1976 οἰ
263 1913 361 1977 οἰκεῖοι
386 1912 533 1989 πόλεμον,
553 1913 587 1975 in
606 1912 722 1996 quibus
734 1913 861 1996 proprio
879 1914 986 1980 milite
1007 1915 1302 2010 (nonoonduatieio)

115 2038 159 2082 res
183 2021 226 2082 sit
250 2019 396 2106 gerenda
445 2018 518 2084 Non
542 2018 654 2083 dubito
678 2018 782 2084 dicere
805 2020 889 2103 quod
912 2024 1013 2088 sentio
1032 2023 1113 2090 hane
1132 2025 1304 2093 lectionem

116 2143 177 2189 esse
208 2124 304 2209 plane
335 2125 524 2190 absurdam:
556 2126 599 2187 ad
627 2124 705 2188 bella
726 2123 868 2208 propria.
878 2128 1005 2211 proprio
1034 2129 1131 2196 ννίἰίοο
1151 2136 1301 2200 utendam.

115 2227 321 2315 Opponuntur
340 2233 423 2296 inter
442 2252 476 2296 se
496 2232 600 2301 οἰκεῖος
621 2238 653 2294 et
674 2229 833 2308 ἀλλότριος
843 2277 852 2308 ,
869 2234 952 2296 utin
964 2234 1077 2307 οἰκείως
1090 2242 1122 2302 et
1133 2239 1302 2319 οἰλλοτρίιος

115 2332 205 2415 ἔχειν.
254 2332 419 2402 Contraria
449 2341 524 2401 sunt
556 2337 661 2408 οἰκεῖος
694 2340 726 2400 et
755 2334 869 2411 ξενικάς
877 2385 885 2414 ,
918 2342 955 2402 ut
986 2341 1082 2424 οἰκείρι
1115 2341 1241 2420 δυνάμει
1267 2349 1300 2410 et

114 2439 212 2524 ξενικῇ
242 2443 386 2523 χρῆσθαι.
434 2441 530 2508 Venit
559 2441 643 2505 mihi
675 2441 715 2506 ad
745 2441 823 2507 haee
845 2445 879 2506 in
902 2449 1045 2510 mentem
1069 2445 1192 2532 lepidae
1216 2449 1301 2535 apud

112 2545 320 2613 Plutarchum
349 2548 549 2614 historiolae:
582 2545 780 2634 gloriabatur
811 2547 927 2633 aliquis
957 2570 990 2615 ss
1021 2572 1077 2637 per
1108 2551 1191 2619 solos
1217 2553 1300 2621 filios

114 2673 182 2718 suos
212 2654 410 2741 tragoediam
442 2654 552 2719 decere
581 2671 688 2738 posse:
720 2652 836 2718 habere
860 2656 946 2719 enim
970 2675 1002 2721 se
1026 2656 1131 2722 filium
1154 2665 1297 2745 potitam,

112 2758 215 2826 tilium
243 2761 450 2838 histrionem,
474 2759 580 2824 filium
603 2761 782 2836 musicum,
809 2757 914 2824 filium
937 2781 1101 2828 scenarum
1126 2767 1298 2850 piatorem:

113 2867 173 2946 ἔχει
206 2868 286 2950 γάρ,
319 2869 441 2952 inquit,
473 2866 600 2939 σοιντίιν
629 2867 733 2931 οἰκεῖον
759 2864 811 2928 κοοί
836 2868 998 2946 ὑποκριτὴν
1021 2869 1125 2935 οἰκείον
1150 2872 1202 2936 κοιί
1226 2896 1296 2951 μου·

112 2973 191 3037 σικδν
223 2977 328 3039 οἰκεῖον
360 2973 412 3037 κοιὶ
445 2969 657 3052 σκηνογράφον
690 2972 807 3037 οἰκεῖον.
857 2967 919 3036 Oui
949 2974 1054 3038 ridens
1078 2975 1210 3060 aliquis:
1237 2979 1299 3054 ἑνδς

115 3079 158 3142 irs
187 3079 275 3156 μάνου
307 3102 351 3143 σοι
377 3078 513 3159 προσδεῖ,
539 3079 653 3162 inquit.
679 3113 722 3126 —
746 3079 824 3149 τίνος
850 3073 916 3154 otu
942 3077 1109 3160 θεάτρου
1134 3082 1298 3150 οἰκείου.

113 3184 202 3250 Nihil
232 3190 277 3252 sie
307 3183 490 3270 proficimus
514 3184 552 3248 ed
576 3181 825 3270 intelligendum
849 3186 905 3268 qui
928 3185 1056 3250 tandem
1080 3188 1298 3267 siniriacum
1355 3233 1358 3240 ·

112 3291 218 3355 οἰκεῖοι.
265 3292 332 3358 Νοο
362 3293 501 3368 mirum,
530 3310 608 3355 nam
634 3309 813 3373 numquam
836 3293 870 3353 in
893 3311 1000 3356 rerum
1022 3297 1135 3358 natura
1158 3295 1297 3362 fuerunt.

112 3393 273 3464 Sententia
303 3397 392 3463 affert
422 3396 544 3462 lucem:
577 3395 770 3462 vocabulum
793 3417 896 3460 unum
919 3398 1101 3483 importune
1124 3404 1299 3486 repetitum

112 3501 169 3566 has
200 3506 309 3571 turbas
344 3502 441 3569 dedit.
488 3502 592 3590 Lege:
629 3499 702 3566 άνεν
734 3506 787 3566 τοῦ
818 3503 891 3582 ιιρίς
923 3501 992 3575 τοὺς
1024 3503 1178 3582 πολέμους
1203 3508 1299 3593 οἰκείρι

112 3610 238 3686 χρῆσθαι
273 3609 401 3688 δυνάμει
426 3608 593 3690 συμφέρειν
616 3608 668 3673 κοιί
694 3609 765 3689 σρδς
789 3604 898 3674 σάλλοι
924 3609 1104 3689 πράγματα
1125 3615 1299 3692 άνοιγκοιίάν

112 3713 181 3780 ε’ςιν.
206 3715 415 3802 Opponuntur
432 3717 517 3780 inter
536 3736 569 3780 se
588 3716 613 3780 οἰ
631 3713 760 3792 σίλεμοι
781 3719 813 3780 et
832 3710 940 3780 σάλλιι
961 3717 1299 3805 quaquumqu-

111 3842 193 3903 qaam
227 3824 306 3906 qaod
338 3828 381 3886 eat
415 3843 430 3885 ο
459 3843 518 3904 rep.
556 3821 715 3886 οοοσοίἰιοιιι
747 3844 782 3885 σοι
812 3822 926 3886 duitas
956 3823 1133 3890 constantem
1157 3831 1200 3892 οά
1221 3829 1299 3893 bellu

109 3930 235 4004 ρονονιάσ
252 3929 374 4003 tabere,
396 3926 485 3990 etiam
505 3927 547 3990 σά
562 3926 681 4012 reliqua
699 3927 816 4009 κοροίἰο
828 3929 955 4011 publiea
975 3932 1170 3997 κοσοεεονίιιιιι
1190 3935 1226 3998 td
1244 3941 1297 4000 eet.

109 4029 202 4096 Nune
224 4033 355 4096 demum
379 4035 486 4097 omnia
507 4031 602 4117 plana
625 4038 700 4097 sunt
723 4037 755 4097 et
779 4039 895 4118 aperta.

107 4317 114 4336 ι
164 4237 303 4327 Sequitur
325 4245 351 4310 εἰ
377 4245 433 4323 μὲν
457 4245 518 4323 γάρ
543 4245 677 4326 ἡσυχίου
702 4245 785 4325 ἔχειν
810 4247 882 4324 ὑμῖν
905 4246 1030 4328 arixis,
1054 4248 1106 4315 κοιί
1127 4250 1222 4326 μηδὲν
1239 4258 1296 4316 τῶν

115 4355 282 4419 Ελλκνικιίν
306 4350 562 4432 περιεργάζεοίοοι
594 4348 685 4439 [ὅπως
712 4351 794 4437 ἔχει]
821 4351 918 4425 άλλος
942 4352 980 4420 άν
1000 4350 1033 4427 ἦν
1053 4353 1155 4432 λόγος.
1182 4356 1297 4425 Nescio
