3052 4970
671 217 737 285 413

123 406 139 481 ἡ
165 405 253 484 διπλῆ
284 413 356 492 πρὸς
387 408 422 475 τί
451 405 576 488 ὄρινεν
605 403 652 472 ὅτι
682 409 752 475 ἀντὶ
783 414 836 476 τοῦ
867 411 954 477 κατά
978 415 1086 497 ψυχὴν
1109 413 1298 491 ἐκίνησενῆ

123 510 149 575 ii
170 514 308 598 άναφορά
332 515 404 598 πρὸς
429 513 482 580 τί·

290 619 329 696 ὦς
351 620 456 704 φάτο,
481 618 548 704 τῇδ’
571 617 632 703 άρα
656 621 748 700 θυμὸν
771 623 814 688 ἐνί
838 623 978 699 τάίεσσιν
1001 622 1102 706 ὄρινεν.

162 725 228 814 (od.
253 726 312 808 17,
340 728 439 814 150),
472 722 518 793 ὅτι
547 728 601 793 οὐκ
632 726 695 799 ἔςιν
726 728 949 810 ε’ίιίμιοσεν,
979 734 1019 804 ὥς
1049 733 1063 796 ί
1087 732 1296 807 διασκευάσας

120 833 251 913 ἐκλαβὼν
272 835 365 913 ἔταξε
389 834 460 909 τοὺς
485 834 554 912 ἑξῆς
579 832 671 900 είκοσι
694 836 822 922 ςίχονο,
853 839 928 903 άλλ’
959 837 1029 903 άντί
1061 844 1114 904 τοῦ
1138 840 1299 916 ἐκίνησε

120 939 166 1003 καί
195 944 431 1022 παρώρμησε
462 941 547 1007 κατά
580 939 614 1006 τί
646 942 794 1022 ε’ρατικί.
841 944 929 1011 Male
955 945 1033 1010 haee
1056 946 1235 1012 referuntur
1259 949 1299 1015 ad

119 1043 170 1110 0d.
191 1058 224 1113 P.
248 1047 324 1113 150.
348 1049 405 1114 ubi
428 1050 613 1114 annotatur:
638 1050 818 1114 άίετοῦνται
843 1053 883 1120 ις’
908 1052 991 1132 ςίχοι
1014 1049 1221 1138 (151-166)
1244 1054 1299 1119 sed

118 1150 153 1214 ad
173 1151 260 1219 Iliad.
292 1163 328 1219 r.
353 1153 430 1220 395.
459 1156 619 1239 pertinent
641 1157 699 1220 ubi
722 1155 805 1222 vide.
851 1157 962 1242 Itaque
986 1158 1088 1222 scribe
1114 1195 1134 1206 -
1155 1159 1298 1238 ἐκλαβὼν

118 1259 269 1338 ’ΤΠὲταξε
294 1261 364 1332 τοὺς
388 1258 456 1337 ἑξῆς
488 1257 580 1326 είκοσι
607 1259 712 1347 (τρεῖς)
738 1262 845 1343 ςίχονς
872 1262 1091 1352 (396-418).
1139 1265 1212 1331 Non
1236 1267 1299 1331 nisi

117 1362 151 1428 de
170 1363 293 1432 Helene
316 1368 379 1432 diei
401 1368 509 1453 potuit
531 1365 714 1445 παρώρμησε
737 1369 823 1434 κατά
847 1371 881 1436 τί
906 1370 1053 1452 ε’ροιτικάν.

154 1571 249 1640 Recio
271 1576 371 1642 edidit
393 1576 559 1643 Bekkerus
581 1575 674 1642 Iliad.
701 1585 741 1642 A.
766 1576 842 1645 433.

444 1681 662 1761 πολυπάμονος
685 1684 789 1764 άνδρὸς
814 1686 844 1749 ἐν
864 1688 957 1769 αὐλῇ.

113 1805 165 1870 pro
186 1787 442 1867 πολοπάμμονος.
489 1789 610 1856 Eodem
633 1810 727 1875 opere
749 1791 910 1858 emendari
931 1797 1056 1879 peierat
1084 1793 1122 1860 Π.
1148 1803 1193 1860 Ω.
1220 1794 1298 1860 250.

114 1891 243 1971 Πάμονα
262 1915 320 1981 pro
341 1893 519 1974 Πάμμονα,
544 1899 576 1960 et
597 1897 632 1959 in
655 1892 713 1960 Od.
738 1921 771 1960 ιο.
796 1896 872 1962 305.

469 2001 730 2079 Πολνπαμονι3αο
752 1999 909 2078 εάνακτος.

112 2125 164 2190 pro
186 2109 331 2174 ominoso
353 2110 482 2174 nomine
505 2108 771 2186 Πολυπημονίδαο.

152 2315 243 2384 Iliad·
267 2316 407 2385 Ea365.

265 2424 329 2505 πάρ
355 2424 387 2490 δέ
407 2449 445 2492 σοι
464 2421 539 2504 Ἶρις
563 2422 670 2503 ἔβαινε
694 2422 748 2488 καί
774 2422 844 2499 ἡνία
868 2421 982 2506 λάζοτο
1006 2423 1123 2507 χερσί.

109 2531 171 2594 ruit
199 2534 359 2609 metrum,
392 2551 530 2616 nemque
560 2539 641 2612 Γῖρις
674 2530 868 2616 appelletur,
902 2552 965 2596 non
982 2526 1068 2610 Ἰρις.
1117 2529 1180 2596 Sed
1203 2531 1301 2596 dictio

111 2656 229 2722 quoque
260 2637 377 2703 mendo
406 2636 529 2702 loborat
559 2636 694 2721 quodsi
718 2635 884 2702 sustuleris
908 2637 1018 2702 eadem
1042 2658 1137 2723 opere
1159 2641 1300 2704 metrum

108 2745 303 2808 restituetur.
349 2741 557 2831 Legendum:

458 2849 532 2930 ’πάρ
555 2847 588 2914 δέ
611 2856 652 2913 τε
674 2851 755 2926 Πρις
781 2843 899 2923 ἔβαινε.

108 2960 144 3020 ui
164 2955 222 3021 0<i
249 2978 286 3037 χ.
311 2952 389 3021 233.

424 3059 522 3141 δεῦρο,
549 3055 664 3138 πέπον,
691 3053 765 3137 παρ’
791 3053 843 3134 ἔμ’
863 3049 964 3122 ίςασο.

151 3270 245 3340 Hied.
269 3280 309 3339 Ε.
333 3267 410 3338 723.

512 3371 640 3454 χάλκεά
665 3368 859 3448 ὀκτάκνημα.

147 3485 376 3561 Athenienses,
401 3502 537 3568 quorum
560 3479 804 3564 antiquissimus
826 3474 987 3542 Homerus
1012 3481 1077 3560 esi,
1095 3497 1245 3542 numeros
1264 3478 1299 3541 in

105 3592 333 3675 compositione
362 3591 551 3654 immutatos
582 3585 750 3651 servabant
781 3584 920 3649 dieentes
951 3582 1134 3659 πεντέπονς,
1167 3579 1297 3661 ἕξποος,

104 3695 274 3773 δκτάπονς,
299 3694 511 3772 ἑκατόμπονς,
535 3714 597 3759 non
622 3689 814 3766 πεντάπονς,
839 3689 992 3762 ὀκτάποιις
1012 3694 1085 3754 seii.
1135 3687 1187 3754 Sic
1206 3691 1299 3754 ὀκτω-

104 3800 256 3874 δάκτυλος
289 3801 450 3878 dicebant,
482 3800 651 3877 δκτάμκνος
663 3845 672 3875 ,
703 3794 856 3885 δκτάποιιο
886 3816 943 3881 pro
974 3794 1130 3874 σκορπίος,
1163 3799 1195 3859 ei
1223 3797 1296 3861 sim.

102 3905 155 3972 Sie
184 3910 300 3996 igitur
318 3904 480 3972 Homerus
510 3924 634 3991 quoque
663 3904 862 3980 ίκτΩκνημα
886 3900 1008 3967 dedisse
1031 3902 1159 3968 videtur
1180 3906 1213 3966 ei
1231 3900 1298 3968 He-

102 4013 212 4080 siodus
236 4013 309 4101 (Op.
338 4011 436 4096 440):
475 4022 479 4031 “

309 4118 398 4202 άρτον
422 4119 586 4196 δειπνήσας
609 4114 818 4199 τετράτρυφον
841 4111 1072 4190 ίκτΩβλαμον.

102 4248 158 4315 pro
182 4224 401 4308 ὀκτάβλωμον.
