3026 4970
640 219 705 287 313
798 276 802 282 .

92 410 253 490 τελέσανσι,
277 409 422 493 καρέσεις,
448 408 580 494 καρέσει,
605 407 739 489 έρύσοιισι
763 408 846 475 nihil
867 429 978 476 nocero
998 410 1129 494 possint.
1158 409 1269 474 Ἐντα-

92 518 176 584 νύσειν
198 517 281 603 quod
304 517 409 582 solum
433 520 501 580 erat
524 514 685 599 reliquum
703 536 787 579 nunc
807 520 839 580 et
858 517 966 601 ipsum
986 514 1190 580 eliminatum
1209 522 1266 581 est.

91 623 142 689 Sed
169 644 244 709 quas
274 623 379 689 sordes
411 643 451 687 ex
481 620 622 687 Homero
653 621 763 686 sedulo
793 642 902 688 omnes
925 623 1078 698 eluimus,
1105 641 1159 686 eae
1183 622 1267 706 apud

91 729 157 795 alios
184 731 385 816 pertinaciter
406 728 537 792 haerent
559 728 640 792 vitio
664 724 894 794 Graeculorum
919 730 1065 812 antiquas
1087 727 1202 792 formas
1227 749 1266 793 ex

89 835 202 901 inscitia
234 835 507 919 interpolantium.
555 831 618 912 Qui
654 831 796 898 Homero
831 834 1041 898 obtrudebant
1071 833 1206 913 κορέοεια
1237 839 1269 898 et

90 941 211 1026 κορέςει,
234 941 335 1006 iidem
359 940 483 1005 duobus
504 937 583 1004 locis
606 936 807 1004 Herodotum
831 938 890 1004 hac
913 938 1042 1004 macula
1061 941 1269 1024 inquinarunt

89 1046 192 1112 1212.
215 1043 233 1122 ἦ
256 1045 315 1124 μέν
338 1069 372 1109 σε
396 1043 458 1122 ἐγὼ
484 1043 536 1109 καὶ
561 1043 703 1117 ἅπλκςον
727 1044 818 1109 ε’όντα
839 1041 973 1123 αἵματος
994 1045 1126 1125 κορέίω,
1148 1050 1180 1111 et
1200 1067 1268 1131 cap.

90 1150 155 1216 214.
178 1153 211 1217 σὲ
235 1151 260 1217 δ’
285 1151 364 1230 ἐγώ,
390 1150 532 1231 κατοὶπερ
556 1147 1034 1232 ἦπείλκσα,α1’ματοςκαρέοω.
1070 1151 1128 1218 Nil
1153 1152 1268 1217 dissen-

88 1261 164 1322 tiunt
184 1258 275 1336 libri,
302 1258 357 1325 sed
372 1259 521 1344 futuram
544 1255 656 1337 κορέοοι
678 1256 850 1322 barbarum
871 1260 919 1321 est
939 1261 971 1322 et
989 1258 1159 1341 utrobique
1179 1257 1267 1340 κορέα

88 1365 300 1449 reponendum.
335 1363 495 1428 Futurum
525 1360 710 1440 συγκαλέειν
741 1365 843 1428 evasit
873 1381 921 1430 111.
947 1361 1000 1430 74.
1025 1364 1079 1430 sed
1103 1365 1269 1430 tamenin

89 1469 160 1536 bono
179 1471 261 1536 libro
285 1471 498 1548 σννκαλέῦειν
522 1474 662 1554 apparet.

128 1577 209 1657 Quae
238 1577 348 1642 futura
379 1576 463 1661 apud
493 1573 695 1640 Herodotum
727 1595 766 1639 ex
780 1612 822 1623 -
835 1573 901 1640 ricc
925 1580 995 1641 orta
1018 1582 1093 1642 sunt
1116 1583 1267 1664 perpetuo

90 1687 236 1748 contracta
265 1682 391 1748 videbis
420 1700 443 1746 1.
476 1679 530 1748 97.
564 1682 616 1746 οὐκ
641 1679 702 1758 ἔφη
728 1681 837 1746 δικΑΝ
863 1679 927 1745 ἔτι·
954 1683 987 1746 οὐ
1013 1681 1075 1764 γάρ
1099 1685 1123 1748 οἱ
1149 1699 1269 1749 λυσιτε·

91 1787 161 1852 λέειν
177 1827 218 1837 -
236 1787 274 1854 δι’
308 1787 420 1867 ἡμέρας
445 1786 586 1867 δικάζειν.
612 1805 635 1851 1.
662 1784 738 1851 199.
762 1787 948 1872 ἀποδοκιμᾷ.
973 1806 1042 1854 vm.
1069 1787 1123 1855 68.
1149 1789 1270 1854 διασκε·
1299 1855 1302 1860 Α

91 1893 159 1977 δαῖς,
188 1899 219 1960 et
242 1897 362 1980 passim
387 1895 480 1977 ε’λᾷς,
506 1895 649 1976 ἀπελᾷς,
674 1893 766 1977 sess,
791 1893 866 1958 ε’λῶν
890 1897 922 1958 et
945 1895 1015 1958 sim.
1040 1893 1125 1960 Hinc
1150 1898 1270 1981 optimo

92 1999 260 2068 emendavit
291 1985 451 2067 Iacobsius
481 2000 658 2066 Eusebium
689 1998 832 2064 Ionicum
863 2001 1048 2085 scriptorem
1075 2000 1160 2085 apud
1183 2002 1270 2066 Stob.

91 2105 190 2172 Illcre't.
213 2102 266 2170 46.
293 2105 346 2171 41.
370 2107 431 2188 χρὴ
457 2105 565 2171 εἰδέναι
590 2104 696 2169 πάντα
720 2104 772 2169 τὸν
796 2104 954 2182 μέλλοντα
976 2107 1129 2186 οὶνέρώπαν
1150 2127 1270 2170 κατα-

92 2209 186 2288 δίκαι,
210 2214 383 2280 coniecerat
405 2212 521 2298 aliquis
545 2209 781 2292 καταδικάζειν,
809 2232 878 2277 rom
902 2232 961 2278 acu
980 2214 1091 2300 tetigit
1111 2212 1270 2280 Iacobsius

92 2317 254 2382 καταδικαῖν
274 2337 436 2403 reponens.

132 2419 242 2489 Contra
273 2423 357 2509 apud
383 2425 550 2508 scriptores
572 2424 697 2488 Atticos
718 2424 837 2508 passim
861 2424 985 2491 videbis
1008 2424 1126 2490 formas
1148 2428 1269 2510 sequio-

91 2547 136 2592 res
156 2528 286 2608 τελέσα,
311 2528 499 2614 διατελέσαι,
524 2529 663 2604 καλέσαν,
689 2527 868 2614 ἐγκαλέσαι,
893 2529 1103 2616 συγκαλέσαι,
1126 2531 1179 2599 vol
1201 2533 1270 2598 har·

78 2631 173 2700 'baras
192 2641 229 2700 ut
252 2635 443 2720 κομίσοντα,
467 2637 657 2720 aequissimo
678 2636 782 2700 animo
802 2635 841 2701 ab
861 2635 1045 2703 Editcribus
1064 2637 1157 2715 ferri,
1179 2640 1269 2722 quasi

91 2740 164 2806 nihil
193 2742 321 2807 omnino
349 2741 556 2807 dubitationis
579 2742 741 2807 haberent.
772 2741 809 2806 In
832 2744 935 2826 poetis
958 2744 1075 2807 Atticis
1099 2743 1190 2809 credo
1213 2744 1271 2809 hu-

91 2844 255 2912 iuscemodi
277 2847 464 2912 mendorum
490 2850 629 2935 vestigia
644 2850 711 2913 iam
729 2868 887 2933 nusquam
911 2868 1090 2933 superesse,
1112 2849 1167 2914 sed
1187 2849 1272 2935 apud

93 2947 229 3019 Oratores
257 2953 363 3018 multa
390 2957 557 3039 supersunt
585 2956 618 3018 et
649 2954 733 3038 apud
766 2954 934 3019 Platonem
959 2960 991 3019 et
1015 2958 1162 3019 caeteros.
1198 2952 1272 3020 Sas-

91 3057 157 3138 pius
180 3060 361 3130 observabis
379 3063 534 3147 genuinas
555 3060 673 3125 formas
691 3061 827 3125 intactas
847 3060 979 3126 evadere
998 3060 1192 3143 ubicumque
1210 3080 1273 3125 non

92 3165 231 3230 continuo
262 3170 410 3251 appareat
432 3165 545 3251 fateat
568 3166 721 3251 temporis
743 3167 906 3230 notionem
929 3167 970 3230 iis
993 3167 1113 3242 inesse,
1139 3165 1193 3231 sed
1216 3166 1275 3230 ubi

90 3267 228 3336 futurum
252 3284 319 3336 esse
341 3269 492 3337 Graeculi
516 3272 658 3336 sentiunt
681 3273 792 3336 statim
816 3271 927 3337 formis
951 3273 1091 3357 antiquis
1113 3270 1186 3337 illas
1199 3272 1271 3338 sub·

90 3376 238 3457 stituunt,
269 3378 386 3462 quibus
414 3379 477 3463 ipsi
509 3382 541 3442 et
571 3375 717 3461 aequales
739 3396 850 3442 omncs
871 3382 1023 3462 perpetuo
1046 3379 1097 3442 uti
1120 3376 1272 3442 solebant.

89 3476 191 3547 Multa
231 3485 356 3569 saepius
399 3483 496 3549 huius
534 3485 580 3549 rei
615 3482 760 3568 exempla
794 3488 827 3548 et
862 3483 1051 3549 documenta
1086 3482 1206 3568 protuli
1240 3484 1275 3549 in

96 3583 162 3652 ἴαν,
195 3589 290 3654 lectt.
327 3610 402 3677 pag.
437 3588 514 3655 242.
545 3592 578 3654 et
610 3591 645 3653 in
675 3589 753 3653 Νον.
785 3589 878 3654 Lecti.
909 3610 984 3677 pag.
1017 3588 1059 3654 63
1093 3593 1125 3654 et
1153 3587 1218 3654 438
1243 3593 1275 3654 et

88 3689 176 3773 plura
204 3694 372 3780 aliquando
408 3697 595 3781 praesertim
626 3716 665 3760 ex
688 3694 901 3760 Demosthene
925 3700 957 3760 et
979 3695 1112 3762 Platone
1135 3696 1273 3781 proferre

87 3797 124 3858 in
145 3801 246 3866 animo
270 3805 330 3866 est.

134 3901 237 3970 Unum
260 3907 387 3972 addam.
423 3904 479 3972 Sol
501 3908 603 3972 iratus
627 3903 739 3992 Odyss.
764 3915 811 3971 M.
837 3904 914 3972 383.
938 3909 985 3972 ita
1007 3909 1165 3975 minatur:

264 4011 395 4089 δύσομαι
420 4014 461 4085 εἰς
487 4013 596 4078 Ἀΐδαο
622 4012 673 4076 καὶ
700 4013 730 4076 ἐν
754 4011 891 4078 νεκύεσσι
916 4013 1079 4094 pastas.

86 4114 253 4200 antiquum
283 4119 428 4184 obtinent
458 4116 686 4197 Grammatici,
722 4121 777 4203 qui
808 4120 900 4184 nobis
931 4121 1079 4184 occinunt
1102 4139 1215 4186 suum:
1240 4122 1275 4189 τδ

86 4222 237 4302 φαείνοι
276 4224 419 4297 ε’νεςῶτές
454 4227 516 4293 ἐςιν
549 4223 616 4289 ciart
648 4227 701 4289 τοῦ
733 4223 917 4308 μέλλοντος,
949 4226 1042 4291 scrib.
1076 4225 1180 4300 ἕνεςῶς
1214 4229 1276 4296 ἕσιν
1374 4302 1380 4311 ¹

86 4327 158 4392 cirri
186 4328 370 4411 μέλλοντας,
394 4353 540 4416 praesens
564 4353 624 4415 ρνο
643 4331 778 4420 futuro,
803 4331 893 4422 quasi
914 4330 997 4398 nihil
1020 4352 1057 4398 ea
1079 4353 1128 4402 res
1151 4333 1274 4403 dubita
