3080 4972
734 235 754 286 χ
805 203 848 271 48

235 397 329 461 vatae
358 415 484 479 parcere
514 394 622 472 iubet,
654 395 778 461 fortiter
807 415 949 482 pugnare
981 399 1079 458 et-
1104 391 1237 473 χρῆσθαι
1260 401 1423 471 τρατκγοῖι

236 501 447 580 όμεόνοοινή
490 501 651 581 προτέροις.
708 499 867 566 Haeccine
909 501 1025 565 dixisse
1060 498 1310 565 Demosthenem
1344 499 1426 565 bello

235 609 373 684 indicte,
398 609 432 671 in
452 626 513 690 qno
533 607 571 670 de
590 607 693 672 salute
713 613 795 673 esset
815 607 1052 682 dimicandum,
1075 611 1191 690 quotus
1211 607 1345 690 quisque
1366 627 1425 671 cre·

236 712 311 780 dat?
346 713 437 793 Quod
472 713 510 777 de
544 713 622 778 belli
657 714 791 779 ducibus
830 713 919 778 addit
954 717 1063 777 movet
1096 714 1209 775 risum.
1257 710 1426 776 Habebunt

234 841 337 885 unum
371 819 492 895 solnm,
530 819 820 903 praeclarissimum
855 821 1001 884 omnium
1033 817 1177 883 Φωκίωνα
1209 817 1261 881 τόν
1290 817 1423 896 κοντόν,
1485 809 1494 833 ’

234 927 289 991 sed
319 947 383 992 non
412 931 479 990 erat
510 923 645 990 blandus
674 929 707 988 et
736 924 861 990 adulari
890 926 1058 990 nesciebat.
1105 923 1286 989 Utebantur
1320 930 1425 990 tamen

235 1035 303 1099 eius
332 1032 408 1098 forti
440 1037 472 1096 et
504 1030 590 1095 fideli
622 1051 732 1116 opera,
765 1036 797 1096 et
818 1031 878 1097 hoc
901 1033 969 1116 ipso
993 1035 1151 1116 tempore,
1176 1051 1238 1116 quo
1261 1032 1340 1097 haec
1364 1032 1425 1096 dici

234 1142 269 1203 in
293 1141 441 1204 concione
463 1136 645 1224 finguntur,
671 1158 745 1202 cum
768 1158 888 1224 magna
911 1137 1009 1202 classe
1032 1137 1224 1202 Perinthum
1249 1142 1282 1202 et
1305 1137 1424 1224 Byzan·

235 1247 320 1308 tium
351 1265 389 1308 ex
419 1243 565 1328 Philippi
597 1244 745 1308 manibus
776 1245 894 1329 eripuit
918 1244 1042 1328 sibique
1066 1248 1097 1308 et
1120 1245 1241 1330 patriae
1264 1245 1424 1332 insignem

235 1350 373 1437 gloriam
397 1370 433 1414 ac
454 1348 585 1414 laudem
607 1351 738 1436 peperit.

281 1561 361 1649 Pag.
397 1559 472 1626 156.
502 1558 555 1627 27.
583 1563 671 1638 ήμεῖι
695 1561 726 1626 δὲ
752 1559 834 1625 οὐδὲν
858 1565 1012 1631 ποιοῦντες
1037 1560 1141 1626 ε’νθόθε
1166 1561 1327 1640 καθήμεθα
1352 1561 1425 1640 μὲλ-

234 1682 339 1739 λοντες
367 1667 415 1730 οὶεὶ
441 1667 492 1730 καὶ
517 1666 722 1748 ψηφιζόμενοι
748 1667 799 1732 καὶ
825 1667 1039 1746 πυνθανόμενοι
1064 1667 1150 1732 κατόν
1174 1669 1228 1743 τήν
1257 1668 1377 1749 όγορόιν
1400 1668 1426 1732 εἴ

234 1799 263 1837 τι
299 1771 431 1851 λέγεται
463 1773 611 1853 νεώτερον.
643 1774 742 1838 καίτοι
774 1774 806 1838 τό
837 1772 949 1851 γένοιτ’
982 1772 1020 1838 όιν
1054 1774 1189 1852 νεότερον
1223 1775 1239 1850 ή
1273 1775 1424 1840 Μακεδὼν

234 1880 307 1959 όνήρ
332 1885 532 1961 καταφρονῶν
555 1880 720 1952 Ἀθηναίων
740 1879 792 1944 καὶ
813 1887 934 1957 τολμῶν
955 1880 1102 1953 ε’πιςολόις
1125 1879 1260 1958 πέμπειν
1278 1881 1423 1954 τοιαύτας

235 1983 299 2056 οἵοις
332 1985 484 2061 ήκοθοατε
515 1988 609 2067 μικρῷ
635 1985 785 2066 πρότερον.
833 1987 890 2051 Est
914 2007 1025 2072 operae
1048 1989 1189 2072 pretinm
1211 1987 1320 2052 videre
1343 1988 1425 2052 unde

234 2093 312 2156 haee
342 2094 498 2177 impostor
521 2095 793 2158 consarcinaverit.
841 2092 1070 2159 Demosthenes
1094 2094 1179 2157 enirn
1204 2092 1328 2158 dixerat
1351 2113 1422 2180 pag.

235 2193 289 2262 24.
315 2196 369 2262 21.
394 2199 481 2273 αλλ’,
505 2195 610 2277 οἶμαι,
636 2199 795 2275 καθήμεθα
817 2199 899 2264 οὐδὲν
919 2203 1085 2271 ποιοῦντες.
1102 2237 1144 2246 -
1158 2199 1190 2263 οό
1210 2198 1244 2274 δή
1266 2197 1423 2276 θανμαςόν
1525 2245 1526 2269 ;

235 2303 297 2371 ἕτιν
329 2305 354 2369 ei
382 2303 602 2384 ςρατευόμενορ
626 2303 677 2369 κα)
703 2313 796 2370 πονῶν
821 2306 929 2376 ἐκεῖνος
954 2305 1047 2376 αὐτός
1074 2342 1115 2352 -
1142 2307 1224 2381 ήμῶν
1247 2302 1423 2382 μελλόντων

235 2410 286 2474 κα)
318 2409 532 2493 ψηφιζομένων
564 2411 617 2476 καὶ
651 2410 876 2489 πυνθανομένων
907 2411 1134 2491 περιήόγνεται.
1159 2417 1190 2476 et
1213 2432 1287 2497 pag.
1314 2408 1367 2475 43.
1393 2409 1421 2476 7.

235 2519 251 2592 ή
285 2517 454 2594 βούλεσθε,
489 2516 556 2583 εἰπέ
588 2541 658 2595 μοι,
693 2519 856 2598 περιϊόντες
889 2520 988 2583 αὐτῶν
1018 2517 1217 2582 πυνθόνεοθαι
1247 2517 1346 2604 [κατόν
1371 2519 1423 2590 τήν

234 2623 351 2703 όρορόιν
383 2645 445 2688 om.
477 2623 500 2688 S
531 2645 616 2688 man.
645 2625 726 2709 pn),
750 2623 883 2701 λε’γεταί
905 2648 935 2688 τι
960 2621 1077 2699 καινόν;
1103 2623 1220 2700 γένοιτο
1246 2624 1308 2702 ρόιρ
1334 2621 1372 2688 όν
1394 2648 1422 2687 τι
1524 2621 1525 2638 ’

234 2729 402 2808 καινότερον
438 2730 454 2804 ή
485 2729 637 2795 Μακεδὼν
669 2732 741 2808 όνήρ
765 2729 942 2805 Ἀθήναόονς
967 2736 1197 2807 καταπολεμῶν
1219 2729 1273 2794 καὶ
1297 2730 1341 2795 τόν
1365 2737 1421 2794 τῶν

233 2838 387 2911 Ἑλλήνων
420 2837 548 2903 διοικῶνῑ
577 2837 625 2901 Ex
649 2838 700 2901 his
723 2858 824 2901 unum
845 2837 933 2922 apud
957 2834 1122 2901 falsarium
1146 2837 1300 2901 mendum
1324 2839 1423 2902 eximi

233 2942 345 3007 debere
379 2944 514 3008 arbitror
549 2948 580 3008 et
610 2947 669 3032 pro
701 2943 839 3024 νεώτεροι
871 2944 920 3008 bis
951 2940 1120 3022 καινότερον
1151 2943 1291 3008 rescribi.
1338 2943 1422 3010 Nam

233 3051 304 3133 quis
338 3051 439 3113 nescit
474 3049 551 3134 quid
585 3050 668 3114 inter
703 3046 871 3129 καινότερον
906 3055 938 3113 et
974 3049 1128 3128 νεώτερον,
1166 3056 1356 3127 καινοτομεῖν
1391 3053 1422 3114 et

233 3154 412 3236 νεωτερίζειν
435 3153 583 3220 intersiti

277 3366 339 3434 Sed
362 3368 422 3433 hoc
445 3366 515 3433 leve
536 3368 654 3433 vitium
675 3372 723 3431 est
741 3386 816 3452 prae
836 3368 1022 3451 turpissimo
1041 3367 1175 3444 mendo,
1197 3387 1259 3452 quo
1277 3367 1421 3434 laborant

231 3475 338 3539 vicina
370 3474 466 3539 haec:
496 3473 548 3537 xci
581 3473 623 3554 τῷ
655 3474 711 3550 μὲν
745 3472 917 3553 ὑπόρχονοι
951 3510 993 3521 -
1018 3475 1077 3536 τῶν
1100 3476 1173 3551 παρ’
1198 3476 1270 3550 ήμῖν
1295 3471 1418 3554 ῥητόρων
1521 3495 1522 3503 ’

232 3581 308 3650 τινες
335 3581 359 3644 οἱ
384 3580 443 3649 τοὶς
468 3581 541 3660 παρ’
567 3579 678 3645 ε’κεόνον
702 3579 813 3658 δωρεόις
838 3578 940 3644 οἴκαδε
973 3577 1213 3657 λαμβανειν
1247 3579 1420 3660 νομίζον·
1521 3579 1522 3608 ³

232 3710 297 3757 τεο
321 3687 373 3750 οὐκ
398 3685 599 3766 αἰσχύνονται
627 3686 771 3767 Φιλίππῳ
795 3685 904 3767 ζῶντες
931 3686 991 3750 οὐδ’
1016 3684 1211 3750 αόοθοόνονται
1237 3685 1344 3750 πιόντα
1366 3686 1416 3750 καὶ

231 3793 273 3858 τόο
305 3801 360 3866 τῆς
393 3790 510 3866 πόλεως
534 3793 585 3860 καὶ
611 3793 653 3858 τόι
678 3800 764 3875 σφῶν
788 3793 888 3856 αὐτῶν
912 3794 1019 3869 μικροῦ
1044 3794 1212 3869 λήμματος
1237 3796 1417 3862 πωλοῦντες.

232 3900 311 3981 Quis
333 3919 396 3963 non
418 3899 561 3965 haerebit
580 3902 615 3964 in
634 3898 812 3978 λαμβάνειν
835 3895 1029 3979 ιομόζοντεςθ
1048 3897 1121 3964 Non
1141 3900 1227 3963 enim
1247 3898 1418 3984 proditores
1520 3955 1521 3982 2

231 4028 264 4072 se
288 4007 369 4071 dona
392 4007 531 4090 accipere
554 4007 780 4091 opinabantur,
803 4005 857 4070 sed
878 4008 955 4069 satis
975 4005 1124 4068 sciebant.
1162 4002 1273 4088 Itaque
1294 4009 1417 4070 exortus

232 4118 279 4179 est
302 4110 379 4176 olim
405 4117 576 4190 corrector,
602 4114 656 4196 qui
681 4113 829 4177 audacter
851 4111 971 4176 nodum
991 4111 1148 4175 dissecans
1167 4130 1222 4195 pro
1244 4111 1418 4187 λαμβάνειν

232 4215 400 4298 νομίζοντες
426 4217 593 4282 substituit
616 4216 857 4296 λαμβανοντεο,
882 4221 914 4282 et
934 4219 979 4282 sic
999 4238 1082 4281 nunc
1102 4219 1135 4280 in
1157 4216 1270 4282 multis
1290 4216 1415 4303 legitur.

231 4323 323 4391 Nihil
354 4326 398 4389 sic
428 4320 629 4409 proficimus,
663 4323 716 4390 sed
748 4323 902 4392 elicienda
925 4328 992 4389 erat
1014 4343 1090 4392 vera
1113 4325 1268 4412 scriptura
1291 4344 1329 4388 ex
1350 4321 1418 4386 loco
