3052 4970
678 249 743 320 415

151 461 171 501 ι.
198 436 275 500 391.
301 436 333 511 ἦέ
356 436 534 518 σκέπαρνον.

106 548 143 606 ut
177 543 297 608 formae
331 544 528 622 Αἰγυπτίων,
565 545 775 631 Αἰγυπτίους,
810 549 993 626 Αἰγυπτίας
1029 553 1061 614 et
1094 553 1166 614 sim.
1198 556 1301 617 metro

108 648 298 732 quadrarent
321 651 530 735 corripiebant
555 653 743 730 secundam,
768 653 939 738 prudenter
961 657 996 718 in
1018 655 1070 719 his
1094 658 1242 722 omnibus
1271 663 1302 722 et

110 752 254 821 sollerter
276 760 406 821 versati.
454 757 570 822 Poetae
594 763 684 835 sunt,
710 780 772 824 non
797 763 1011 847 grammatici.

153 860 205 924 Ad
230 859 323 926 Iliad.
348 872 370 926 1.
395 861 449 928 73.
476 862 677 930 Herodianus
701 866 786 931 male
811 866 967 942 ὑποδεξείη
993 871 1031 939 ὡς
1056 869 1182 948 Ἀργείη
1206 889 1301 934 anno-

110 971 252 1043 taverat,
281 968 335 1032 sed
359 971 494 1034 correxit
517 991 654 1035 errorem
679 976 777 1037 etita
802 972 902 1037 dixit:
928 970 1017 1038 ἕνεκα
1041 972 1152 1054 μέτρον
1178 971 1303 1039 ἔκτασιν

111 1071 206 1137 ἔπαθε
237 1073 272 1137 τὸ
303 1101 330 1140 ε.
367 1075 446 1162 Leg.
482 1075 515 1139 τὸ
546 1087 570 1139 Ι.
619 1075 777 1142 Similiter
809 1080 848 1142 ad
880 1089 913 1143 B.
940 1077 1014 1145 731.
1038 1078 1130 1153 οὕτως
1157 1081 1301 1146 ε’κτατέον

111 1178 160 1243 drot
184 1182 218 1245 τὸ
243 1179 371 1261 μέτρον,
399 1181 610 1267 Ἀσκληπιοῦ,
634 1184 814 1268 penultima
836 1184 933 1271 longa
956 1190 988 1249 et
1011 1186 1051 1250 ad
1072 1197 1110 1252 O.
1137 1186 1213 1252 554.

338 1288 513 1368 ἐντρέπεται
537 1289 628 1370 φίλον
653 1287 720 1368 ἦτορ
745 1292 872 1368 ἀνεψιοῦ
897 1292 1071 1369 κταμένοιο.

110 1394 163 1467 τῆν
187 1395 224 1471 ψι
249 1394 414 1471 συλλαβῆν
439 1394 583 1459 ε’κτατέον
607 1395 659 1461 drot
683 1395 718 1460 τὸ
743 1397 861 1477 μέτρον.

154 1600 244 1666 Iliad.
271 1612 310 1667 H.
338 1603 412 1668 110.

198 1711 392 1790 Ἀφραίνεις,
421 1711 583 1789 Μενέλαε,
611 1749 652 1759 -
678 1711 740 1775 ἀνά
765 1711 792 1775 δ’
818 1711 906 1792 ἴσχεο
933 1711 1095 1792 κηδθμενθς
1119 1740 1186 1796 περ.

153 1812 274 1881 Graece
293 1819 356 1881 diei
375 1838 438 1882 non
456 1823 561 1903 potest
579 1819 751 1896 ἀνίσχομαι
777 1839 835 1903 pro
855 1819 1027 1899 ἀνέχομαι,
1048 1841 1149 1905 neque
1164 1823 1302 1902 ἀπισχο.

109 1943 168 1996 μαι
199 1943 256 2008 pro
288 1923 468 2002 ἀπέχομαι,
505 1925 560 1989 sed
587 1923 670 1988 nihil
696 1928 743 1988 est
766 1923 892 1988 facilius
915 1946 1011 2009 quam
1034 1925 1115 1990 hano
1139 1927 1300 1992 maculam

110 2030 224 2096 eluere.
273 2029 404 2094 Dixerat
427 2035 538 2115 potita:
561 2032 622 2095 ἀνα
647 2039 703 2093 ΔΕ
728 2030 804 2108 σχέο
829 2028 990 2108 κηδόμενός
1014 2055 1089 2112 περ,
1113 2037 1151 2096 ut
1174 2033 1269 2099 alibi:

246 2134 390 2214 τέτλαθι,
416 2143 513 2217 μῆτερ
539 2138 614 2214 ε’μῆ,
642 2136 694 2201 καὶ
720 2135 902 2216 ἀνάσχεο
927 2137 1074 2216 κηδομένη
1098 2163 1164 2220 περ.

152 2347 287 2413 Duobus
309 2347 387 2413 loois
410 2351 445 2411 in
470 2348 570 2412 Iliade
593 2348 680 2412 idem
703 2347 858 2412 mendum
884 2346 1019 2413 inolevit
1041 2356 1078 2411 H.
1106 2347 1183 2415 434.

245 2451 319 2531 ἦμος
344 2455 369 2519 θ’
393 2453 459 2518 οὔτ’
484 2452 522 2534 ἀρ
547 2478 593 2518 πα
619 2455 674 2529 ἦθος
704 2452 747 2517 ἔτι
773 2455 799 2517 δ’
824 2454 991 2534 ἀμφιλύκη
1016 2451 1089 2532 νύξ,

245 2569 341 2640 τῆμος
366 2559 413 2641 ἀρ’
437 2560 524 2644 ἀμφὶ
550 2561 645 2641 πνρῆν
669 2560 767 2641 κριτὸς
788 2563 923 2641 Ἔγρετο
947 2562 1023 2632 λαὸς
1049 2561 1197 2641 Ἀχαιῶν.

28 2688 42 2700 ·
107 2674 139 2734 et
164 2679 212 2732 Ω.
239 2665 314 2734 790.

245 2770 319 2850 ἦμος
345 2774 370 2836 δ’
395 2773 545 2854 ἦριγένεια
570 2772 654 2854 Φάνη
679 2773 896 2854 ῥοδοδάκτνλος
923 2775 997 2849 ἦώς,

243 2888 340 2955 τῆμος
364 2879 412 2958 ἀρ’
438 2880 524 2958 ἀμφὶ
550 2880 643 2958 πνρῆν
668 2883 780 2944 κλυτοῦ
803 2880 947 2958 Ἕκτορος
969 2882 1103 2958 Ἔγρετο
1128 2881 1214 2952 λαός.

151 2986 238 3067 Quid
271 2986 331 3051 sibi
361 2987 434 3052 vult
464 2989 499 3050 in
529 2986 751 3050 huiuscemodi
774 2985 852 3050 loeis
872 2983 1026 3064 Ἔγρετοθ
1063 2985 1154 3065 Quod
1175 2985 1299 3072 liquido

105 3095 264 3159 sententia
294 3092 435 3178 postulat
463 3092 543 3157 latet
572 3095 607 3156 in
638 3095 768 3177 antiqua
800 3093 956 3176 scriptura
983 3100 1161 3168 GPPeTO‚
1185 3115 1300 3181 nempe

102 3202 255 3280 Ἤγρετο.
298 3198 428 3278 ’Λγείρω
459 3200 554 3263 habet
587 3198 665 3262 duas
697 3200 806 3262 aoristi
834 3199 954 3282 passivi
976 3197 1095 3262 formas
1119 3198 1245 3279 η’γέρθην
1269 3208 1301 3266 et

105 3305 281 3387 Ἠγρθμην,
308 3326 444 3390 quarum
466 3305 523 3370 illa
546 3307 666 3390 passim
687 3303 808 3391 legitur
830 3305 865 3366 in
887 3305 1065 3367 notissimo:
1083 3299 1086 3302 ’

289 3407 315 3476 oi
338 3411 366 3476 δ’
392 3411 457 3475 ἐπεὶ
482 3408 529 3475 οὖν
554 3412 677 3490 ἦγερθεν
701 3410 866 3489 ὁμηγερέες
889 3411 919 3474 τ’
944 3408 1094 3486 ἐγένοντο.

103 3521 182 3585 haee
205 3539 270 3583 non
292 3519 355 3582 nisi
377 3521 412 3582 in
435 3519 604 3603 participio
629 3523 805 3601 comparet,
831 3521 868 3580 ut
891 3515 984 3579 Iliad.
1012 3525 1049 3579 Τ.
1077 3513 1154 3582 165.

335 3620 365 3686 ἀν
389 3649 424 3688 τε
449 3623 500 3687 καὶ
525 3623 629 3703 ἀνδρες
654 3621 874 3699 ἀποκτάμεναι
903 3621 1066 3700 μεμάασιν

337 3729 499 3808 ἀγρόμενοι
523 3733 587 3802 τιάς
610 3727 697 3801 λαθς.

107 3843 139 3904 et
158 3837 238 3902 alibi
253 3839 382 3922 passim.
417 3835 492 3900 Huo
515 3836 644 3902 videtur
655 3833 817 3900 referenda
828 3831 985 3918 Hesychii
996 3832 1103 3919 glossa
1121 3836 1299 3915 ’Ήγρετοτ

107 3943 227 4024 ἦγέρθη.
263 3943 392 4023 ’Λγεθριο
423 3949 454 4007 et
485 3942 610 4022 ἐγείραι,
644 3947 681 4005 ut
711 3943 745 4003 in
777 3936 948 4004 Oodioibus
978 3942 1093 4003 nostris
1117 3943 1300 4025 saepissime

106 4048 356 4125 confunduntur,
391 4052 436 4116 sio
467 4052 564 4114 etiam
594 4070 656 4114 non
686 4068 756 4112 raro
787 4049 821 4110 in
848 4048 1078 4113 vetustissimis
1101 4047 1193 4113 libris
1216 4050 1300 4112 inter

107 4177 140 4220 se
162 4153 335 4220 mutabant
357 4155 476 4221 losum.
524 4155 562 4219 In
581 4155 673 4220 Iliad.
699 4164 736 4219 E.
764 4151 840 4218 510.

507 4261 625 4341 Τρωσὶν
649 4260 740 4338 θνμθν
765 4261 894 4338 ἐγεῖραι.

152 4366 352 4451 Porphyrius
383 4368 423 4432 ad
453 4367 544 4433 Iliad.
579 4377 617 4432 Θ.
649 4367 681 4432 2.
713 4367 752 4431 de
783 4367 879 4433 verbo
910 4365 1024 4446 ἀγείρω
1054 4388 1151 4455 agens
1174 4369 1300 4448 ἀγεῖραι
