3080 4972
832 251 875 318 50

244 509 250 516 ,
292 441 373 530 Pag.
406 440 481 508 158.
517 441 568 510 13.
600 441 685 523 φημί
718 447 829 521 χρῆναι
858 439 1108 521 παρεσκευάσθαι
1131 444 1188 522 μέν
1211 445 1284 524 πρὸς
1308 446 1360 512 τὸν
1381 444 1427 512 πί·

248 564 364 626 λεμον,
390 556 586 629 παρακαλεῖν
609 549 641 615 δὲ
666 547 735 618 τοὺς
758 549 917 621 Ἕλληνας
945 549 990 625 μὴ
1015 546 1119 625 λέγοις
1144 551 1234 615 οίλλα
1257 560 1320 623 τοῖς
1345 550 1428 632 έργοις
1527 589 1528 644 ss

249 655 336 740 [πρὸς
371 656 425 728 τίςν
461 653 536 735 παρ’
575 656 669 732 ἡμῶν.
706 656 752 720 sio
785 651 817 718 S.
853 655 970 718 caeteri
1000 653 1074 733 ὑπὲρ
1108 656 1191 733 ἡμῶν
1221 658 1431 740 συμμαχίαν]
1527 653 1528 664 ’

249 761 360 845 Neque
383 759 469 840 παριί
494 781 596 846 neque
621 759 693 840 ὑπέρ
717 779 831 824 sanum
856 762 913 824 est.
960 758 1128 844 anunoto
1148 762 1342 830 emblemate
1358 765 1430 850 eogi-

249 869 370 931 tetione
393 865 608 951 supplendum
632 864 703 945 πρίς
727 867 778 930 τὸν
798 865 935 940 πόλεμον
955 869 1011 930 aut
1031 865 1081 929 ε’πί
1101 866 1152 932 τὸν
1173 866 1310 945 πόλεμον
1332 870 1432 957 (παρα

248 980 357 1037 καλεῖν
382 971 451 1043 τοὺς
474 973 659 1051 Ἕλλανας).
708 970 808 1057 Saepe
831 973 866 1034 in
889 971 1001 1036 eadem
1024 992 1057 1036 re
1078 983 1276 1054 παρακαλεῖν
1299 975 1432 1041 absolute

247 1081 394 1164 ponitur,
431 1077 534 1143 veluti
567 1098 642 1171 pag.
679 1074 753 1142 129.
792 1074 821 1142 7.
853 1077 940 1141 αὐτοὶ
974 1080 1286 1158 παρασκευασάμενοι
1320 1118 1340 1130 -
1371 1079 1431 1152 τοὺς

248 1181 364 1255 ἄλλους
388 1183 442 1260 ἤδη
467 1189 716 1263 παρακαλῶμεν,
742 1188 774 1248 et
793 1203 866 1270 pag.
891 1181 965 1249 129.
987 1182 1039 1249 22.
1063 1185 1096 1248 οὐ
1117 1185 1221 1262 μέντοι
1242 1187 1329 1262 λέγοι
1350 1185 1432 1264 μηδὲν

249 1289 362 1362 αὐτοὺς
388 1289 461 1368 ὑπὲρ
485 1289 584 1358 αὐτῶν
608 1291 780 1371 ἀναγκαῖον
805 1290 963 1366 ἐθέλοντας
988 1299 1083 1358 ποιεῖν
1106 1291 1175 1367 τοὺς
1200 1291 1317 1364 ἄλλους
1343 1315 1433 1372 παρα·

252 1403 373 1466 καλεῖν.

295 1613 442 1678 Multum
465 1614 549 1678 inter
572 1634 605 1679 se
629 1613 778 1679 differunt
802 1614 864 1679 duo
888 1615 1092 1698 impostores,
1117 1635 1253 1699 quorum
1273 1615 1354 1681 alter
1372 1613 1436 1680 Pet

250 1720 391 1804 ίίρρίααα
429 1727 565 1806 quartem
596 1718 805 1785 Demostheni
836 1721 1019 1805 supposuit,
1052 1719 1132 1786 alter
1162 1723 1337 1787 orationem
1373 1721 1436 1802 πρὸς

249 1827 305 1901 σὺν
336 1827 481 1900 ἐπιτολὴν
506 1827 559 1900 τὴν
585 1826 751 1891 Φιλίππου.
800 1824 863 1904 Qui
886 1826 1086 1910 Philippicae
1108 1833 1245 1911 quartum
1268 1829 1438 1912 composuit

251 1953 290 1997 ex
320 1931 491 2017 permultis
523 1930 747 1996 Demosthenis
779 1932 975 1996 orationibus
1006 1934 1156 2018 genuinis
1180 1931 1267 1996 loeos
1291 1933 1437 2018 quosdam

249 2039 440 2124 insigniores
471 2038 702 2101 consarcinavit
733 2036 849 2100 iisdem
880 2057 978 2121 paene
1001 2038 1124 2115 verbis,
1151 2039 1268 2121 quibus
1291 2059 1309 2102 a
1330 2038 1439 2103 Demo-

250 2141 361 2208 sthene
393 2146 481 2206 eraut
511 2143 662 2226 concepti.
711 2137 829 2206 Oontra
860 2138 1007 2207 falsarius
1034 2145 1089 2228 qui
1112 2143 1247 2207 alteram
1271 2145 1438 2209 orationem

251 2247 400 2314 conflavit
431 2252 558 2312 tantum
590 2267 652 2311 uon
684 2250 792 2312 omnia
820 2269 858 2312 ex
882 2269 946 2313 une
969 2254 1001 2313 et
1025 2249 1135 2314 eadem
1159 2251 1301 2314 oratione
1322 2249 1439 2314 innatus

251 2357 361 2424 estex
391 2352 567 2438 Olynthium
589 2354 726 2416 ειοαοιιία.
768 2352 861 2419 Nihil
882 2374 921 2418 ex
933 2355 1051 2438 prima,
1072 2353 1155 2420 nihil
1174 2375 1214 2420 ex
1233 2356 1341 2432 tertio,
1362 2350 1439 2418 nihil
1524 2347 1528 2424 J

251 2481 290 2524 ex
322 2459 453 2523 caeteris
475 2460 539 2522 nisi
562 2459 646 2542 quod
670 2481 759 2522 αααα
782 2458 890 2524 loeum
913 2479 987 2547 pag.
1015 2458 1090 2526 157.
1118 2458 1147 2524 1.
1172 2463 1290 2525 sumsit
1312 2482 1349 2525 ex
1373 2459 1439 2525 Ple

251 2565 363 2647 ίίρρίοο
391 2563 491 2646 primo
521 2584 596 2650 pag.
629 2562 681 2628 43.
712 2562 748 2642 8,
783 2569 814 2629 et
843 2588 933 2628 ιιιιαια
965 2587 1038 2654 pag.
1074 2565 1149 2632 157.
1184 2564 1214 2632 7.
1240 2589 1279 2632 ex
1303 2568 1439 2632 oratione
1524 2563 1527 2622 i

250 2671 317 2747 περὶ
350 2669 532 2743 Ἀλονννίσου
556 2690 630 2756 pag.
655 2667 710 2734 80.
735 2667 789 2736 27.
836 2669 1020 2747 Praeterea,
1045 2677 1082 2737 ut
1105 2691 1163 2737 sua
1185 2673 1272 2738 furta
1295 2673 1438 2737 dissimu-

249 2777 349 2853 laret,
380 2774 605 2841 Demosthenis
635 2779 807 2842 sententias
831 2775 904 2842 aliis
927 2779 1033 2843 verbis
1056 2781 1192 2844 vestivit
1215 2782 1306 2863 quasi
1328 2777 1440 2842 histrio
1526 2791 1527 2848 ἶ

250 2881 322 2947 aliis
352 2887 447 2966 atque
477 2880 550 2946 aliis
581 2881 779 2946 ornamentis*
805 2882 938 2946 indutus
968 2883 1055 2947 idem
1077 2885 1112 2947 in
1135 2905 1262 2950 scenam
1285 2884 1438 2970 prodiens.

250 2987 343 3053 Nihil
366 2990 397 3051 ei
419 2987 546 3072 prodest
568 3007 643 3051 nam
667 2991 794 3051 tenetur
815 2988 934 3072 ubique
958 2988 1037 3052 furti
1061 2991 1258 3056 manifestus.
1308 2988 1441 3074 Compa-

249 3097 319 3159 rsto
349 3093 433 3158 mihi
464 3092 580 3177 aliquis
610 3093 668 3157 hos
697 3091 799 3157 locos:
830 3092 1060 3160 Demosthenes
1089 3117 1163 3183 pag.
1188 3095 1243 3161 20.
1270 3095 1321 3160 19.
1347 3095 1376 3160 εί
1397 3116 1440 3164 τις

252 3201 333 3278 ὑμῶν
365 3199 461 3264 οίεται
494 3197 552 3281 βίρο
583 3197 719 3275 καθέξειν
742 3199 835 3263 αὐτὸν
860 3198 902 3262 τοὶ
926 3198 1108 3280 πράγματα
1131 3205 1172 3282 τῷ
1197 3203 1240 3266 τοί
1264 3201 1363 3282 χωρία
1389 3200 1440 3266 καί

251 3305 380 3383 λιμένας
406 3305 458 3368 καί
484 3306 681 3369 τὰτοιαῦτα
707 3304 943 3386 προειληφέναι,
970 3307 1023 3369 οὐκ
1046 3308 1132 3387 ὀρθῶς
1157 3308 1264 3372 οίεται.
1289 3305 1363 3372 ίταν
1388 3306 1442 3385 μέν

251 3412 314 3493 γὰρ
341 3411 394 3475 ὑπ’
420 3411 536 3484 εὐνοίας
568 3407 611 3474 τοί
643 3407 826 3488 προίνμοιτα
858 3421 934 3493 sossi
967 3411 1018 3476 καί
1049 3417 1127 3479 τοῖσι
1161 3413 1268 3479 ταὺτα
1300 3412 1442 3494 συμφέρει

250 3526 313 3588 τοῖς
337 3515 505 3596 μετέχουσι
529 3519 583 3580 τοῦ
608 3514 744 3592 πολέμου
768 3516 821 3580 καί
846 3525 1013 3594 συμπονεῖν
1035 3519 1088 3582 καί
1113 3519 1216 3602 φέρειν
1239 3519 1299 3593 τοῖς
1324 3525 1444 3598 συμφο·

250 3625 306 3704 ρέος
344 3621 396 3686 καί
437 3621 538 3700 μένειν
569 3621 718 3685 έίέλουσιν
750 3619 914 3700 ἅνθρωποι·
947 3619 1021 3687 ὅταν
1052 3625 1080 3690 δ’
1112 3627 1145 3690 έκ
1178 3623 1356 3702 πλεονεξίας
1388 3623 1442 3688 καί

252 3726 396 3806 πονηρίας
426 3751 473 3799 τις
505 3725 603 3807 ὥσπερ
634 3722 719 3798 οὖτος
752 3729 867 3808 ίσχοίσρ
904 3731 919 3804 τί
953 3730 1054 3808 προίτκ
1083 3726 1237 3811 πρόφασις
1263 3732 1316 3797 καὶ
1340 3730 1445 3810 μικρὸν

252 3842 402 3911 πταῖσμα
425 3831 543 3899 ἅπαντ’
567 3834 751 3914 οίνεχαίτισε
776 3832 840 3920 [καί
863 3832 1010 3922 tetanos}
1047 3835 1206 3902 Falsarius
1225 3859 1299 3926 pag.
1324 3835 1396 3902 154.
1413 3834 1441 3900 5.

252 4049 304 4114 καί
329 4045 445 4112 τοιαῦθ’
469 4041 559 4125 ἕτερα
581 4048 723 4125 χρήσιμα
749 4047 820 4127 πρὸς
846 4046 999 4124 πόλεμον·
1025 4047 1078 4128 δρῶ
1103 4049 1133 4112 δέ
1157 4051 1195 4120 ὡς
1220 4045 1295 4113 ὅταν
1314 4051 1367 4127 μέν
1388 4048 1444 4111 ὑπ’

250 4154 366 4225 εὐνοίας
396 4152 440 4216 πα
471 4150 652 4231 προίρματα
683 4152 853 4232 συνέχηται
887 4152 938 4216 καί
972 4157 1051 4218 ποῖσι
1085 4154 1190 4218 ταύτὰ
1214 4155 1357 4237 συμφέρρ
1377 4163 1445 4223 τοῖς

251 4259 419 4340 μετέχουσι
448 4264 506 4323 τῶν
531 4255 673 4334 πολέμων
698 4257 781 4337 μένει
804 4258 846 4323 τέο
870 4258 1044 4327 συταίέντα
1067 4259 1229 4338 βεβαίας,
1253 4257 1328 4327 ὅταν
1353 4261 1379 4326 δέ
1408 4257 1444 4334 ἐξ

251 4368 418 4446 ἐπιβουλῆς
458 4364 509 4429 καί
540 4363 721 4441 πλεονεξίας
751 4362 861 4446 οίποίτρ
892 4364 944 4430 καί
977 4366 1036 4449 βία
1068 4367 1269 4448 κατέχηται,
1302 4369 1444 4448 καίοίπερ
