3052 4970
655 252 719 324 401

150 444 204 520 τήν
226 443 310 527 ἄρετ’
333 445 369 510 ἐκ
392 444 540 512 Τενέδοιο.
565 455 606 512 Α.
633 445 711 512 625.

149 549 256 615 ἄέόλιοο
282 550 390 618 ποσσὶν
413 551 529 633 ἄροντο.
554 562 578 617 Ι.
605 550 679 618 124.

148 657 233 728 κλέος
259 659 429 739 -ἄροόμην,
454 668 491 726 Σ.
519 658 594 724 121.

147 763 231 837 κῦδος
256 763 346 845 ἄροιο.
371 775 411 831 Δ.
436 764 490 832 95.

145 868 230 942 κῦδος
254 868 365 950 ἄροιτο.
392 881 426 936 Ε.
452 870 484 936 3.

143 976 291 1056 ἄροίμεόᾶ
315 1001 349 1041 κε
372 976 458 1048 κλέος
482 975 599 1046 εὀόλόν,
629 987 661 1043 Ε.
687 977 767 1046 273.

142 1083 229 1156 κῦδος
252 1080 354 1165 ἄρηοοι.
379 1094 418 1150 Π.
445 1081 499 1150 84.

141 1185 189 1253 ἵνκ
214 1225 234 1239 -
257 1189 363 1267 μισθόν
386 1189 507 1270 ἄρητοιι.
534 1198 581 1254 Μ.
607 1187 683 1254 435.

139 1292 175 1359 ἵν’
199 1294 358 1376 ὑπέρτερον
381 1291 472 1376 εὖχος
496 1296 616 1375 ἄρησόε.
639 1306 681 1362 Λ.
706 1294 784 1362 290.

139 1399 229 1482 εὖχος
254 1401 387 1483 ἄρόσόοιι.
413 1411 445 1470 Ξ.
471 1400 549 1468 365.

138 1508 224 1580 κῦδος
249 1508 382 1589 ἄρέσόκι.
406 1518 453 1573 Μ.
478 1504 555 1574 407.

137 1614 224 1688 κῦδος
248 1613 349 1695 ἄρέοό
373 1615 422 1678 ε’τ1
448 1614 545 1679 νοουοό.
572 1626 608 1680 Σ.
635 1614 712 1680 294.

92 1725 121 1784 et
143 1719 266 1786 similia
287 1720 339 1785 his
360 1724 561 1807 reperiuntur
582 1725 711 1807 passim.
760 1721 822 1788 Sed
844 1722 966 1786 factum
989 1725 1037 1787 est
1060 1726 1132 1806 post
1158 1720 1278 1788 Home·

89 1829 188 1892 ricam
213 1831 350 1892 aetatem
372 1832 410 1892 ut
432 1830 467 1892 in
490 1829 598 1892 Attica
620 1829 708 1907 ἄείρω
728 1830 763 1892 in
782 1827 854 1908 κήρο
875 1827 1111 1894 contraheretur
1129 1833 1163 1893 et
1183 1831 1277 1894 aoris-

89 1937 139 1997 tus
164 1938 246 1998 esset
269 1930 343 2013 ἠροο,
369 1927 461 2012 ἄροιο,
484 1931 580 2012 ἄρκς,
606 1937 694 1998 etin
718 1935 820 1999 forma
842 1935 949 1999 media
968 1934 1104 2014 ἠρόμην,
1123 1935 1274 2015 ἄροιόμην,

89 2038 239 2119 ἄρασθαι,
272 2039 433 2120 όρᾶμενος.
480 2037 563 2104 Oum
595 2039 645 2105 his
674 2042 776 2127 igitur
805 2041 916 2105 formis
937 2039 1126 2106 Homericae
1148 2043 1277 2106 misceri

89 2152 117 2212 ct
139 2147 319 2233 permutari
339 2151 482 2231 coeptae,
503 2147 560 2210 ubi
579 2167 642 2211 una
662 2146 781 2212 vocalis
800 2146 969 2211 discrimen
989 2146 1133 2211 faciebat.
1159 2147 1275 2228 Quem·

87 2253 261 2318 admodum
284 2249 433 2318 Graeculi
451 2251 585 2332 εὑροίμην
606 2257 639 2317 ct
658 2249 842 2333 ἄφειλᾶμην
862 2252 1052 2316 dictitabant
1069 2273 1126 2337 pro
1147 2252 1275 2333 εὑρόμην

87 2365 117 2424 et
138 2361 337 2441 ἄφειλόμην,
362 2360 407 2422 sic
431 2360 623 2442 antiquiores
646 2379 702 2443 pro
726 2358 838 2423 formis
861 2362 998 2425 vetustis
1021 2357 1168 2444 ἠρόμεόοι,
1189 2361 1273 2441 ἠρετο

85 2469 156 2530 sim.
181 2466 306 2530 Atticas
330 2464 486 2547 ἠρόμεήκ,
511 2463 603 2542 ἠρκτο
626 2465 867 2530 substituerunt.

127 2571 345 2636 Eximendum
367 2573 540 2657 igiturest
562 2569 622 2636 hoc
644 2572 764 2636 vitium
785 2592 824 2635 ex
846 2571 897 2638 his
919 2570 1055 2638 Homeri
1077 2571 1172 2637 locis:

129 2689 163 2744 Γ.
190 2675 268 2745 373.
292 2675 428 2741 ἄσπετον
451 2675 544 2755 ἄροιτο
569 2677 666 2747 κῦδος.

131 2794 164 2852 Ξ.
189 2781 266 2848 510.
290 2780 442 2863 βροτόεντ’
464 2780 635 2862 coaptans
660 2780 795 2860 -ἠροιτο,

130 2901 165 2956 Σ.
194 2887 270 2955 165.
294 2887 430 2954 ἄσπετον
452 2887 544 2970 ἠροοτο
568 2887 667 2962 κῦδος.

129 3008 165 3062 Χ.
192 2994 268 3060 393.
293 2994 432 3074 ἠρόμεόοο
454 2993 545 3072 μόνον
567 2994 666 3066 κῦδος.

129 3103 154 3166 δ,
180 3099 257 3166 107.
281 3097 347 3165 ὅστ’
372 3100 523 3172 Ὀδυσεὺς
547 3099 685 3179 ἐμόγησε
709 3100 761 3165 nai
786 3101 888 3183 ἠρκτο.

128 3233 153 3274 ν.
182 3206 259 3275 137.
282 3208 392 3290 Τροίης
417 3195 554 3288 ἒξήροιτο.

127 3342 158 3380 ω.
187 3315 240 3380 33.
265 3313 353 3394 μέρος
376 3313 463 3384 κλέος
488 3313 557 3393 ἠροό
579 3311 706 3377 ότι-[σοον.

127 3423 238 3487 Attica
256 3424 341 3486 enim
362 3421 464 3485 forma
483 3418 602 3499 ἠρόμην
621 3408 739 3502 succepi
755 3419 806 3504 (ut
824 3422 859 3482 in
880 3417 1015 3497 πόλεμον
1031 3414 1162 3502 ἠρόμην)
1179 3417 1274 3502 plane

82 3532 209 3596 diversa
226 3529 265 3593 ab
278 3527 450 3593 Homerico
462 3530 578 3591 aoristo
591 3524 703 3604 ἠρόμην
716 3546 753 3588 ex
765 3525 816 3588 his
829 3525 978 3590 omnibus
988 3524 1066 3590 locis
1078 3523 1273 3609 expellenda.

125 3636 280 3701 Atticum
304 3633 375 3714 κῖρω
399 3653 461 3700 non
485 3635 552 3698 sina
575 3634 751 3717 suspicione
775 3633 864 3694 semel
885 3632 970 3716 apud
992 3630 1170 3696 Homerum
1190 3650 1274 3694 com·

79 3746 170 3830 paret
191 3752 224 3806 P.
252 3737 327 3816 724.
567 3734 570 3742 ’

311 3849 349 3920 ὥς
372 3847 496 3912 caracara
520 3844 604 3910 νέκυν
630 3844 822 3924 κήροντοος
845 3843 1008 3925 Ἀχοοιοός.

598 4048 761 4118 LXXVII.

555 4221 627 4270 ῙιΟΟΙ
650 4221 807 4269 ΒΕΡΕΉἮ.

124 4379 198 4462 Quo
232 4375 359 4460 saepius
389 4375 519 4458 antiqua
551 4374 693 4438 carmina
723 4369 844 4448 Ionica,
878 4391 959 4456 quae
987 4369 1123 4438 Homeri
1148 4374 1276 4440 nomine

1092 4476 1123 4525 rc
