3026 4970
631 246 698 325 277

121 447 157 509 N.
180 443 256 510 204.

248 549 301 630 ἧκε
325 552 357 618 δέ
380 577 432 630 μιν
456 553 622 634 σφαιρηδὸν
646 550 840 632 τελιξιίμενις
866 550 902 616 δι’
927 549 1043 631 ίμίλιν.

84 659 183 737 scribe,
207 664 364 746 utsupra
388 661 603 745 ostendimus,

339 767 506 848 σφαιρηδὸν
531 767 563 832 δέ
586 790 639 844 μιν
661 761 713 841 ἧκε
736 761 943 842 τελιξιίμενις.

120 873 151 930 Ρ.
174 863 249 931 283.

248 969 363 1052 ῥηιδίως
389 972 535 1037 ἐκέδασσε
556 970 750 1051 εελιξιίμενσς
775 973 825 1037 δια
848 971 984 1051 βήσσας.

119 1073 237 1144 Psssivi
260 1079 396 1142 norisius
418 1098 482 1143 uno
503 1077 573 1142 loeo
595 1084 757 1164 comparet
776 1087 823 1144 M.
849 1075 902 1144 74.

243 1181 350 1262 Ιοὐκέτ’
376 1182 474 1248 ἔπειτ’
497 1184 546 1248 tio
569 1184 632 1249 οὐδ’
656 1183 797 1263 ἄγγελον
820 1186 1001 1250 σίτινίεσίαι

169 1345 174 1354 .
248 1286 377 1368 ἄψορρον
400 1291 470 1355 orori
494 1288 569 1358 ιιίςν
592 1294 788 1372 ιελιχίέντων
812 1291 863 1356 ὑπ’
887 1293 1036 1372 Ἀχαιῶν.

118 1392 220 1460 Semel
243 1400 275 1460 et
297 1397 417 1461 iterum
439 1398 663 1482 imperfectum
682 1398 837 1463 εελίσσετι
857 1401 1012 1484 reperitur
1029 1399 1064 1462 in
1083 1398 1197 1486 Odyss.
1216 1409 1253 1463 Τ.

82 1497 125 1564 24.
148 1507 180 1566 et
201 1499 256 1567 28.

204 1609 378 1687 νωλεμέως·
403 1609 485 1689 ιὶτιίρ
508 1607 602 1680 αὖτίς
622 1608 776 1674 ιελίσσετι
800 1608 869 1673 ἔνθα
894 1609 945 1673 καί
971 1606 1052 1676 ἔνθα.

204 1711 240 1788 ὦς
265 1717 313 1795 ἄρ’
336 1711 386 1792 ty·
411 1712 481 1777 ἔνία
505 1717 556 1777 καί
583 1713 652 1779 ἔνθα
675 1718 829 1780 εελίσσετν
854 1714 1053 1796 μερμηρίζων.

79 1822 154 1904 prior
181 1842 292 1887 versus
322 1823 456 1887 vitiatus
479 1825 527 1884 est
549 1821 604 1885 sed
627 1841 666 1885 ex
689 1827 763 1886 note
785 1819 920 1886 Homeri
943 1821 1170 1905 compositione
1194 1839 1256 1884 non

81 1924 239 1993 difficulter
261 1933 410 1994 senetur:

362 2031 538 2107 νωλεμέως·
563 2031 655 2104 αὐτὸς
681 2039 738 2096 ΔΕ
761 2032 928 2097 ιελίσσετι.

118 2135 265 2225 Superest
294 2137 383 2203 locus
415 2137 499 2202 mele
529 2137 658 2203 habitus
686 2136 778 2203 Iliad.
810 2146 855 2202 M.
888 2135 940 2202 49.
973 2139 1012 2210 ὥς
1041 2139 1067 2204 δ’
1092 2133 1138 2202 ὅτ’
1163 2136 1202 2203 ίιν
1226 2137 1256 2203 ἓν

80 2267 109 2308 τε
136 2246 256 2311 κύνεσσι
286 2244 339 2310 καί
368 2243 495 2325 ιίνδρνίσι
526 2281 569 2292 -
600 2243 677 2309 λέων
701 2243 850 2327 τρέφεται
876 2281 917 2292 -
941 2243 1065 2328 ταρφέα
1089 2269 1124 2311 τε
1148 2245 1258 2328 τρέφε-

81 2371 126 2414 ιαι
149 2388 201 2417 -.

252 2452 289 2530 ὥς
309 2457 430 2538 Ἕκτωρ
453 2457 500 2522 τίν’
522 2455 627 2535 ίμιλιν
651 2456 700 2524 irio
725 2459 877 2525 ἐλλίσσεθ’
903 2459 1038 2541 ἑταίρινς

251 2561 370 2643 τιίφριν
393 2563 559 2645 ἐποτρύνων
582 2563 794 2643 διαβαινέμεν.

119 2669 239 2755 Nempe
271 2669 412 2734 ε’λίσσετι
436 2671 619 2754 precabatur
643 2692 773 2758 prorsus
796 2694 815 2738 o
836 2671 900 2738 looi
922 2675 1078 2739 sententie
1101 2660 1260 2739 obhorret.¹

81 2771 189 2841 Sensus
219 2774 388 2840 manifesto
421 2781 469 2841 est
499 2779 537 2848 ὥς
570 2776 645 2841 λέων
676 2778 801 2860 ταρφέα
831 2778 982 2860 τρέφεται
1011 2817 1054 2828 -·
1078 2774 1116 2850 ὦς
1141 2775 1259 2864 (οὕτως)

78 2880 189 2963 Ἕκτωρ
210 2880 367 2963 ἐτρέφετο.
402 2881 488 2970 Ergo
507 2889 600 2967 poeto
620 2882 709 2949 verbi
728 2883 904 2958 εελισσίμεν
927 2884 1112 2969 imperfecto
1134 2887 1260 2968 passivo

78 2994 232 3062 nemesi,
256 2989 310 3053 sed
334 3008 396 3072 que
419 2986 539 3054 formal
573 2989 631 3054 Est
653 2991 688 3053 in
710 2988 802 3054 libris
824 2989 986 3055 nonnullis
1010 2990 1154 3055 είλίσσεί’
1179 2986 1262 3053 ἑταί-

78 3115 151 3172 ρινς,
184 3115 265 3180 quae
293 3096 475 3158 Atticorum
507 3095 609 3160 forme
639 3101 687 3160 est
717 3093 859 3162 Homero
890 3099 1062 3184 incognito.
1112 3095 1260 3159 Priscum

77 3203 248 3277 ιελίσσσμαι
280 3197 377 3266 hebet
407 3201 631 3286 imperfectum
664 3185 851 3279 εἰελίσσετν,
885 3203 980 3287 idque
1010 3204 1118 3286 ipsum
1147 3221 1261 3266 verum

78 3312 120 3371 est
149 3315 181 3373 et
204 3329 243 3372 ex
265 3306 362 3394 longo
382 3305 478 3371 exilio
501 3307 630 3371 tandem
654 3308 688 3371 in
711 3310 879 3393 pristinem
902 3309 1010 3372 sedem
1033 3305 1259 3371 reducendum.

76 3409 245 3498 Postquam
278 3415 313 3477 τὸ
345 3412 496 3490 δίγαμμα
525 3412 670 3478 'deletum
700 3421 748 3478 est
778 3415 932 3478 εἐλίσσετν
965 3417 1022 3478 eut
1049 3414 1083 3476 in
1108 3414 1260 3477 εἱλίσσετο

77 3517 153 3583 abiit
173 3523 230 3584 eut
251 3521 286 3583 in
311 3511 490 3593 ἐλλίσσετο,
517 3523 691 3604 utrumque
713 3524 820 3604 operte
843 3520 1040 3584 mendosum.

117 3622 179 3689 His
208 3627 312 3712 igitur
341 3626 524 3710 praemissis
547 3627 673 3690 munite
696 3628 749 3690 vio
772 3630 820 3690 est
843 3625 882 3690 ed
905 3625 1151 3711 opprimendum
1174 3645 1263 3690 mon-

76 3733 192 3808 strum,
225 3730 310 3817 quoi
341 3730 444 3795 edhuo
475 3729 596 3795 multos
626 3736 737 3815 poitee
772 3730 857 3796 locos
888 3733 1045 3816 inquinet.
1102 3728 1263 3815 Oompone

76 3836 154 3901 mihi
183 3837 292 3902 looum
324 3845 369 3902 M.
403 3834 456 3903 74.
490 3835 685 3916 ιελιχίίντων
719 3837 771 3901 ὑπ’
798 3838 938 3916 Ἀχαιῶν
962 3859 1037 3902 eum
1060 3845 1098 3902 E.
1123 3835 1199 3903 497.
1225 3846 1262 3902 Σ.

78 3939 151 4007 106.
177 3955 216 4008 Λ.
242 3940 320 4007 214.

254 4051 279 4113 σί
305 4047 333 4113 δ’
359 4047 565 4127 ἐλελίχθησαν
589 4049 641 4113 καί
668 4047 794 4113 ἐναντίοι
819 4047 893 4116 ἕσαν
918 4049 1068 4127 Ἀχαιῶν.

77 4161 106 4217 et
127 4155 291 4242 intelliges
314 4155 392 4218 idem
415 4155 550 4218 verbum
575 4154 686 4220 eodem
707 4175 800 4219 sensu
819 4155 987 4239 utrobique
1007 4156 1146 4239 positum
1168 4155 1266 4219 fuisse

76 4261 269 4342 ιελιχίέντων
304 4267 336 4325 et
371 4260 584 4339 ἕτελίχίνσαν,
621 4261 655 4326 id
686 4267 734 4326 est
765 4261 965 4343 ἕςριίφνσαν,
983 4260 1264 4342 ’μετεςριίφνσανς

79 4373 304 4444 „resumerent
333 4390 396 4432 rese
425 4368 481 4454 qui
512 4372 604 4456 terge
634 4367 786 4432 dederent
812 4375 839 4432 et
862 4367 975 4432 obversi
996 4373 1030 4432 ιἰι
1051 4368 1159 4432 hortem
1181 4370 1265 4430 stete·
