3086 4968
810 217 888 296 472·

242 409 395 490 τοσαύτην
418 413 510 494 ῖσχὺν
535 409 619 495 ἔχει,
645 410 720 490 ἦπου
743 413 814 480 πέσε
840 413 993 497 ὑπερφυές
1016 439 1046 481 πι
1070 415 1122 480 καὶ
1148 397 1240 481 δεινδν
1262 423 1360 496 χρῆμα
1378 405 1402 486 ἦν
1511 425 1513 444 ¹

242 515 294 583 ἐπὶ
319 522 377 585 σοῖν
401 520 512 586 ε’κεΙνον
535 518 646 598 λόγον.
670 542 727 586 nec
750 523 859 586 minus
880 523 1008 610 egregie
1031 524 1066 586 in
1086 523 1221 588 eandem
1241 522 1404 588 sententian

239 644 315 713 pag.
352 625 449 692 1118.
475 627 555 702 adra
577 627 640 706 γὰρ
665 629 682 701 ἦ
706 626 788 702 λέξις
810 625 945 692 διδοθσκει
970 629 1040 700 ποὺς
1065 625 1197 708 ἔχοντας
1220 630 1321 708 ψυχὴν
1341 624 1406 690 stai-

260 755 329 807 ηπον
352 731 422 810 μεθ’
445 731 511 806 οἵας
530 740 585 807 rtis
610 732 791 814 ὑποκρίσεως
811 733 991 815 ἐκφέρεσθαι
1012 733 1128 811 δεήσει,
1150 739 1182 800 et
1202 734 1305 800 allatis
1322 751 1406 798 exem·

243 836 306 922 plis
330 837 488 904 exclamat
509 859 582 926 pag.
604 837 702 903 1121.
727 843 831 904 ποιῖνπα
852 841 885 904 οὗ
906 839 1055 924 καπαβοᾷ
1078 839 1155 929 (leg.
1177 842 1231 904 οὐκ
1251 839 1329 904 αὐτοὶ
1347 835 1406 922 βοᾷ)

243 949 306 1014 πῶς
336 944 422 1010 αὐτοὶ
453 944 500 1009 δεῖ
525 944 673 1021 λέγεσθαι
706 944 795 1021 μόνον
817 947 850 1009 οὐ
875 947 977 1026 φωνὴν
1000 944 1154 1026 οῖφιένπας
1178 951 1211 1011 et
1234 937 1407 1010 inflammato
1513 947 1514 1028 1

243 1051 351 1116 animo
369 1049 477 1116 locum
496 1050 548 1115 his
570 1051 676 1116 verbis
700 1051 879 1116 concludit:
904 1053 957 1116 οὐκ
980 1048 1075 1118 ένεςιν
1093 1050 1213 1128 clatros
1233 1049 1303 1133 ζῴον
1321 1048 1410 1129 ccxlv

243 1152 377 1236 ἔχοντα,
403 1159 526 1233 μᾶλλον
545 1155 576 1220 δέ
595 1153 678 1221 λίθου
699 1154 794 1236 Φύσιν
814 1156 924 1234 caspar
945 1156 1127 1230 οῖναῖσθηπον
1146 1157 1286 1232 οῖκῖνηπον
1304 1155 1409 1236 cincti,

242 1262 297 1336 τὴν
339 1261 547 1337 Δημοσθένους
588 1260 790 1342 προφέρεσθαι
823 1259 916 1336 λέξιν.
976 1260 1029 1326 Sic
1063 1263 1165 1349 igitur
1199 1261 1345 1351 legendus
1373 1262 1411 1322 est

242 1365 471 1432 Demosthenes
504 1363 566 1438 ῖςις
591 1364 658 1447 ἔχει
683 1368 789 1445 ψυχὴν
816 1365 968 1440 εὐκίνητον
992 1371 1143 1451 siquam
1167 1369 1237 1432 vim
1260 1367 1294 1431 id
1313 1365 1411 1431 habeat
1514 1417 1515 1442 1

242 1472 281 1536 ad
303 1474 487 1538 interiorem
510 1471 651 1562 Oratoris
673 1471 924 1559 intelligentiam
948 1475 1019 1557 quis
1043 1491 1106 1537 non
1127 1469 1235 1538 videt?

286 1577 460 1663 Postquam
481 1578 559 1644 haec
578 1578 752 1664 Dionysius
772 1579 898 1662 scripsit
922 1578 1128 1665 undeviginti
1151 1576 1276 1644 saccula
1295 1579 1411 1662 praeter·

241 1686 373 1768 ierunt,.
397 1688 429 1749 et
459 1689 567 1750 tamen
598 1684 675 1750 haec
705 1682 809 1750 veluti
839 1685 874 1748 in
894 1687 1002 1750 nostra
1023 1688 1169 1769 tempora
1193 1685 1307 1769 scripta
1328 1681 1410 1747 adni-

242 1789 379 1855 rabundi
400 1789 550 1878 legimus.

287 1998 368 2085 Pag.
401 1997 478 2062 138.
511 1994 565 2065 27.
598 1997 630 2062 οὗ
655 1998 716 2074 μὴν
739 1997 813 2060 ἀλλ’
837 1993 905 2077 ἔχει
929 1995 998 2060 πινοὶ
1024 1996 1192 2077 πρόφασιν.
1240 1997 1358 2062 Revoca
1380 2013 1410 2058 ex

242 2104 391 2169 omnibus
412 2103 505 2169 libris
525 2107 649 2189 praeter
672 2123 775 2168 unum
799 2101 821 2167 S
845 2100 913 2183 ἔχει
937 2111 990 2166 re
1011 2115 1091 2167 τινα.
1138 2101 1240 2190 Saepo
1261 2103 1326 2169 vidi
1346 2097 1410 2166 ind
1515 2165 1516 2182 1

241 2211 455 2274 necessarium
485 2233 525 2286 γε
556 2210 661 2274 nescio
694 2208 851 2292 quomodo
880 2207 1090 2274 intercidisse.
1137 2207 1185 2272 lix
1216 2208 1327 2274 multis
1347 2205 1410 2270 locis

240 2313 393 2399 pauculos
414 2313 572 2379 indicabo.
618 2312 690 2378 Vid.
714 2333 788 2401 pag.
812 2311 889 2379 602.
914 2311 977 2397 26,
1002 2311 1078 2378 605.
1104 2311 1143 2398 6,
1168 2312 1245 2379 613.
1271 2313 1325 2392 10,
1348 2307 1410 2376 685.

242 2417 296 2484 27.
355 2418 439 2485 Satis
476 2425 585 2484 autem
623 2421 706 2484 inter
736 2439 846 2486 omnes
876 2423 998 2485 constat
1030 2420 1130 2484 calcor
1164 2457 1183 2469 -
1196 2445 1256 2498 ys,
1291 2419 1339 2484 καὶ
1363 2418 1410 2496 niv

243 2550 331 2603 -γε,
365 2527 397 2590 οὐ
423 2527 484 2603 μὴν
516 2549 604 2604 -γε,
637 2525 713 2589 ἀλλ’
744 2519 793 2589 οὖν
824 2549 897 2602 -γε
928 2531 1107 2592 constanter
1137 2526 1201 2590 dici
1231 2525 1328 2592 solere
1336 2525 1352 2613 ,ff
1368 2521 1410 2588 sed

241 2632 366 2715 saepius
387 2631 423 2695 in
444 2630 536 2696 libris
559 2655 599 2709 ys
622 2635 678 2697 aut
701 2633 918 2716 transponitur
940 2636 996 2696 aut
1018 2631 1113 2718 plana
1136 2633 1306 2698 omittitur.

287 2840 368 2929 Pag.
403 2839 480 2907 142.
508 2839 539 2905 9.
563 2838 632 2912 ’ποὺς
657 2839 714 2918 μὲν
736 2839 832 2904 τοίνυν
857 2837 998 2920 εὐπόρους
1024 2841 1088 2904 -cri
1112 2838 1203 2916 μόνον
1228 2842 1357 2919 ἠγοῦμαι
1376 2836 1410 2902 σοὶ

242 2944 348 3011 δίκαια
380 2955 474 3012 ποιεῖν
506 2944 588 3030 [ῖιν],
622 2944 711 3010 ἀλλὰ
742 2944 796 3010 καὶ
821 2946 1045 3018 cicatricosi.
1092 2944 1248 3011 Voculam
1271 2944 1309 3011 ιῖν
1326 2945 1410 3012 alieno

241 3051 310 3117 loco
333 3055 470 3138 positam
495 3051 517 3117 S
540 3053 675 3118 omittit.
723 3051 867 3119 Eruenda
890 3051 931 3116 ποῖ
954 3051 1047 3117 δίκαι’
1067 3049 1144 3118 “AN
1168 3062 1275 3120 ποιεῖν.
1309 3051 1410 3118 Scribe·

240 3158 334 3222 batur
360 3145 734 3224 ΤΑΔΙΚΑΙᾹΠΟΙΘΙΝ.
782 3157 883 3244 Saepe
916 3155 954 3222 ῖιν
985 3157 1121 3243 excidit,
1153 3180 1247 3244 saepe
1275 3174 1410 3225 acorrec

240 3268 307 3328 tore
339 3285 355 3330 e
386 3265 464 3351 fuga
493 3263 685 3343 retrahitur,
719 3264 775 3330 sed
804 3265 957 3350 recipitur
986 3264 1050 3328 fere
1080 3265 1115 3327 in
1145 3264 1284 3330 alienam
1312 3263 1408 3328 sedem.

238 3368 318 3456 Pag.
345 3365 419 3435 136.
445 3369 498 3435 11.
521 3369 669 3435 inlibris
692 3374 757 3435 est:
783 3371 837 3434 οὐκ
860 3367 1092 3450 ἀνηρπασμένος
1112 3367 1150 3434 θον
1178 3366 1212 3445 ἦν
1239 3370 1253 3434 ὂ
1282 3367 1407 3450 occidua

239 3475 337 3542 Recte
368 3474 407 3540 S:
440 3476 492 3540 οὐκ
524 3473 562 3540 ἂν
592 3474 823 3556 ἀνηρπασμένος
849 3472 895 3554 ἦν,
920 3496 997 3540 nam
1020 3475 1074 3539 οὒκ
1096 3474 1245 3542 voculam
1270 3474 1308 3540 οῖν
1328 3471 1409 3539 traha

239 3580 279 3647 ad
307 3602 384 3649 sese.
430 3581 510 3670 Pag.
545 3580 621 3646 130.
658 3578 711 3646 16.
742 3580 843 3659 οῖομοιι
875 3581 928 3646 καὶ
954 3585 1004 3645 νῦν
1028 3579 1073 3644 έπι
1097 3582 1330 3663 ἐπανορθωθῆναι
1352 3573 1404 3664 [ἂν]

238 3686 280 3751 τοὶ
306 3686 497 3768 πράγματα.
543 3686 621 3776 Leg.
646 3687 719 3753 κῖιν
743 3693 794 3752 νῦν
819 3685 862 3752 έπι
887 3686 990 3754 deleto
1015 3707 1058 3772 sq.
1086 3683 1133 3752 οῖν.

283 3895 363 3987 Pag.
388 3895 462 3963 362.
490 3895 544 3962 23.
570 3903 632 3971 πῶς
657 3897 720 3977 γῖιρ
744 3898 804 3976 οὐχ
828 3892 905 3961 οὗτοι
931 3899 1058 3962 ποιοῖποι
1081 3895 1205 3968 δικαίοις
1225 3894 1405 3978 ὑποληφθεῖεν

238 3999 294 4087 οῖν;
318 4002 463 4088 Repone:
489 4010 552 4074 πῶς
576 4003 639 4083 γὰρ
664 4002 703 4070 θον
728 4041 769 4052 -
796 4003 1017 4088 ὑποληφθεῖεν;
1041 4023 1117 4067 narn
1140 4001 1203 4082 γάρ
1227 4021 1344 4089 quoque
1363 4015 1404 4064 vo

236 4107 327 4176 culae
357 4107 395 4172 οῖν
426 4115 473 4175 est
503 4105 698 4191 ε’φελκπικᾰν.
744 4107 865 4173 Eadem
900 4112 949 4173 est
982 4110 1062 4174 ratio
1097 4111 1132 4174 in
1166 4107 1226 4174 κθιν
1260 4107 1322 4197 (καὶ
1351 4101 1403 4186 ἄν),

236 4213 321 4300 quod
350 4235 442 4300 saepe
471 4218 579 4282 vitiari
611 4214 708 4291 solet,
742 4218 779 4278 ut
809 4235 883 4300 pag.
918 4210 996 4279 593.
1030 4213 1083 4280 10.
1117 4210 1139 4279 ῖι
1172 4215 1225 4280 καῖ
1256 4214 1350 4294 λέγειν
1374 4207 1405 4272 ῖιν

235 4319 369 4396 ὀκνήσειέ
392 4344 459 4397 πις,
484 4341 541 4406 pro
564 4317 586 4385 ἃ
611 4320 668 4387 κθιν
691 4318 796 4398 λέγειν
820 4318 956 4394 ὀκνήσειέ
979 4343 1037 4393 τις.
