3096 4972
704 277 770 347 543

187 467 342 534 Meudosa
371 471 446 532 sunt
475 469 573 534 etiam
604 489 641 536 aa
670 489 751 555 quae
781 471 892 535 statim
924 474 1116 555 sequuntur:
1141 470 1194 536 καί
1218 466 1252 534 τὸ
1276 471 1330 536 τοῦ

141 571 324 655 μισθοφόρου
356 573 408 639 καί
434 573 647 655 όεραπεὺοντος
673 576 782 641 ἐκεῖνον
805 571 890 654 ἔργον
915 578 932 652 ἡ
957 573 1046 649 πόλις
1070 574 1109 640 άν
1133 576 1332 656 διεπράττετο

143 680 295 765 [ἐφρούρει
320 679 519 766 Χαρίδημον].
555 679 718 747 Dobraeus
741 680 847 745 τὸτοῦ
867 683 1022 767 expunxit
1043 681 1207 747 simultis
1227 703 1332 747 exam·

141 787 206 874 plis
229 786 337 851 docuit
360 783 445 865 ἔργον
469 788 504 850 in
527 785 586 851 tali
608 807 642 852 re
666 785 839 852 articulum
858 808 922 853 nou
945 786 1070 852 habere.
1107 785 1262 853 Sexcenta
1281 789 1334 853 his

142 892 206 958 alia
236 890 311 957 addi
340 896 485 976 possent,
516 911 592 956 nam
622 892 743 980 legitur
773 895 892 978 ubique
914 892 1068 959 locorum.
1115 892 1206 960 Dabo
1229 914 1332 959 unum

143 1020 182 1064 ex
205 996 380 1064 Menandro
403 997 487 1082 apud
509 996 625 1062 Athen.
649 1017 722 1085 pag.
749 993 868 1064 otnn.

279 1104 464 1178 πεποιήκατ’
489 1100 575 1184 ἔργον
601 1105 661 1184 οὑχ
685 1103 828 1188 ἑταίρων,

280 1210 329 1287 μὺ
353 1210 405 1275 Δί’
428 1211 503 1275 άλλ’
528 1208 662 1290 ἑταιρῶν.
685 1211 791 1275 ταὺτὺ
813 1207 842 1275 δ’
866 1208 938 1274 όντοι
963 1212 1146 1291 γράμματα

279 1318 334 1391 την
357 1313 595 1396 προσαγόρευσιν
617 1317 649 1380 οὑ
676 1314 785 1397 σφόδρ’
810 1316 968 1396 εὔσχημον
992 1326 1081 1383 ποιεῖ.

188 1421 289 1488 Nullo
310 1423 406 1488 modo
427 1424 463 1487 in
485 1422 537 1487 his
560 1425 616 1487 aut
640 1419 725 1502 ἔργον
748 1427 805 1487 aut
826 1422 951 1502 ἑταίρων
975 1423 1147 1488 articulum
1171 1424 1332 1509 admittit,

143 1535 176 1595 et
205 1527 434 1594 Demosthenes
461 1548 523 1592 non
554 1527 648 1592 alitor
675 1530 781 1613 potuit
811 1528 914 1593 dicere
946 1549 1041 1613 quam
1073 1530 1124 1594 καὶ
1150 1529 1332 1611 μισθοφόρου

143 1631 230 1714 ἔργον
261 1635 279 1709 ἡ
312 1633 400 1705 πόλις
425 1631 463 1698 άν
487 1632 705 1717 διεπράττετο,
729 1639 766 1698 ut
790 1634 914 1699 dixerat
937 1655 1010 1722 pag.
1038 1632 1113 1700 681.
1141 1634 1172 1702 7.
1198 1638 1334 1712 λήσομεν

142 1743 181 1813 ὑς
206 1738 282 1805 ἔοικε
305 1738 493 1820 μισόοφόρυν
517 1737 603 1819 ἔργον
622 1736 781 1820 άνόρὺπων
801 1743 955 1811 ποιοῦντες
976 1742 1030 1816 την
1052 1741 1162 1811 ἐνάτου
1183 1741 1333 1822 σωτηρίαν

143 1844 257 1912 τοὺτων
285 1846 526 1926 δορυφοροῦντες.
573 1844 781 1912 Odiosissima
810 1845 944 1910 Athenis
974 1846 1130 1912 voeabula
1156 1853 1230 1912 sunt
1254 1847 1333 1926 δορυ·

143 1952 248 2036 φόροι,
279 1954 466 2033 δορυφορείν,
491 1957 645 2035 φρουρεῖν,
669 1952 830 2032 φύλακες,
855 1950 1048 2036 φυλάττειν,
1072 1956 1106 2016 in
1129 1955 1244 2038 quibus
1267 1962 1334 2019 om-

144 2061 239 2124 nibus
261 2061 390 2143 iniquae
413 2069 445 2123 et
468 2060 655 2143 impotentis
678 2059 904 2123 dominationis
923 2058 1101 2124 satellitum
1120 2061 1217 2125 armis
1235 2058 1335 2124 fultae

144 2168 232 2232 notio
255 2167 347 2230 inest.
395 2163 507 2248 Itaque
528 2163 772 2248 Demosthenes,
797 2167 852 2249 qui
874 2164 971 2250 proba
993 2165 1139 2231 iudicum
1159 2168 1281 2231 animos
1300 2167 1335 2228 in

144 2293 236 2336 reum
278 2273 404 2335 irritare
447 2269 583 2345 sciebat,
624 2270 733 2335 erebro
765 2270 825 2335 hao
860 2272 1002 2358 imagine
1036 2274 1156 2350 utitur,
1189 2277 1227 2336 ut
1260 2292 1334 2358 pag.

145 2376 222 2443 650.
253 2377 307 2444 24.
341 2374 487 2456 γέγραφε
521 2375 572 2439 καί
602 2375 674 2455 πρός
698 2375 872 2455 φυλάττειν
898 2378 979 2452 ὑμάς
1005 2377 1113 2442 ἐκεῖνον
1138 2374 1216 2450 ὅπως
1241 2376 1335 2450 οίδεὺς

144 2479 162 2548 ό
189 2507 220 2547 τι
251 2481 289 2548 ὑν
319 2483 474 2560 βούληται
506 2491 584 2561 ποιῇ.
619 2487 650 2547 et
680 2501 753 2568 pag.
788 2480 864 2547 683.
891 2481 921 2547 l.
947 2483 1041 2549 καλόν
1068 2507 1125 2562 γε,
1151 2485 1184 2548 οὑ
1208 2481 1334 2564 γάρςὺ

147 2593 207 2654 Ζεὺ
239 2590 290 2652 καί
320 2589 394 2666 όεοί,
419 2584 450 2660 ὑς
476 2586 569 2658 αὑτός
594 2611 669 2652 ποτε
692 2589 762 2659 τοὺς
789 2587 948 2668 ὑμετέρους
974 2589 1097 2668 ἕχόροὺς
1122 2589 1227 2667 μισόὺν
1252 2605 1337 2667 λαμ-

144 2692 248 2773 βάνων
268 2692 434 2775 ἐδορυφόρει
455 2697 562 2758 τοῦτον
584 2693 636 2775 ὑφ’
658 2691 802 2772 ὑμετέρου
821 2694 1030 2773 ψηφίσματος
1053 2701 1191 2788 φανῆναι
1211 2701 1335 2777 φυλατ-

144 2802 281 2879 τόμενον.
304 2806 337 2866 et
358 2821 431 2887 pag.
458 2798 533 2865 690.
562 2797 616 2865 17.
643 2799 770 2874 πηλίκον
794 2800 827 2863 τί
849 2800 920 2863 ποτ’
942 2798 980 2864 άν
1008 2799 1169 2878 ςενάξειαν
1189 2803 1337 2878 (maiores

143 2909 257 2990 nostri)
277 2907 364 2971 -εί
396 2905 458 2986 άρα
485 2905 633 2972 αίσόοιντο
667 2901 712 2970 ότι
746 2909 797 2968 νὺν
829 2906 846 2980 ἦ
871 2904 961 2976 πόλις
981 2905 1022 2974 είς
1048 2904 1196 2985 ὑπηρέτου
1221 2913 1336 2987 σχῆμα

144 3015 197 3081 καὶ
230 3011 319 3096 τάξιν
350 3012 536 3092 προεληλυόε
571 3010 623 3077 καί
648 3011 821 3089 Χαρίδημον
842 3012 868 3076 εί
891 3011 951 3093 χρη
975 3015 1113 3093 φρουρεῖν
1135 3011 1335 3088 βουλεύεται.

144 3119 335 3200 Χαρίδημον,
360 3117 448 3194 οίμοι.
486 3117 535 3182 Ex
558 3118 609 3182 his
631 3117 709 3183 loeis
732 3120 817 3182 inter
837 3137 870 3182 se
893 3119 1084 3202 comparatis
1107 3121 1254 3205 arguitur
1273 3140 1338 3183 em·

144 3227 253 3293 blema
281 3228 316 3288 in
345 3224 451 3290 verbis
478 3243 553 3310 pag.
581 3221 656 3287 682.
682 3222 736 3288 28.
785 3221 897 3288 Orator
920 3222 1122 3287 acerbissime
1146 3223 1286 3289 dixerat:
1312 3225 1337 3288 εί

146 3334 189 3410 μη
219 3332 274 3405 την
298 3331 424 3410 γραφὴν
446 3327 646 3407 ἕποιησάμεό’
673 3332 764 3406 ἡμεῖς
788 3328 972 3403 ταυτηνί-
989 3329 1171 3409 μισόοφόρου
1191 3366 1232 3379 --
1251 3329 1338 3410 ἔργον

147 3441 164 3514 ἧ
197 3436 286 3508 πόλις
317 3435 355 3501 άν
386 3434 603 3514 διεπράττετο,
637 3435 750 3501 deinde
780 3437 884 3500 nascio
916 3435 987 3519 quia
1018 3437 1108 3520 quasi
1138 3457 1200 3501 non
1236 3441 1339 3502 assent

148 3545 226 3610 haec
256 3545 334 3608 satis
362 3543 529 3627 perspicua
559 3541 682 3607 addidit
713 3541 847 3625 ἐφρούρει
880 3541 1076 3626 Χαρίδημον,
1107 3545 1139 3607 et
1169 3542 1340 3609 verborum

146 3653 216 3717 vim
241 3647 339 3713 stulte
362 3649 471 3736 fregit.

191 3860 272 3948 Pag.
311 3857 388 3924 683.
425 3856 455 3923 5.
492 3856 562 3929 ίσυς
595 3855 692 3922 τοίνυν
725 3854 813 3921 ἐκεῖν’
844 3853 883 3920 άν
912 3855 960 3928 τίς
990 3859 1026 3934 μ’
1058 3853 1149 3938 ἔροιτο
1173 3858 1206 3923 τί
1227 3857 1340 3935 δήποτε

146 3966 238 4032 ταῦτ’
270 3965 352 4037 είδὺς
382 3961 475 4037 οὕτως
506 3963 639 4044 άαριβὺς
675 3964 737 4041 ἐγὼ
773 3961 825 4026 καί
862 3964 1132 4043 παρηκολουόηαὺς
1165 3964 1249 4036 ἐνίοις
1281 3971 1340 4031 τῶν

146 4071 346 4150 άδικημάτιιν
379 4070 486 4156 [εἴασα
515 4070 585 4154 καὶ]
617 4070 677 4134 οὔθ’
712 4064 758 4133 ὑπ’
791 4068 883 4133 αὑτὸν
915 4069 1062 4134 ἕποιεῑσόε
1094 4069 1222 4146 πολίτην
1256 4072 1340 4137 οὐδὲν

148 4181 292 4245 άντείπον
327 4174 388 4241 οὑό
422 4173 467 4242 ὑπ’
504 4176 643 4255 ἒπηνείτε
665 4211 708 4222 -
727 4172 820 4250 λόγον
855 4174 1046 4251 ἐποιησάμην
1079 4173 1196 4241 οὑδένα.
1252 4177 1341 4245 Vitio

145 4286 341 4371 irrepserunt
370 4282 468 4348 verba
497 4280 592 4346 είασα
624 4279 678 4344 καί
689 4328 697 4357 ,
732 4280 848 4364 quibus
876 4283 1008 4347 remotis
1035 4285 1144 4347 omnia
1165 4286 1341 4350 rectissime

145 4380 330 4480 procedunt.
377 4386 484 4454 Είασα
516 4389 603 4453 enim
632 4389 666 4454 iu
690 4408 727 4453 ea
750 4407 784 4452 re
808 4386 891 4454 nihil
916 4389 1004 4456 aliud
1028 4410 1095 4456 esse
1117 4394 1221 4476 potest
1243 4412 1340 4476 quam
1462 4458 1465 4481 ,
