3096 4972
777 275 842 342 580

215 465 367 534 orationis
389 468 550 532 auctorem
568 464 819 530 Demosthenem
839 485 905 530 esse
925 463 1042 527 credat.
1079 459 1276 539 Δημοσθένης
1301 461 1333 526 δὲ
1354 458 1405 526 καὶ

215 575 391 651 Λυκοῦργος
416 571 482 651 περὶ
506 575 559 636 τοῦ
583 571 705 637 δικαίαν
733 570 749 646 ἢ
773 572 817 648 μη
842 570 1029 649 γεγενῆσθαι
1053 569 1109 642 την
1133 568 1301 649 ε’γγραφην
1324 569 1408 634 οὐδὲν

215 675 367 754 λέγουσιν.
432 676 671 742 Commemorat
704 676 851 763 Dionysii
884 674 991 740 Halia.
1026 674 1184 740 iudicium
1219 696 1322 760 neque
1357 672 1409 738 illi

217 783 393 868 quidquam
422 783 537 848 tribuit
566 804 623 848 nec
644 781 783 867 reliquos
806 780 948 846 multum
970 781 1111 845 tribuere
1134 780 1283 846 ostendit.
1332 780 1408 844 Per·

217 887 353 976 vulgata
387 893 454 954 erat
488 889 654 954 doctorum
689 889 814 974 opinio,
848 908 945 972 quam
975 889 1010 950 in
1040 885 1101 952 fine
1130 889 1238 971 ponit,
1271 888 1323 951 τὸν
1351 887 1410 963 μὲν

218 991 359 1076 πρότερον
390 992 483 1073 λόγον
517 993 724 1072 Δημοσθένους
753 990 847 1072 εἶναι,
872 994 923 1059 τὸν
947 994 978 1058 δὲ
1001 992 1139 1073 δεύτερον
1161 992 1301 1070 οὐδαμῶς
1325 993 1411 1058 οὐδὲν

216 1096 302 1178 ἄξιον
324 1098 440 1183 ἔχοντα
464 1105 517 1166 τοῦ
539 1101 667 1182 ῥήτορος.
1469 1083 1475 1094 .

264 1206 422 1292 Expedita
451 1211 533 1272 esset
558 1209 662 1272 omnis
685 1208 898 1272 controversia
921 1210 953 1270 et
975 1207 1080 1272 omnis
1103 1207 1263 1271 dubitatio
1285 1209 1412 1272 remota

219 1313 247 1378 si
270 1333 345 1378 vera
367 1317 509 1378 narraret
531 1312 667 1378 Photius
689 1315 724 1377 in
747 1313 877 1398 Myrtob.
901 1333 975 1399 pag.
1002 1310 1078 1378 491.
1102 1333 1130 1377 a.
1157 1310 1208 1376 35.
1234 1312 1292 1376 ubi
1319 1314 1411 1376 testis

217 1418 404 1503 producitur
422 1416 515 1489 αὐτὸς
535 1419 549 1482 ὃ
570 1418 783 1498 Ἀριςογείτοιν
804 1419 1000 1496 οὶνομολογῶν
1020 1417 1213 1495 Δημοσθένην
1231 1418 1301 1483 καθ’
1313 1418 1411 1482 αὑτοῦ

220 1524 427 1604 γεγραφέναι.
475 1524 625 1590 Habebat
647 1527 732 1590 enim
755 1527 789 1589 in
811 1525 959 1590 manibus
983 1526 1158 1590 orationem
1180 1525 1412 1610 Aristogitonis

220 1631 407 1716 inscriptam
430 1631 588 1709 ἀπολογία
613 1631 683 1712 πρὸς
708 1632 763 1705 την
787 1627 909 1708 ἔνδειξιν
927 1629 1107 1711 Λυκούργου
1126 1630 1177 1696 καὶ
1200 1629 1413 1708 Δημοσθένους

221 1740 254 1824 et
276 1738 323 1802 sic
343 1737 493 1823 Dionysii
515 1738 727 1822 suspicionem
751 1737 903 1802 confutat.
941 1736 1015 1802 Non
1034 1738 1188 1824 cogitavit
1206 1737 1310 1802 bonus
1327 1736 1413 1802 Pho

219 1843 287 1908 tius
309 1845 484 1910 oratihnem
507 1844 588 1909 hanc
612 1847 683 1924 post
704 1843 853 1929 Dionysii
875 1847 1014 1908 montem
1036 1864 1103 1908 esse
1125 1845 1348 1928 compositam.

265 1949 373 2016 lltiam
404 1971 487 2016 nunc
520 1954 606 2015 enim
633 1947 782 2034 Sophista
806 1947 1014 2014 declamitans
1036 1948 1220 2014 hominibus
1243 1949 1335 2014 bonis
1358 1951 1414 2015 sed

219 2076 281 2120 non
313 2057 391 2121 satis
419 2058 520 2121 acutis
542 2057 697 2141 imposuit
719 2059 752 2120 et
774 2054 928 2120 Photium
953 2054 1102 2141 theologo
1125 2075 1222 2146 quam
1246 2055 1414 2145 philologo

221 2161 410 2227 similiorem
433 2161 598 2227 hominem
621 2164 655 2226 in
677 2160 821 2226 fraudem
846 2166 879 2226 et
901 2181 1039 2226 emonem
1061 2161 1198 2226 induxit.

558 2405 656 2468 KAT’
680 2407 1068 2469 'APICTOI'GITONOC

589 2519 734 2576 Aoroc
757 2517 1040 2575 'Ahecnoroe

266 2696 351 2776 Quin
380 2695 423 2759 sit
454 2694 562 2779 spuria
591 2696 623 2757 et
654 2691 862 2758 Demostheni
893 2693 1057 2778 supposita
1083 2695 1213 2757 οοοιιινοὶο
1245 2695 1347 2758 oratio
1378 2695 1412 2756 in

219 2803 472 2888 Aristogitonem
503 2799 592 2864 nulla
621 2818 777 2882 umquam
806 2798 871 2862 fuit
900 2819 1003 2882 neque
1037 2798 1121 2884 apud
1156 2803 1280 2864 veteres
1310 2819 1411 2883 neque

220 2913 330 2995 postea
364 2907 533 2972 dubitatio.
580 2904 638 2970 Dat
672 2903 753 2969 levis
788 2903 892 2989 opella
926 2903 1008 2968 οὐδὲν
1042 2903 1143 2969 καινὸν
1178 2903 1247 2969 οὐδὲ
1278 2906 1411 2970 ποικίλον

220 3014 338 3095 ἔχουσα
370 3016 403 3078 et
435 3010 578 3097 quolibet
600 3009 653 3075 vel
677 3010 831 3075 mediocri
855 3014 977 3075 oratore
1000 3010 1143 3098 indigna.
1189 3010 1283 3077 Nihil
1306 3017 1410 3076 tamen

220 3123 255 3186 in
278 3121 473 3186 oratione‘et
497 3116 571 3182 stilo
595 3117 696 3181 inesse
720 3115 813 3181 video
837 3116 921 3200 quod
944 3115 983 3180 ab
1005 3117 1114 3181 Attica
1137 3115 1263 3182 dicendi
1286 3137 1409 3182 consue

222 3227 333 3293 tudine
375 3224 531 3290 deflectat.
592 3221 702 3287 Nitide
738 3223 846 3286 omnia
879 3225 912 3286 et
946 3222 1083 3289 ἁττικιςί
1117 3225 1285 3288 enunciata
1320 3227 1407 3304 sunt,

196 3393 197 3396 ,
222 3331 429 3420 quamobrem
453 3349 570 3414 operae
594 3330 733 3413 pretinm
758 3349 810 3392 me
831 3327 992 3392 fact-urum
1017 3327 1167 3406 arbitror,
1195 3331 1222 3392 si
1246 3349 1324 3414 qnos
1346 3349 1407 3392 ora·

222 3441 319 3505 tionis
342 3437 428 3503 locos
450 3456 535 3500 nunc
557 3433 641 3500 male
663 3433 790 3499 habitos
813 3436 848 3499 in
870 3435 1034 3521 integrum
1056 3435 1225 3500 restituere
1246 3439 1363 3520 potero.

266 3647 346 3736 Pag.
371 3643 448 3710 801.
475 3644 527 3710 ll.
551 3639 650 3724 ὥσπερ
673 3641 737 3722 γὰρ
760 3648 819 3707 τῶν
842 3642 873 3706 ἐν
894 3648 966 3712 ταῖς
991 3641 1095 3705 ναυσὶν
1116 3640 1404 3722 ἁμαρτημάτων-

223 3751 297 3822 ὅταν
327 3754 385 3834 μὲν
414 3758 473 3818 τῶν
502 3755 617 3815 ναυτῶν
640 3773 687 3821 τις
712 3747 838 3830 apem
856 3785 913 3826 -,
939 3742 1013 3812 ὅταν
1038 3747 1065 3812 δ’
1091 3749 1105 3812 ὁ
1129 3748 1316 3829 κυβερνήτης
1335 3751 1405 3814 ciro-

163 3931 165 3936 ,
222 3870 333 3946 σφαλῇ
371 3861 433 3926 art.
480 3857 584 3924 Verba
618 3862 677 3920 τῶν
712 3856 950 3936 ἁμαρτημάτων
984 3875 1134 3940 suspensa
1164 3859 1238 3919 sunt
1267 3874 1404 3940 necque

223 3971 398 4036 referantur
428 3965 555 4030 habent.
603 3963 706 4028 Periit
736 3963 926 4048 praepositio
954 3963 988 4026 in
1010 3961 1233 4026 huiuscemodi
1256 3963 1404 4028 sententia

222 4077 298 4163 poni
323 4074 433 4140 solita:
459 4069 558 4152 ὥσπερ
582 4070 645 4151 γαρ
668 4068 749 4134 ’ern
773 4075 832 4134 τῶν
857 4069 887 4132 ἐν
909 4075 979 4141 ταῖς
1003 4065 1110 4132 ναυσὶν
1133 4066 1374 4148 ἁμαρτημάτων.

266 4281 513 4368 interpolatione
544 4279 719 4366 impeditus
741 4277 830 4343 locus
854 4282 902 4344 est
924 4299 999 4366 pag.
1025 4276 1102 4343 802.
1129 4275 1180 4342 13.
1205 4279 1231 4343 οἱ
1256 4273 1399 4344 rorarent·

222 4413 305 4472 μενοι
336 4386 468 4462 πάντες,
501 4387 536 4450 εἰι
565 4391 623 4450 τῶν
654 4389 797 4449 παλαιῶν
830 4385 871 4471 [εἱ
903 4383 1068 4469 βούλεσθε]
1100 4382 1266 4466 ιὶρξοὲμενοι
1297 4385 1398 4468 χρόνον
