3052 4970
806 195 871 268 360

236 411 309 458 rum
332 395 380 458 est
395 388 564 475 ροσοεωιίίι
587 390 739 475 temporis
761 409 818 474 pro
842 386 1031 470 ὁρμώμενος,
1055 385 1160 453 veluti
1180 398 1216 455 P.
1237 383 1305 454 738.
1322 386 1349 448 et
1363 387 1390 446 Φ.

241 496 292 562 14.
317 501 376 577 πῦρ
400 532 420 546 -
440 494 560 575 ὄρμενον
590 493 755 576 ἐξαίφνης,
788 499 820 559 et
851 505 892 558 A.
918 492 994 560 326.
1019 490 1116 556 ποίνιιν
1142 491 1267 572 ὀρμένω,
1288 494 1315 554 et
1334 485 1392 552 572.

237 601 350 682 ὄρμενα
381 598 511 682 πρόσσω.
561 599 613 664 Sie
644 599 795 681 δέγμενοι
819 621 944 685 quoque
967 599 1131 665 Homerus
1156 601 1275 665 dixerat
1296 597 1394 683 quoties

237 710 393 774 sententie
412 729 553 790 ροοωναι
575 710 703 791 tempus
722 706 891 771 manifesto
910 707 1061 791 requirit,
1082 705 1186 772 veluti
1203 705 1281 770 Iliad
1293 715 1321 768 B.
1336 698 1393 766 794.

418 808 449 884 ὃς
473 811 581 892 Τρώων
606 811 719 884 σκοπὸς
743 809 786 890 ἵζε
809 850 850 860 -

419 916 568 996 δέγμενος
592 915 709 982 έππέσε
733 921 847 999 ναῦφιν
870 917 1075 999 οἱφορμκέεῖεν
1098 916 1237 999 Ἀχαιοί.
1316 957 1319 964 ·

239 1029 272 1091 et
293 1034 318 1088 1.
345 1021 421 1087 191.

442 1124 619 1207 Παπροκλοι
646 1164 688 1175 -
961 1123 1014 1202 siro
1035 1135 1133 1209 σιωπῇ

442 1233 592 1312 δέγμενος
615 1233 764 1306 Αἰακίδην
789 1232 879 1299 έπέπε
904 1231 1023 1309 λήξειεν
1046 1232 1163 1299 οὶεέδων.

240 1340 368 1406 sedebat
386 1343 520 1422 uterque
540 1346 709 1422 εωεροοοέωοιε
729 1338 1008 1420 (προσδεχόμενος,
1032 1339 1224 1419 προσμένων,
1249 1328 1398 1419 προσδοκῶν)

239 1445 319 1513 ulter
339 1446 417 1510 dum
436 1444 543 1509 hostes
562 1445 764 1517 advenirent,
785 1443 866 1509 alter
888 1445 966 1508 dum
986 1445 1128 1510 Achilles
1147 1446 1263 1512 feceret
1281 1436 1400 1508 ruendi

238 1549 345 1617 finem.
391 1549 569 1635 Utrobique
592 1549 801 1630 προσδοκήσας
827 1571 902 1615 cum
925 1554 1083 1616 sententie
1105 1557 1241 1638 pugnat.
1272 1545 1400 1616 Similiter

242 1668 280 1723 Σ.
306 1656 382 1722 524.

375 1761 425 1827 δύο
448 1760 554 1826 σκοποὶ
576 1756 661 1825 εἵαπο
675 1798 716 1810 -
730 1758 873 1839 δέχμενοι
897 1759 1016 1827 έππέπε
1039 1769 1130 1840 μῆλα
1154 1759 1289 1830 ειδοέασο.

239 1874 272 1934 et
294 1871 328 1933 in
351 1866 464 1955 Odyss.
495 1891 521 1932 ν.
548 1864 625 1931 385.

591 1970 715 2050 ποτέραν
739 1970 951 2051 προσεδέρκετο
975 1970 1124 2054 δέχμενοε
1147 1974 1211 2039 αἰεί

421 2079 539 2143 έππέσε
563 2076 598 2153 δὴ
623 2086 786 2159 μνκςῆρσιν
809 2078 953 2144 ανοωδέσι
971 2087 1082 2160 χεῖρας
1108 2080 1229 2162 ἐφήσει.

240 2186 297 2250 ubi
318 2183 373 2249 vel
403 2182 466 2248 αἰεί
497 2182 643 2247 edditum
660 2185 831 2268 praesentis
854 2188 1007 2270 temporis
1029 2187 1192 2251 notionem
1216 2187 1326 2273 arguit
1366 2177 1403 2244 b'·

241 2289 363 2355 militer
383 2290 418 2352 in
441 2291 635 2372 compositis.
672 2289 764 2354 iliad.
790 2299 828 2353 H.
854 2289 930 2355 415.

354 2385 380 2459 ol
404 2393 431 2458 δ’
455 2389 522 2457 ἕατ’
545 2394 575 2458 έν
599 2395 696 2477 οὶγορῇ
721 2433 762 2444 -
788 2395 1002 2475 ποτιδέγμενοι
1027 2396 1139 2464 ὁππότ’
1163 2394 1210 2479 ἄρ’
1234 2395 1310 2463 ledor

772 2499 892 2574 Ἰδαῖος.

242 2612 274 2674 et
298 2617 322 2672 1.
349 2603 426 2674 628.

558 2710 663 2778 εἵπου
688 2715 738 2778 νῦν
762 2710 854 2780 έαπαι
879 2714 1105 2796 ποτιδέγμενοι.

242 2824 274 2884 et
290 2827 328 2884 K.
342 2816 418 2884 123.
670 2887 673 2893 ,

376 2924 451 2991 ἀλλ’
473 2925 529 3002 έμέ
552 2927 581 2990 π’
605 2924 739 3005 εἰσορόων
759 2926 812 2990 καὶ
835 2927 910 3003 έμδιν
935 2927 1156 3008 ποπιδέχμενος
1181 2929 1283 3009 ὁρμήν.

239 3031 296 3095 ubi
326 3051 427 3116 neque
457 3030 571 3096 εἰσιδών
601 3052 703 3117 neque
735 3032 978 3112 προσδεξάμενος
1008 3034 1104 3100 hebet
1134 3033 1254 3099 locum.
1304 3028 1402 3096 Eodem

240 3135 335 3202 mode
359 3134 568 3217 ὑποδέγμενοι
585 3137 756 3220 praesentis
778 3142 932 3225 temperis
957 3143 1061 3206 estin
1083 3138 1195 3226 Odyss.
1222 3148 1262 3204 N.
1287 3134 1353 3201 310.

988 3247 1076 3311 δανὰ
1101 3255 1199 3328 σιωπῇ

375 3346 513 3428 πάσχειν
537 3347 644 3426 ἄλγεα
669 3349 776 3414 πολλοὶ
796 3349 871 3427 βίας
897 3349 1104 3432 ὑποδέγμενος
1130 3352 1251 3430 ἀνδρῶν.

240 3460 273 3519 et
296 3464 335 3519 Π.
362 3452 437 3519 189.
484 3451 641 3518 Omnibus
672 3455 723 3518 his
753 3455 847 3533 loeis,
882 3460 914 3521 et
944 3456 1022 3522 alibi
1048 3460 1187 3542 passim,
1213 3460 1247 3521 in
1268 3455 1348 3520 libris
1366 3449 1404 3511 est

240 3561 405 3643 δέγμενος,
437 3558 674 3637 ποτιδέγμενος,
706 3559 912 3639 ὑποδέγμενος
943 3562 981 3627 ab
1013 3561 1167 3642 ε’δέγμκν,
1200 3567 1238 3627 ut
1267 3564 1300 3625 iu
1319 3555 1403 3625 verbis
1489 3649 1490 3670 Χ

241 3663 390 3755 Cyclopis
413 3665 525 3753 Odyss.
551 3675 576 3730 1.
605 3664 682 3731 513.

398 3774 475 3838 αλλ’
501 3775 562 3840 αἰεί
585 3797 654 3839 τινα
677 3775 770 3856 φῶτα
793 3774 899 3852 μέγαν
924 3774 976 3840 καὶ
1001 3774 1096 3840 καλὸν
1120 3773 1255 3853 έδέγμκν

399 3877 496 3943 ἔνθαδ’
519 3879 708 3946 ἐλεύσεσθαι.

240 3981 274 4046 id
298 3987 345 4047 est
375 3983 598 4065 προσεδόκησα,
633 3991 665 4051 et
696 3985 769 4051 eliis
791 3985 880 4050 loeis.
927 3986 1076 4052 Indieebo
1099 4007 1184 4051 nune
1207 3987 1318 4052 formae
1339 3975 1400 4045 euti·
1489 4019 1490 4048 ι

240 4108 320 4173 quae
343 4088 493 4173 reliquias
523 4091 674 4175 quasdem
699 4097 731 4156 et-
754 4093 904 4178 vestigie.
950 4092 1133 4178 Hesychius
1164 4092 1299 4158 servavit
1319 4083 1398 4158 Δία·
1489 4121 1490 4140 ν

240 4211 375 4272 μενειτ
400 4195 662 4282 προσδεχόμενοι,
683 4198 736 4262 sed
757 4198 844 4262 idem
860 4203 1064 4283 postpauca:
1090 4198 1312 4276 Δέγμενοιτ
1330 4205 1399 4268 προο-

239 4295 425 4382 δεχέμενοε,
466 4302 656 4380 προσμένων,
696 4304 823 4369 exhibet
863 4303 1085 4390 duplicemque
1124 4302 1204 4368 olim
1240 4301 1409 4390 scripturam·
