3086 4968
685 230 749 304 485

119 426 218 504 όνησιν
254 433 287 494 et
321 430 440 496 similia
475 429 649 514 complura.
706 427 897 496 Rectissime
930 431 1033 517 igitur
1067 431 1197 498 haberet
1231 431 1307 498 haec

119 539 294 620 scriptura:
320 538 410 600 τόΝΑ
436 537 498 616 γαρ
525 539 541 612 ἡ
566 538 604 610 τὴ
628 533 759 612 δεινότης
783 535 879 610 tntu
899 539 1053 614 ἬΝεγκε
1077 547 1115 621 τῇ
1140 541 1278 619 carptim

162 745 247 831 Peg.
273 742 348 810 325.
374 744 427 810 12.
451 745 513 808 οὐδ’
537 741 595 808 ότα
619 745 886 822 συμβεβούλευκα
908 745 1030 809 πώποτε
1050 737 1179 811 τουτοισὶ
1201 747 1307 824 όμοίως

120 851 191 928 ὑμῖν
225 847 336 933 [ὥσπερ
366 849 404 914 ἂν
435 852 461 914 εἱ
494 851 524 914 ἕν
554 851 701 934 τρντοόνρ]
732 853 827 933 ῥέπων
858 852 907 915 ἐπὶ
931 851 964 914 τὸ
988 860 1104 930 λῆμμα
1128 853 1308 931 συμβεβού-

118 971 230 1022 λευκα.
285 957 436 1022 Meliores
470 957 545 1023 libri
580 959 736 1024 omittunt
769 959 794 1022 εἰ
831 960 871 1021 ἐν.
917 957 1026 1022 Etiam
1059 958 1112 1022 hic
1145 959 1242 1043 probo
1277 964 1310 1023 et

118 1084 234 1149 sequor
255 1062 392 1129 Dobraei
415 1067 605 1128 sententiam
631 1061 769 1146 ,ι[ὅτπερ
793 1062 831 1127 ἂν
856 1064 880 1128 εἰ
906 1063 935 1126 ε’ν
954 1062 1101 1146 τρντόνρ]
1121 1087 1156 1127 θα
1175 1065 1309 1129 erutione

118 1171 154 1234 de
178 1171 259 1236 Pace
280 1191 310 1254 p.
337 1166 390 1232 60.
416 1166 447 1233 7.
471 1170 527 1232 dcc
548 1169 695 1236 intrcsc.''
741 1169 814 1234 Non
834 1175 882 1235 est
901 1172 987 1234 enim
1006 1171 1058 1235 hic
1074 1170 1161 1235 ullus
1181 1192 1308 1257 compa·

117 1279 237 1341 rationi
279 1275 386 1352 locus,
431 1280 463 1340 et
498 1296 579 1359 quae
613 1275 740 1342 videtur
774 1297 840 1341 esse
875 1279 1069 1360 comparatio
1104 1297 1141 1340 ea
1174 1278 1309 1343 absurda

118 1390 174 1447 est.
203 1381 403 1464 ¹Adscripsit
424 1381 540 1466 aliquis
564 1385 619 1466 qui
649 1383 748 1463 ῥέπειν
778 1383 855 1466 quid
883 1384 1007 1466 proprie
1033 1389 1115 1446 esset
1145 1385 1307 1448 ostendere

116 1487 232 1553 voluit.
279 1486 352 1551 Non
375 1490 481 1573 potuit
504 1489 645 1553 acerbius
670 1489 772 1554 dicere
795 1508 892 1571 quam
915 1489 1022 1565 ὁμοίως
1048 1489 1119 1563 ὑμῖν
1139 1490 1233 1569 ῥέπων
1253 1491 1304 1554 ἐπὶ

117 1596 151 1658 τό
176 1601 307 1672 λῆμμα.

163 1805 244 1892 Pag.
278 1802 355 1872 327.
386 1803 417 1869 6.
451 1804 571 1868 οὐδΕΙΟ
594 1804 662 1870 οὔτε
687 1811 745 1867 τῶν
767 1803 821 1880 ἔξω
847 1807 955 1871 Πυλῶν
979 1806 1133 1879 Ἑλλήνων
1157 1807 1224 1871 οὔτε
1249 1815 1307 1872 τῶν

117 1912 189 1975 εἴσω
223 1919 285 1983 τοῖς
318 1915 446 1990 παροῦσι
479 1919 583 1981 κακοῖς
615 1910 757 1992 ἐκέχρητ’
788 1912 828 1975 όιν
861 1910 905 1993 (S.
931 1911 1103 1990 ἐκόχριρΝτ’
1127 1913 1194 1997 ἄν),
1220 1916 1307 1979 ἄλλα

116 2017 237 2088 πάντες
280 2017 317 2080 ἂν
355 2017 438 2088 ὄντες
475 2017 620 2095 ε’λεύόεροι
656 2019 708 2081 καὶ
745 2018 905 2094 αὐτόνομοι
940 2018 1026 2095 μετα
1064 2020 1167 2092 πασας
1201 2021 1307 2093 ἁδείας

117 2124 304 2208 [ἀσφαλῶς]
338 2123 368 2186 ἐν
401 2121 578 2205 εὐδαιμονίᾳ
609 2123 666 2193 τοὶς
692 2124 806 2187 ἑαυτῶν
831 2123 921 2205 ᾤκουν
945 2124 1107 2205 πατρίδας.
1154 2126 1308 2192 Manifes-

116 2237 191 2295 tum
223 2237 271 2294 est
301 2229 378 2294 haec
411 2230 474 2321 dici
501 2250 563 2294 non
587 2229 625 2295 de
648 2230 831 2310 ειάρωόονωα
854 2227 1042 2314 hominum,
1067 2230 1122 2296 sed
1145 2232 1183 2296 de
1206 2233 1310 2315 civita-

86 2415 90 2422 .
116 2336 193 2400 tium
229 2335 422 2403 Graecarum
455 2333 709 2399 calamitatibus:
745 2338 853 2420 itaque
894 2337 1056 2401 otleNeC
1092 2339 1310 2417 scribendum,

117 2463 182 2528 quc
205 2448 292 2507 recta
312 2441 401 2504 ducit
425 2445 518 2506 vetus
542 2443 698 2524 scriptura
722 2445 755 2505 in
778 2442 844 2507 solo
868 2441 890 2507 S
914 2449 1038 2508 servata
1061 2429 1236 2523 {nixatur
1260 2447 1308 2512 ctu.

163 2549 331 2613 Praeterea
361 2567 507 2633 espurge
532 2548 698 2627 ἀσφαλῶς.
746 2548 918 2632 Aliquanto
941 2549 1057 2614 melius
1081 2555 1128 2614 est
1151 2556 1183 2616 et
1206 2556 1309 2618 acrius

115 2658 203 2732 μετ-οὶ
228 2652 330 2728 πότοις
355 2651 472 2725 ἁδείας.

162 2863 246 2954 Pag.
275 2862 350 2931 327.
375 2861 431 2931 26.
458 2870 562 2931 ταῦτα
589 2866 640 2931 καὶ
663 2869 794 2930 τοιαῦτα
815 2865 961 2944 πρόττειν
982 2866 1033 2931 τόν
1053 2868 1149 2932 καλὸν
1168 2871 1306 2948 κάγαθόν

118 2974 249 3047 πολίτην
284 2971 345 3050 δεῖ,
370 3010 411 3019 -
436 2973 469 3035 οὐ
504 2973 554 3036 τὸν
591 2970 760 3051 πράγματ’
797 2970 872 3049 ἄξια
907 2979 962 3045 τῆς
998 2972 1113 3044 πόλεως
1148 2976 1307 3043 ὑποςόντα

116 3081 224 3159 λέγειν
255 3078 307 3142 καὶ
338 3076 474 3162 γρόφειν
505 3078 557 3143 καὶ
581 3077 681 3155 μένειν
706 3078 754 3142 ἐπὶ
778 3078 893 3142 τούτων
917 3078 1144 3164 [προελόμενον]
1170 3080 1308 3157 βασκαί-

117 3212 187 3254 νειν.
234 3185 353 3250 Inutile
384 3189 416 3251 et
446 3205 714 3270 supervacaneum
742 3185 950 3270 participium
975 3187 1097 3250 omittit
1119 3188 1261 3271 optimus
1284 3187 1307 3253 S

116 3292 265 3359 meliores
296 3296 424 3356 tantum
454 3311 517 3358 non
547 3313 666 3358 amnes.
715 3291 849 3362 Addidit
879 3293 1033 3378 magister
1064 3294 1120 3375 qui
1149 3314 1212 3357 non
1239 3315 1306 3358 sen-

116 3404 201 3466 serat
235 3397 287 3461 καὶ
323 3396 423 3474 μένειν
458 3398 507 3461 ἐπὶ
544 3399 657 3462 τούτων
693 3419 731 3462 ex
769 3398 928 3466 ὑποςόντα
963 3398 1108 3482 pendere.
1157 3397 1307 3466 Retinent

115 3513 226 3571 tamen
250 3501 449 3584 προελόμενον
471 3503 617 3568 Editoras
642 3521 760 3568 omnes.
1267 3489 1270 3493 ¹

162 3717 244 3803 Pag.
276 3713 350 3781 332.
386 3716 438 3780 10.
463 3717 518 3790 τὴν
542 3714 644 3791 δεξιὰν
669 3715 830 3795 προτείνων
855 3714 907 3779 καὶ
932 3713 1212 3795 εὐαγγελιζόμενος
1237 3719 1305 3782 τού·

114 3847 179 3896 τοις
209 3819 257 3894 οὓς
291 3820 329 3886 tv
360 3823 459 3887 ἐκεῖσε
490 3823 734 3900 απαγγέΛΛειν
766 3821 886 3898 οἴωμαι.
933 3820 1038 3906 'l'urpe
1069 3823 1223 3887 mendum
1249 3845 1305 3909 pro

115 3932 330 4007 ἀπαγγελεῖν.
377 3926 502 3992 Passim
526 3926 707 3992 Dindcrfius
730 3927 852 3992 similia
875 3928 991 3992 menda
1009 3927 1179 3992 manifesta
1201 3935 1306 3995 sustu·

114 4037 157 4102 lit
182 4037 290 4100 contra
314 4055 409 4096 omnen
432 4033 545 4098 libros:
571 4053 646 4098 nam
670 4032 834 4118 Squoque
854 4037 954 4097 scatet
973 4031 1100 4098 talibus.
1123 4029 1166 4106 εἷς
1187 4035 1213 4099 δ’
1232 4040 1306 4118 ανὴρ

116 4143 149 4207 οὐ
176 4139 266 4204 πάνθ’
292 4139 357 4222 ipe.
510 4221 512 4225 ,

164 4245 294 4311 Similia
324 4244 375 4309 his
403 4247 485 4311 vitia
515 4246 685 4310 haeserunt
706 4265 782 4330 pag.
809 4239 884 4309 777.
912 4241 963 4306 18.
989 4243 1082 4316 οὐδεὶς
1109 4247 1202 4312 αὐτὸν
1229 4251 1305 4314 απο-

117 4353 241 4421 κτεόνει.
275 4365 347 4438 pag‘·
381 4348 457 4415 938.
491 4350 521 4415 9.
556 4350 832 4429 ἐπαγγελλόμενος
857 4348 1023 4414 παιδεύειν.
1048 4369 1123 4440 pag.
1152 4353 1249 4422 1042.
1277 4357 1304 4425 l.
