3086 4968
478 927 536 992 us
559 926 681 994 uocis
705 892 957 1011 uuicusmm

394 1158 478 1205 APUD
501 1158 678 1208 DIONYSIUM
699 1161 1035 1212 micanuassuusum.

530 1442 882 1496 ‘stamf-

158 1722 268 1806 Auta‘q.
301 1721 385 1785 Rom.
410 1720 488 1788 ·VII.
521 1743 597 1810 pag.
625 1721 724 1790 1334.
751 1723 803 1790 13.
828 1727 897 1800 τοὺς
922 1728 1035 1806 appot.
1059 1729 1260 1803 καταθέοντες
1286 1767 1306 1781 a

116 1825 307 1904 ἐλεηλάτουν
331 1865 372 1874 -
394 1827 446 1891 καὶ
471 1824 529 1894 ὅσα
552 1831 597 1905 μη
622 1828 759 1894 δύναιντο
778 1830 880 1911 Φέρειν
899 1856 934 1896 τε
955 1832 1006 1895 καὶ
1027 1831 1117 1911 άχειν
1139 1836 1307 1919 [χρήματα

116 1934 166 1999 καῖ
193 1933 402 2020 βοσκήματα]
431 1933 474 1998 τά
496 1936 554 2012 μὲν
577 1934 830 2015 ἐνεπίμπρασαν,
856 1938 899 2002 τά
923 1939 953 2003 δὲ
978 1939 1209 2021 κατέσφαττον.
1244 1942 1307 2006 Ex-

114 2063 226 2129 punge
257 2040 410 2119 χρηματα
443 2040 495 2105 καὶ
527 2040 730 2118 βοσκήματα.
778 2042 942 2127 Explicuit
966 2045 1081 2131 aliquis
1104 2049 1139 2110 in
1163 2050 1308 2136 margine

116 2144 193 2233 quid
225 2157 307 2211 esset
331 2145 431 2228 Φέρειν
457 2172 492 2211 τε
515 2146 565 2212 καὶ
589 2144 691 2224 tyre.
737 2147 809 2213 Non
834 2153 988 2237 cogitavit
1009 2154 1164 2230 χρήματα
1188 2155 1308 2231 ε’μτιμ·

114 2252 232 2334 τράναι
264 2253 436 2318 absurdum
467 2274 543 2318 esse.
592 2251 693 2331 Φέρειν
724 2274 787 2318 non
811 2255 849 2320 de
872 2259 1006 2341 pecunia
1029 2259 1164 2332 dicitur,
1190 2259 1245 2324 sed
1270 2261 1308 2326 de

113 2360 340 2425 instrumentis
362 2360 489 2426 rusticis
513 2363 545 2424 et
567 2361 652 2424 vasis
684 2363 716 2424 et
746 2364 834 2426 omni
866 2363 1058 2448 supellectili
1085 2365 1308 2453 agricolarum.

159 2568 245 2654 Pag.
279 2564 377 2632 1481.
412 2565 465 2632 12.
490 2567 541 2633 καὶ
566 2568 649 2634 οὐδέν
672 2569 755 2644 άξιοῖ
776 2580 966 2650 καινοτομεῖν
991 2574 1032 2643 εἷς
1057 2572 1142 2637 αὐτά
1167 2573 1223 2637 tut
1248 2572 1309 2638 δεῖ·

113 2697 218 2752 ματος
249 2672 467 2757 [κρατουμένη]
499 2672 681 2752 μηνιμάτων
705 2674 874 2752 δαιμονίων.
920 2678 1096 2743 Molestum
1122 2678 1309 2757 κρατουμένη

112 2782 245 2865 irrepsit
269 2801 307 2844 es
330 2783 486 2868 margine.

160 2885 321 2951 Similiter
351 2907 425 2974 pag.
461 2885 559 2951 1528.
592 2885 646 2952 15.
679 2887 744 2952 οὐδὲ
777 2887 839 2967 γάρ
864 2889 929 2951 ἐκεῖ
950 2884 1079 2962 δύναμιν
1103 2886 1194 2966 έσχον
1219 2888 1312 2966 ὁμόσε

112 2999 226 3071 χωρεῖν
252 3000 315 3065 τοῖς
340 2992 497 3069 πολεμίοις
522 2991 780 3077 [μαχησόμενοι]
808 2997 839 3057 et
863 3014 935 3080 pag.
966 2991 1063 3056 1529.
1090 2992 1120 3056 6.
1143 2994 1208 3071 ἐμοὶ
1232 2994 1315 3062 δοκεῖ

113 3098 260 3176 κράτιςον
292 3094 368 3163 εἶναι
398 3100 480 3162 -τὸν
505 3098 560 3174 μέν
584 3094 681 3178 ἕτερον
706 3101 788 3175 ἡμῶν
812 3135 854 3146 -
879 3098 973 3173 έμέσε
997 3105 1106 3179 χωρεῖν
1132 3107 1194 3171 τοῖς
1217 3117 1311 3166 τολε-

113 3203 198 3282 μῖοις
236 3203 501 3290 [μαχησόμενον],
532 3203 700 3289 utrobique
730 3205 937 3289 participium
969 3205 1008 3269 ab
1039 3205 1165 3270 indocto
1195 3204 1312 3273 lectore

115 3311 265 3377 additum
290 3314 347 3375 est.

161 3520 244 3607 Pag.
269 3516 368 3585 1467.
394 3517 425 3582 5.
452 3516 514 3590 teu
538 3516 655 3594 κατέςη
683 3525 787 3583 καλεῖν
815 3515 863 3592 οὓς
885 3516 979 3597 δόξειε
1000 3526 1058 3586 τῶν
1078 3531 1208 3589 πολιτῶν
1229 3525 1312 3599 δίκην

113 3624 289 3706 ὑφέξοντας
315 3624 371 3688 tart
396 3628 449 3689 τοῦ
476 3625 579 3702 δήμου.
618 3623 811 3689 Mendcsum
831 3629 878 3689 est
900 3625 967 3689 ὑτέ.
1005 3624 1120 3694 Veram
1143 3629 1312 3694 lectionem

114 3731 225 3797 elicies
249 3751 288 3795 ex
312 3751 386 3818 pag.
413 3728 510 3794 1695.
536 3729 590 3795 14.
617 3731 745 3794 ἐκάλουν
769 3729 863 3793 αὐτὸν
887 3733 925 3802 ὡς
953 3730 1034 3795 'elli
1061 3739 1113 3797 τοῦ
1140 3734 1235 3813 δέμον
1259 3737 1313 3801 την

115 3838 201 3910 δίκην
233 3834 513 3914 άτολοχησέμενον.
559 3834 664 3900 Vertit
695 3839 732 3898 ut
765 3837 871 3918 potuit
903 3838 999 3901 verba
1029 3837 1160 3906 Latina:
1196 3864 1314 3906 οοιιιωυο

117 3943 219 4006 dicere
243 3943 324 4023 apud
337 3942 492 4024 poputum.

164 4149 247 4237 Pag.
281 4145 378 4216 1475.
414 4146 467 4213 12.
491 4157 555 4221 τοῖς
582 4149 638 4227 μέν
663 4149 697 4224 δη
721 4154 829 4214 ταῦτα
855 4149 949 4214 ἐδόκει
973 4153 1057 4216 κατά
1082 4154 1146 4218 θεοῦ
1170 4156 1314 4234 γενέσθαι

119 4255 285 4334 γνώμην
316 4261 501 4336 νεμεσῶντος
533 4253 578 4320 ὅτι
611 4256 661 4320 τὸν
692 4253 793 4336 άριςον
826 4264 882 4321 τῶν
915 4265 1045 4323 τολιτῶν
1077 4257 1234 4338 ἐξήλασαν
1259 4270 1314 4338 τῆς

122 4361 280 4442 πατρίδος.
305 4382 360 4448 pro
384 4360 510 4443 γνώμην
534 4361 732 4428 scribendum
757 4369 855 4440 μῆνιν.
