3026 4970
648 236 715 315 288

99 429 264 501 Homerum
298 438 346 498 eet
375 430 464 507 διδοῖς
496 447 553 502 aut
584 430 734 508 διδοῖοθοι,
765 435 803 499 ut
833 431 986 509 τιθείσθιο,
1011 431 1152 514 ἔξειοθιο,
1178 431 1275 504 aicta.

138 537 171 602 In
193 541 286 604 tertia
308 537 469 604 Homerus
492 541 548 601 aut
571 536 670 600 δίδωσι
695 539 785 621 ponit
808 542 863 601 ant
887 537 968 602 διδοῖ.

139 643 285 729 Reliquae
316 645 437 709 formae
467 663 576 708 omnes
609 649 682 708 eunt
712 647 765 706 τοῦ
797 648 921 722 πονηροῦ
952 642 1114 720 adprecor
1146 653 1202 714 aut
1237 669 1275 713 ex

101 751 262 814 scribarum
286 751 427 816 socordia
450 754 505 814 aut
528 769 567 812 ex
590 750 875 835 grammaticorum
899 772 1001 816 errore
1023 759 1207 838 prognatae.

139 855 309 922 Barbarum
333 863 381 920 eet
403 854 504 934 θφίη,
529 851 579 928 ίη,
605 854 709 932 epota,
729 855 829 930 μεθίη.
864 856 1003 922 Barbara
1022 863 1095 922 sunt
1114 859 1198 931 θυίης
1218 878 1275 942 pro

101 960 197 1039 θιιεῖς,
216 962 323 1038 μιθίης
343 981 400 1045 pro
424 963 557 1034 μεθιείς,
583 967 615 1024 et
638 962 705 1034 οίυίη
730 982 787 1045 pro
810 962 897 1027 οὶνίει.
931 963 1070 1029 Barbara
1094 969 1167 1028 eunt
1191 963 1273 1028 ἐδίδου

101 1071 128 1130 et
159 1067 223 1132 δίδη
259 1073 291 1132 et
326 1067 456 1132 δίδωοθιι
488 1087 543 1151 pro
574 1066 715 1131 διδυίσθιι.
763 1067 850 1132 Libri
882 1074 920 1133 ut
947 1069 1125 1153 plurimum
1149 1075 1276 1135 servant

101 1174 261 1257 scripturae
289 1179 412 1238 veteres
442 1179 473 1237 et
504 1173 704 1250 emendatae,
736 1174 850 1257 quibue
881 1173 1046 1240 Bekkerue
1076 1177 1209 1242 vitiosas
1243 1179 1276 1240 et

101 1282 328 1346 commenticias
352 1280 390 1344 de
414 1300 471 1344 eno
494 1281 670 1364 supposuit.

138 1383 172 1446 ln
199 1387 400 1470 imperativis
429 1385 594 1450 Bekkerue
624 1387 729 1450 nescio
759 1384 917 1468 quomodo
947 1385 995 1450 nil
1023 1389 1176 1471 peccavit.
1201 1387 1275 1452 τίθει

99 1491 246 1556 uectum
268 1491 399 1574 reliquit
422 1502 460 1556 Α.
486 1489 563 1556 509.
589 1498 621 1555 et
645 1491 708 1569 πθιρ
727 1491 757 1554 δὲ
778 1493 852 1555 τίθει
873 1497 910 1569 φ.
933 1489 1007 1555 177.
1029 1497 1062 1556 et
1082 1491 1118 1557 ἵει
1139 1501 1174 1556 Φ.
1198 1490 1274 1557 338.

99 1599 126 1658 et
143 1593 232 1668 ξυνίει
254 1620 284 1659 οι.
308 1595 384 1660 271.
403 1621 429 1660 ο.
450 1594 527 1660 391.
546 1620 574 1660 τ.
599 1595 675 1662 378.
698 1602 730 1661 et
749 1596 828 1661 δίδου
841 1621 873 1673 γ.
890 1596 943 1660 58.
969 1599 1077 1660 Δίδωθι
1090 1605 1137 1663 eet
1149 1623 1182 1675 y.
1197 1598 1272 1665 380.

224 1703 313 1766 ἀλλὰ
337 1703 461 1770 ιοίιοισο’
485 1700 580 1779 ίληθι,
616 1702 749 1768 δίδωθι
781 1701 813 1766 δέ
836 1726 886 1778 μοι
913 1702 999 1773 κλέος
1024 1703 1137 1768 ἐσθλόν.

98 1808 130 1868 ut
148 1806 355 1882 ἰμπίμπληθι.

137 1910 299 1984 Eekkerue
330 1916 358 1980 ei
389 1914 450 1980 eibi
482 1921 622 1980 constare
652 1914 805 1981 voluisset
833 1915 1010 1998 quibusda
1034 1915 1277 1982 caueieformae

99 2017 189 2096 ἐτίθη,
223 2021 310 2097 τίθη,
343 2021 444 2098 aare.
478 2021 580 2097 μεθίη,
607 2021 711 2095 tatae,
736 2021 804 2086 δίδυ
827 2023 964 2106 potiores
987 2041 1053 2086 esee
1077 2023 1277 2091 existimavit

99 2124 203 2198 iisdem
227 2128 316 2201 τίθη,
341 2124 386 2198 ίη,
409 2124 514 2208 ξυιιή,
539 2127 607 2202 δίδοι
633 2128 774 2213 vulgatis
794 2132 982 2211 anteponere
1002 2126 1171 2192 debuisset.
1217 2128 1278 2194 Bo·

98 2251 168 2294 num
190 2234 311 2297 factum
337 2233 420 2317 quod
443 2253 574 2296 manum
601 2232 766 2297 abstinuit.

138 2336 259 2402 Tertiae
290 2359 412 2422 quoque
435 2341 607 2422 praesentis
630 2359 777 2422 personas
799 2344 925 2402 mutare
947 2357 1009 2402 non
1032 2341 1138 2422 potuit
1162 2344 1193 2403 et
1217 2360 1278 2404 ser·

97 2446 179 2507 verit
199 2454 235 2508 K.
261 2443 335 2508 121.
355 2445 462 2520 μεθιεῖ.
484 2452 524 2508 N.
549 2442 624 2508 731.
647 2445 732 2513 τιθεῖ.
754 2470 785 2507 οι.
814 2442 888 2508 192.
914 2447 1067 2522 παρτιθεῖ,
1092 2443 1209 2509 sedne
1233 2448 1278 2510 sio

97 2550 218 2631 quidem
245 2553 386 2635 pepercit
408 2549 552 2614 secundis
575 2558 612 2614 E.
636 2547 713 2614 880.
739 2551 844 2620 ἀνιεῖς.
869 2559 904 2614 Ζ.
931 2549 1006 2613 523.
1027 2555 1059 2614 et
1077 2551 1103 2615 δ.
1126 2548 1201 2614 372.
1221 2574 1277 2627 με·

97 2656 175 2732 brie,
201 2662 233 2720 et
255 2658 290 2719 in
312 2657 496 2741 imperfecte
522 2665 559 2719 O.
585 2655 639 2730 24.
664 2660 697 2726 ei
717 2666 755 2728 Θ.
777 2654 852 2722 358.
873 2656 948 2721 οίυίει
972 2665 1010 2719 O.
1034 2653 1109 2720 716.
1131 2657 1226 2732 μεθίει
1246 2668 1277 2720 et

96 2764 208 2843 passim
239 2761 348 2841 ἀφίει,
381 2762 490 2841 προίει,
517 2763 601 2827 τίθει.
626 2764 698 2826 eim.
745 2762 884 2836 Τίθηοθοι
908 2762 996 2826 dedit
1018 2781 1074 2846 pro
1098 2761 1231 2825 τιθεῖοθοι
1255 2785 1275 2825 ι.

98 2863 169 2932 404.
193 2873 225 2932 et
248 2893 281 2932 ω.
309 2866 384 2934 476.
853 2857 856 2874 ’

138 2974 238 3044 Διδοῑς
270 2974 435 3040 emendate
465 2975 586 3062 legitur
616 2984 639 3040 1.
676 2973 752 3039 164.
780 2979 811 3040 et
834 2975 909 3040 διδοῖ
930 2998 954 3052 ο.
982 2972 1057 3038 350.
1082 2973 1136 3038 eed
1158 2973 1278 3057 passim

97 3078 187 3144 ε’διδυυ
211 3086 243 3147 et
266 3081 345 3144 δίδου
369 3084 520 3165 pervertit
540 3083 574 3144 in
594 3080 677 3146 ἕδίδιι
699 3085 730 3144 et
750 3080 835 3158 δίδη,
857 3088 889 3144 et
907 3099 964 3165 pro
984 3079 1117 3145 διδοίοθοι
1137 3087 1178 3142 Τ.
1199 3075 1276 3142 270.

97 3205 257 3270 perperam
282 3186 411 3250 δίδοσθαι
434 3189 610 3272 supposuit.

139 3290 176 3354 In
194 3292 438 3358 Atheniensium
458 3292 565 3376 libris,
585 3297 623 3358 ut·
642 3298 674 3357 et
693 3294 727 3356 in
744 3291 904 3377 plerisque
923 3291 1134 3374 reliquorum,
1157 3291 1280 3373 peccari

96 3396 172 3462 solet
192 3399 224 3461 in
244 3398 389 3464 secundis
402 3402 574 3483 praesentis
586 3400 738 3483 temporie
752 3400 905 3482 personis,
918 3397 975 3460 ubi
989 3434 1029 3444 -
1046 3404 1110 3460 etc
1122 3398 1157 3458 in
1169 3397 1279 3481 τιθεῖς,

95 3504 214 3586 ἀφιείς,
230 3503 338 3578 ξυνιείς
353 3513 409 3568 eet
425 3507 459 3568 in
473 3542 513 3552 -
529 3514 582 3569 Hc
594 3506 750 3570 sexcentis
761 3503 839 3568 locis
850 3502 935 3568 male
947 3522 1133 3570 conversum
1145 3501 1279 3566 videbis.

140 3607 231 3674 Certo
249 3610 368 3678 indicio
386 3610 466 3674 hane
486 3610 629 3676 fraudem
653 3610 836 3695 deprensam
863 3615 1008 3674 tenemus
1030 3611 1065 3672 in
1089 3604 1281 3674 Castorionie

96 3711 231 3782 Solensis
253 3715 409 3782 versiculo
434 3716 518 3801 apud
540 3716 741 3782 Athenaeum
764 3737 838 3804 pag.
864 3715 940 3780 454.
966 3735 994 3780 r.

319 3823 481 3899 aaronita
506 3824 554 3898 θίιρ
579 3821 750 3904 κηρόχυτον
774 3814 804 3892 ὃς
828 3819 974 3899 μείλιγμ’
998 3817 1078 3886 i‘HC.

96 3933 188 4011 putta
220 3931 387 4014 scripserat
420 3929 499 3994 ietc
530 3931 600 4004 ίεῖο,
633 3949 771 4013 namque
800 3928 956 3993 laborioso
985 3925 1118 3993 artificio
1154 3926 1286 4021 dederat

97 4033 192 4100 bomo
221 4056 362 4120 operam,
396 4038 477 4098 teste
499 4033 680 4118 Athenae0,
704 4041 741 4099 ut
764 4034 909 4121 singulae
933 4033 1078 4117 dipodiae
1102 4038 1205 4098 essent
1227 4053 1283 4100 un·

97 4140 188 4214 decia
209 4141 408 4224 litterarum,
433 4139 736 4218 ἑυδεκιιγηθμμοοιοι.
783 4140 820 4209 In
842 4142 974 4206 caeteris
997 4141 1146 4207 omnibus
1172 4157 1282 4210 numer

98 4265 154 4320 rur
173 4247 371 4335 inlaborare
392 4251 516 4319 constet
538 4247 595 4322 eet
617 4248 652 4318 io

571 4350 717 4432 ιιιίλιιιθ
740 4348 798 4432 θη.
