3052 4970
837 237 903 315 400

273 427 364 512 ραθνον
394 432 479 500 κατὰ
510 433 562 500 τθν
591 437 645 500 τοῦ
671 434 743 508 Διὸς
766 432 844 502 οἷκον
875 437 984 517 θριοθιος
1008 439 1060 505 ἐπί
1083 465 1118 504 τε
1144 445 1204 518 γῆν
1227 439 1275 504 καὶ
1293 431 1419 519 οὐραιθνή

272 539 417 622 θποφορθι
441 541 608 606 διικνεῖται.
655 539 759 627 Ipsius
783 543 960 610 Aristarchi
983 546 1060 612 haec
1082 547 1277 633 paraphrasis
1296 549 1343 611 est.
1362 540 1419 606 vut-

274 652 352 733 gata
373 651 450 713 nats
472 647 600 713 videtur
622 669 660 712 ex
686 657 726 712 A.
750 647 828 714 426.
1495 695 1496 722 .

386 753 440 819 καὶ
465 751 502 820 τθ
523 755 531 778 ’
555 751 665 819 ἔπειτά
689 778 735 819 τοι
759 751 824 835 εἶμι
849 757 921 829 Διθς
946 756 1016 822 ποσὶ
1036 755 1242 838 χαλκοβατὲς
1264 754 1308 822 ts.
1495 727 1496 784 ¹

828 889 832 918 1

310 961 388 1029 Ποτθ
411 967 444 1030 et
468 962 538 1045 περθ
561 964 690 1031 confuso
713 968 788 1031 sunt
813 975 846 1034 Ξ.
870 963 945 1032 398.

468 1064 576 1134 σθσσον
600 1093 640 1147 γε
663 1069 733 1135 ποτ)
760 1069 859 1153 δρυσὶν
883 1070 1076 1154 ὑψικόμοισιν
1098 1071 1221 1138 Ἥπθει.

262 1174 319 1240 ubi
342 1175 377 1239 in
400 1173 473 1240 aliis
497 1179 545 1241 est
568 1174 634 1257 περὶ
659 1176 770 1257 δρυσίν.

307 1279 529 1348 Memorabilis
552 1281 642 1348 locus
665 1287 713 1348 est
742 1292 780 1346 Θ.
807 1278 883 1349 378.

901 1385 982 1471 θφρα
1009 1389 1135 1469 ruborem

485 1493 503 1569 ή
527 1495 580 1560 νῶϊ
601 1493 749 1575 Πριοθροοιο
773 1494 851 1566 πθῖρ
879 1495 1069 1574 ιιορνθαιθλος
1090 1496 1210 1576 Ἕκτωρ

485 1600 611 1679 γηθήσει
635 1599 827 1684 προφανέντε
851 1601 913 1665 ἀνα
938 1601 1103 1680 πτολέμοιο
1127 1601 1279 1686 γεφύρας.

305 1707 389 1771 Ante
411 1706 632 1773 Aristarchum
655 1707 841 1795 legebatur:

437 1811 563 1890 γηθήσει
588 1814 798 1894 προφανείσας
823 1811 892 1877 ἰδὼν
916 1811 947 1883 ἐς
972 1811 1079 1876 δοῦπον
1102 1808 1246 1878 οὶκθντινν.

302 1918 506 1984 Aristarchus
528 1920 612 1985 vidit
635 1918 850 2001 πριφανένΤθ
874 1938 940 1984 esse
963 1940 1078 1984 verum
1101 1924 1133 1983 et
1153 1921 1341 2005 comparavit
1359 1931 1420 1988 πλη·
1496 1929 1497 1976 ι

257 2021 351 2100 γένσε
374 2025 506 2105 κεραυνῷ
530 2047 578 2091 vs.
603 2023 682 2090 455.
707 2030 740 2090 et
763 2047 802 2090 ex
825 2024 982 2090 Hesiodo:

394 2128 491 2201 stobe
514 2129 567 2195 καὶ
591 2123 1084 2211 Νέμεσις-καλυψαμένα
1106 2128 1187 2210 χρθα
1211 2131 1304 2196 καλθν
1496 2121 1497 2126 ¹

392 2233 553 2300 οὶθανοθτοιν
576 2236 662 2315 μετὰ
686 2241 786 2319 φῦλον
810 2236 872 2302 ἴσον
895 2236 1131 2316 προλιπόντ’
1155 2236 1329 2317 ἀνθρώπους.

301 2339 457 2406 Videntur
476 2344 542 2407 ium
560 2342 639 2409 olim
661 2348 785 2410 veteres
802 2345 913 2409 mirati
930 2344 1007 2428 quid
1027 2348 1108 2409 esset
1123 2344 1311 2425 προφανέντε
1325 2349 1419 2410 temere

255 2448 420 2531 antiquom
443 2451 632 2533 scripturam
656 2455 798 2515 mutasse
823 2455 855 2515 et
879 2449 1089 2531 προφανείσαο
1110 2447 1308 2515 substituisse
1326 2449 1360 2514 de
1376 2467 1419 2512 suo

253 2554 369 2640 nugati
399 2552 552 2618 ultimam
582 2549 649 2620 esse
678 2555 809 2621 brevem
841 2561 878 2620 ut
905 2558 940 2620 in
963 2557 1065 2621 forms
1087 2555 1212 2621 Dorica.
1257 2556 1419 2622 Rectissime

253 2660 357 2746 igitur
374 2664 515 2725 veterem
531 2660 669 2725 formam
688 2660 891 2726 Aristarchus
910 2664 945 2726 in
965 2661 1071 2726 lucem
1088 2665 1268 2747 revocavit,
1288 2663 1339 2728 sed
1354 2659 1419 2746 quod

252 2764 422 2830 substituit
451 2765 511 2830 θνθι
540 2766 704 2845 πτολέμοιο
729 2767 872 2850 γεφύρας
891 2772 1020 2852 propter
1041 2769 1298 2854 ingratissimum
1315 2770 1418 2834 histum

253 2869 445 2952 προφανέντε
468 2871 529 2936 θνα
553 2892 615 2937 non
639 2877 688 2938 est
710 2871 892 2938 ullomodo
917 2873 1093 2938 ferendum.
1128 2873 1270 2960 Utraque
1289 2878 1419 2961 scripturo

252 2979 287 3042 in
310 2998 409 3043 unam
432 2977 566 3043 conflata
589 2979 690 3045 exibit
712 3000 823 3046 versus
846 2978 988 3045 Homero
1013 2980 1148 3067 dignus:

434 3085 560 3162 γηθήσει
585 3084 775 3167 προφανέντε
799 3085 880 3152 σιδθιν
905 3086 934 3157 ἕρ
960 3086 1068 3150 δοῦπον
1091 3084 1235 3152 οὶκθντινν.

251 3194 289 3254 ut
314 3199 356 3255 A.
382 3187 457 3254 364.
482 3191 531 3256 ἰὼν
554 3191 584 3264 ἐς
609 3192 717 3257 δοῦπον
740 3190 896 3276 οὶκθντοιν,
923 3196 955 3258 et
979 3191 1066 3258 alibi.

777 3503 925 3572 LXXVI.

592 3673 788 3778 ἨΡΟΜΗΝ
815 3730 879 3779 rou
901 3715 1105 3803 ἨΡΑΜΗΝ.

297 3919 439 3986 Verbum
463 3919 674 3987 Homericum
698 3922 786 4002 οξεθρα
811 3929 844 3989 et
867 3925 1009 4004 ἀείρομαι
1032 3923 1129 3988 hebet
1149 3925 1302 3988 coristum
1319 3925 1423 4006 primm

251 4027 356 4105 ήειροι,
389 4023 504 4106 ἄειρον,
545 4028 664 4106 οέεἲραι.
705 4030 812 4107 οὲείροις
844 4035 876 4096 et
915 4033 949 4095 in
982 4031 1084 4096 forma
1121 4030 1228 4095 media
1257 4027 1422 4112 ἀειράμενος.

251 4132 359 4198 Habet
381 4135 480 4198 etism
502 4135 536 4197 in
559 4133 662 4200 forma
684 4137 791 4202 medic
815 4138 970 4202 aoristum
996 4137 1153 4200 νοοιιιοθαιιο
1170 4134 1298 4215 ήρθμηι,
1320 4135 1422 4216 atpium.

297 4239 352 4312 τήν
375 4236 490 4317 οὶρθμην
515 4249 556 4303 Ψ.
576 4238 660 4305 592.

297 4346 351 4420 τήν
376 4341 460 4425 ἄρετ’
484 4344 518 4422 ἐξ
541 4344 667 4426 ε’νοὶριον,
693 4357 718 4413 Ι.
744 4346 819 4414 188.
