3034 4970
688 227 756 299 ala

125 431 198 490 MAI
230 445 362 511 peccare
389 424 501 491 solent.
548 421 691 504 Quatuor
711 423 909 510 syllabarum
933 425 1068 490 verbum
1092 445 1158 490 esse
1182 421 1309 510 opinan-

123 536 171 596 tur
192 551 304 598 omnes
324 536 355 596 et
377 532 495 615 ubique
518 529 664 610 λνΐζομοον
685 529 856 615 dederunt,
878 550 978 616 quum
998 529 1132 614 λῄζομου
1153 533 1308 616 scriptum

121 639 327 722 oportuisset,
360 641 399 701 ut
431 634 547 716 astte,
582 631 737 716 λςςοοκίς.
774 635 911 718 terricus
942 639 1017 701 cett.
1056 634 1178 702 Eodem
1212 635 1308 704 modo

123 743 211 817 ἠίθεος
237 743 379 808 scribunt
402 746 435 807 et
458 742 526 816 etos
549 740 661 806 formis
683 739 865 807 Homericis
887 743 921 807 in
944 761 1081 807 errorem
1104 741 1239 808 inducti.

161 848 316 916 Dicebam
346 848 442 914 modo
472 847 628 914 adiective
658 843 779 913 Graece
808 869 872 914 non
903 848 985 926 dari,
1021 868 1101 933 quae
1123 849 1159 912 in
1183 884 1202 900 ·
1216 856 1308 914 noc

122 961 247 1034 exeant,
271 954 378 1020 sedin
401 954 454 1019 his
476 954 624 1020 omnibus
646 953 781 1042 liuesse
803 991 823 1006 -
838 963 960 1031 nloc,
983 989 1002 1003 -
1016 962 1115 1032 ΩΙΑ,
1140 989 1160 1002 -
1174 958 1307 1038 ΩΙΟΝ,

121 1065 155 1126 ut
182 1063 218 1126 in
254 1061 413 1144 ποοποῷος,
444 1061 598 1142 parphar,
622 1062 794 1142 ποοππῷος,
818 1062 910 1142 οίίῷος
934 1079 991 1146 pro
1015 1058 1163 1141 οίζοίμοος,
1190 1064 1223 1126 et
1246 1057 1309 1126 olio

124 1165 295 1252 complure.
539 1229 542 1236 ,
607 1221 609 1230 ,

159 1270 267 1336 Lubet
297 1271 331 1335 in
364 1270 423 1337 hac
453 1293 488 1338 re
518 1271 681 1340 ostendere
712 1293 809 1358 quam
840 1275 930 1338 caute
959 1274 1001 1337 sit
1024 1273 1308 1360 grammaticorum

121 1377 313 1442 testimoniis
335 1378 491 1444 utendum
515 1382 546 1443 et
570 1397 667 1464 quam
689 1379 732 1443 sit
750 1376 855 1442 tirtilis
874 1397 984 1443 eorum
1005 1379 1192 1456 auctoritas,
1212 1398 1309 1463 quem

119 1483 213 1548 nimis
249 1502 341 1568 saepe
358 1482 460 1569 inepti
483 1485 655 1568 sequimur.
704 1480 884 1574 Stephanus
907 1483 1120 1570 Byzantinus,
1145 1484 1200 1568 qui
1223 1488 1310 1548 totus

119 1607 182 1653 esse
213 1587 296 1654 solet
323 1590 357 1654 in
389 1589 639 1675 quaestiunculis
669 1590 908 1677 grammaticis,
940 1591 975 1653 in
1006 1610 1038 1654 v.
1070 1586 1155 1653 Γέλοο
1179 1590 1306 1654 scribit:

118 1695 150 1758 rt
181 1694 296 1760 ἒίνοκὸν
327 1697 444 1768 Γελῶος
475 1698 509 1760 οὔ
540 1703 687 1768 Γελοοίος,
719 1697 757 1765 ὡς
787 1692 912 1772 ‘uticona
943 1693 996 1759 κοοί
1029 1696 1046 1769 οἱ
1079 1692 1228 1769 ουνοίίεοοο.
1255 1692 1308 1760 acl

118 1797 184 1873 ίοοος
208 1799 275 1866 det
298 1803 351 1865 τοῦ
374 1798 474 1879 γέλως
500 1802 535 1866 τὸ
557 1807 682 1873 Γελῶος.
732 1799 795 1865 Sed
818 1820 857 1865 ex
878 1799 980 1878 γέλως
1004 1806 1125 1877 γελοῖος
1149 1800 1311 1893 nascitur,

119 1910 153 1970 ut
182 1905 293 1978 οοίδοῑος
327 1927 366 1972 ex
397 1904 505 1984 οοίδοίς,
529 1911 561 1972 et
585 1906 704 1982 ὑπηοῖος
730 1926 768 1970 ex
792 1906 860 1982 ἠώς.
906 1903 950 1970 Et
972 1925 1052 1991 quae
1076 1903 1205 1982 tandem
1228 1906 1309 1972 ratio

118 2031 181 2076 esse
203 2013 312 2097 potuit
335 2033 391 2077 cur
413 2033 452 2079 ex
474 2009 556 2076 Γέλα
582 2017 697 2084 Γελῶος
721 2007 967 2097 produceretur?
999 2007 1063 2075 sed
1085 2015 1202 2083 Γελῶος
1226 2008 1310 2075 nihil

119 2122 181 2182 est:
215 2115 301 2182 Γέλοι
330 2116 448 2182 ultima
478 2115 575 2204 longa
605 2137 643 2182 ex
674 2115 776 2183 Γολίοο
805 2115 925 2183 coaluit
955 2119 991 2181 et
1015 2117 1061 2181 sic
1083 2135 1140 2202 pro
1163 2122 1308 2189 Γελοοοῑος

117 2227 191 2288 nata
214 2226 265 2288 est
287 2222 389 2289 forma
411 2224 581 2289 tritissima
603 2222 732 2303 Γελῷος.

160 2328 260 2394 Iurat
293 2327 404 2394 eadem
438 2348 532 2413 opera
569 2327 636 2392 taos
671 2326 826 2406 ποίοοργον
856 2325 1058 2397 historiolam
1087 2330 1121 2392 in
1151 2327 1212 2393 hoo
1242 2328 1311 2412 ipso

117 2432 273 2520 Stephani
294 2434 363 2500 loco
385 2433 538 2499 mendosa
556 2433 691 2500 lectione
710 2435 910 2501 obscuratam
931 2432 1087 2518 expedire.
1109 2431 1182 2498 Duo
1197 2432 1311 2498 fratres

116 2542 221 2606 nescio
251 2560 314 2625 qua
344 2539 382 2605 de
412 2560 447 2605 re
477 2538 642 2606 oraculum
672 2539 866 2626 Delphicum
898 2538 1095 2606 consuluisse
1125 2544 1309 2622 narrantur,

118 2647 172 2722 rba
200 2645 233 2711 δὲ
257 2644 372 2710 Πυθίου
395 2645 477 2712 οὐδὲν
500 2646 566 2724 περὶ
592 2644 710 2710 ἐκείνων
732 2644 888 2734 λίγουοοον
911 2644 1094 2726 προςοίοοονν
1117 2647 1170 2709 τὸν
1192 2642 1310 2710 Λοίκνον

117 2753 189 2833 πρὸς
221 2751 381 2825 οίνοιπολοὶς
414 2751 501 2827 νίλίου
535 2759 633 2818 πλεῖν.
665 2757 719 2818 ποῦ
753 2752 779 2818 δ’
812 2753 1008 2834 Ἀντιφήμου
1036 2749 1231 2831 γελάσαντος
1256 2751 1312 2824 πίον

117 2858 233 2924 Πυίίοον
265 2859 361 2924 εἰπεῖν
392 2855 488 2922 ποίλον
523 2856 611 2942 ,ἐφ’
645 2857 756 2933 ἡλίου
787 2859 991 2938 δυομῶν,”
1020 2856 1072 2924 sat
1097 2855 1199 2920 Γέλοον
1223 2853 1312 2919 πίλου

117 2965 240 3031 ciuicas.
278 2964 327 3030 Ne
350 2963 471 3050 Pythia
493 2965 628 3048 ineptire
649 2969 681 3029 et
700 2964 783 3030 nihil
804 2965 907 3029 dicere
926 2965 1075 3030 rideatur
1093 2964 1139 3027 ite
1157 2961 1309 3026 rescribe:

117 3069 173 3146 τὴν
207 3070 323 3136 notter
354 3070 457 3144 οίπείν.Ι
479 3069 593 3135 ποίλνν·
625 3079 698 3149 „ct
724 3078 781 3136 ΔΕ
804 3070 856 3152 ἐφ’
881 3069 966 3145 ἡλίου
990 3071 1110 3148 δυσμῶν
1134 3067 1185 3132 xci
1210 3065 1311 3131 Γέλοον

117 3172 207 3241 πίλου
231 3174 372 3242 οίκίοου.”
417 3174 575 3247 Fabulam
598 3173 636 3241 de
659 3195 748 3240 more
770 3176 893 3262 peperit
917 3173 1114 3263 etymologia
1137 3172 1281 3238 absurda

163 3281 289 3349 Iterum
321 3284 357 3351 in
390 3281 501 3356 eadem
536 3301 569 3347 re
604 3282 722 3348 erravit
757 3281 936 3368 Stephanus
967 3303 1068 3369 quum
1097 3277 1248 3345 scriberet
1277 3299 1310 3346 υ.

113 3388 222 3464 ”Acce
256 3393 322 3454 -πο
358 3387 481 3453 ructata
511 3386 628 3460 ”Atace
664 3395 795 3453 xttl‘lc
830 3396 920 3452 ΤΟΥ
952 3397 976 3452 1.
1013 3385 1048 3452 πὸ
1079 3385 1109 3450 δὲ
1140 3384 1248 3459 δηλοῦν
1275 3384 1310 3448 τὸ

118 3493 294 3574 οίζοίμνον
329 3496 576 3575 ποοπεροοποῖποοο
615 3492 666 3558 acl
703 3489 770 3573 ἔχει
805 3491 840 3557 πὸ
875 3502 889 3557 1
924 3492 958 3558 ἐκ
993 3499 1049 3566 πῆς
1085 3492 1169 3573 tenir.
1217 3485 1312 3556 Certa

118 3600 207 3664 enim
238 3599 385 3688 analogia
416 3603 455 3664 ut
486 3620 525 3665 ex
552 3603 618 3672 Κῶς
643 3598 724 3679 Κῷος
748 3599 794 3664 sic
818 3619 857 3664 ex
875 3597 977 3670 ”Ater
1000 3595 1159 3661 formabat
1181 3595 1311 3678 Ἀίῷος,

118 3708 153 3771 et
184 3704 353 3772 discrimen
381 3707 465 3771 inter
490 3704 606 3778 ”Atace
631 3708 664 3769 et
687 3703 780 3785 ἀθῷος
804 3722 931 3769 mamm
955 3703 1003 3768 est
1025 3701 1311 3788 grammaticorum

121 3815 352 3878 commentum.

422 4055 562 4122 Nomina
582 4057 618 4121 in
643 4061 746 4120 -e1A
770 4050 888 4119 ultima
912 4053 1010 4121 brevi.

170 4229 245 4300 Fere
268 4237 447 4302 constanter
470 4238 506 4300 in
527 4245 603 4302 -1A
627 4235 859 4323 depravantur,
883 4238 922 4299 ut
943 4231 1106 4314 οίκοοδνμίοι
1131 4254 1187 4319 pro
1211 4232 1312 4300 Ἀκο-

120 4338 243 4418 timec.
276 4339 468 4424 [Emendate
490 4343 594 4431 igitur
616 4341 733 4428 ubique
757 4338 1009 4426 rescribendum:
