3086 4968
679 255 744 326 513

112 448 283 532 τραπεύειν,
315 470 371 536 pro
403 447 641 531 λιποςριῖπιοΝ.
690 449 852 516 Herodoto
883 448 1000 516 licebat
1033 449 1137 515 dicere
1170 450 1206 518 V.
1243 450 1297 522 27.

111 557 180 630 τοὺς
211 557 268 633 μὲν
299 556 518 637 λιποςρατῖΗΟ
548 556 599 621 ε’πῖ
633 555 754 628 Σκύθαις
785 557 982 640 αἰτιώμενος,
1014 555 1068 620 sed
1104 577 1167 621 non
1200 558 1298 624 Athe·

111 664 282 730 aiensibus.

156 879 236 967 Pag.
271 877 348 943 569.
381 876 435 945 28.
467 876 629 955 κεκθμιςαι
659 877 751 960 χάριν
776 881 810 944 οὐ
834 878 923 959 μόνον
946 876 984 945 ὧν
1008 879 1101 953 αὐτὸς
1124 878 1297 962 λελειτούρ-

112 1009 189 1063 γκκε
213 991 406 1066 λειτουργιῶν
429 981 521 1060 αξῖαν
544 987 653 1066 (μικροὶ
675 986 737 1066 γαρ
761 982 841 1061 αὕτη
861 984 901 1063 μέ
920 1010 966 1058 τις
989 984 1035 1073 ἦν)
1057 985 1145 1050 οῖλλδι
1165 987 1217 1050 καὶ
1238 993 1297 1053 τοῖν

111 1091 259 1170 μενῖςιον.
306 1091 386 1179 Leg.
409 1090 504 1171 μικροὶ
527 1089 591 1172 γὰρ
611 1089 687 1157 ”AN
711 1088 790 1166 αὕτη
814 1092 855 1170 γέ
878 1115 925 1165 τις
949 1088 993 1166 ἦν.

156 1300 237 1388 Peg.
258 1296 334 1366 570.
363 1298 414 1364 16.
440 1297 557 1380 ἥρπασε
589 1310 712 1369 πλεῖν
743 1301 877 1377 ἢπέντε
898 1298 1056 1367 τάλαντα.
1108 1302 1297 1368 Rectissime

113 1408 156 1472 sio
179 1407 324 1472 Dindorf.
348 1427 405 1491 pro
428 1414 546 1474 πλεῖον.
593 1405 781 1474 Constanter
803 1410 848 1473 sie
872 1408 1018 1473 dicebant
1039 1409 1142 1474 Attiei
1165 1414 1255 1472 πλεῖν
1278 1407 1296 1483 ἢ

112 1516 140 1578 si
161 1532 314 1579 numerus
337 1517 536 1598 sequeretur,
560 1519 598 1579 ut
618 1513 701 1599 apud
724 1513 986 1598 Aristophanem:

462 1629 552 1685 πλεῖν
577 1620 593 1696 ἢ
619 1618 766 1700 τριάκονθ’
790 1619 904 1699 ἡμέρας

463 1730 517 1790 τοῦ
541 1728 632 1804 μννδς
651 1723 779 1796 Ιἓκιέςοιι.

155 1831 329 1896 Rarissime
352 1839 442 1897 πλεῖν
467 1853 505 1897 ex
529 1833 704 1898 acribarum
727 1833 876 1898 manibus
896 1831 1043 1896 illaesum
1068 1835 1180 1898 evasit.
1215 1831 1298 1898 Sub·

111 1940 250 2002 stituunt
273 1937 366 2002 πλέον
389 1936 442 2004 vel
465 1947 569 2003 πλεῖον
593 1939 646 2004 vel
669 1947 796 2007 πλεῖςον
819 1937 872 2003 vel
895 1938 1002 2002 πλεῖον.
1048 1937 1222 2022 Postquam
1253 1958 1299 2003 se-

110 2044 176 2108 mel
215 2043 337 2129 liquido
380 2045 524 2109 constitit
569 2044 816 2111 Demosthenem
857 2064 999 2128 quoque,
1033 2047 1070 2106 ut
1105 2044 1297 2127 antiquiores

111 2169 238 2227 omnes,
263 2158 352 2214 πλεῖν
376 2149 392 2225 ἦ
414 2150 545 2235 dixisse,
565 2150 738 2217 debuerant
757 2150 903 2216 Editores
922 2150 1003 2214 hano
1021 2149 1158 2214 formam
1179 2149 1298 2233 ubique

110 2256 221 2321 invitis
243 2254 335 2320 libris
357 2257 532 2321 restituere.
569 2255 712 2323 Dindort.
737 2256 777 2322 ad
800 2277 874 2343 pag.
897 2253 970 2320 503.
996 2252 1048 2320 18.
1070 2256 1190 2340 optime
1209 2254 1297 2320 dedit

110 2368 230 2424 πλεῖν
266 2362 283 2437 ἢ
317 2357 406 2436 ἅπαξ
437 2381 493 2447 pro
525 2362 631 2441 πλέον,
667 2371 789 2442 πλεῖον,
827 2369 969 2440 πλεῖςον,
1001 2366 1033 2426 et
1063 2358 1184 2426 multos
1213 2359 1298 2426 loeos

108 2467 264 2533 indicavit
294 2466 404 2532 eodem
427 2469 567 2534 remedio
590 2468 780 2556 indigentes.
828 2469 940 2534 Evasit
963 2476 1052 2534 πλεῖν
1077 2467 1094 2543 ἢ
1119 2467 1239 2548 μυρίους
1264 2469 1298 2531 in

110 2576 232 2658 optimo
254 2571 276 2636 S
297 2593 369 2660 pag.
396 2572 472 2638 413.
496 2573 527 2639 2.
550 2575 605 2640 sed
627 2574 741 2640 multis
765 2574 838 2640 aliis
861 2573 938 2640 loeis
961 2578 1054 2639 vetus
1075 2593 1160 2639 error
1178 2574 1297 2639 haeret.

109 2678 318 2745 scribendum
348 2681 451 2768 igitur
479 2702 553 2768 pag.
587 2678 662 2747 174.
696 2680 725 2745 2.
760 2688 850 2745 πλεῖν
880 2682 954 2766 (non
976 2677 1088 2757 πλεῖαι)
1111 2679 1137 2742 δ’
1162 2678 1178 2753 ἢ
1203 2678 1297 2758 μύρια

108 2787 264 2850 ποέλαντα.
290 2805 362 2870 pag.
393 2783 469 2852 174.
495 2786 547 2851 11.
573 2793 663 2852 πλεῖν
690 2787 764 2874 (non
788 2784 898 2865 πλεῖοι)
923 2785 978 2861 μὲν
1003 2784 1019 2858 θ
1041 2785 1134 2863 χίλια
1156 2786 1192 2846 ut
1213 2783 1297 2867 apud

108 2893 353 2978 Aristophanem
376 2895 410 2957 in
433 2893 588 2958 Notitae:

289 2998 341 3062 καὶ
365 3002 454 3063 τοῦτο
476 3006 567 3063 πλεῖν
590 2997 607 3073 ἢ
631 2997 742 3078 μυρίων
765 2998 810 3065 ἐπ’
833 2995 916 3076 ἄξιον
940 2995 1077 3075 ςατθρων

290 3105 465 3186 αἱρούμενον
488 3105 559 3176 τοὺς
583 3103 712 3182 ἥττονας
736 3102 847 3182 λόγους
872 3103 982 3168 ἔπειτα
1006 3104 1101 3166 νικῖιν.

152 3315 234 3402 Pag.
272 3310 347 3381 572.
385 3313 415 3376 5.
452 3315 542 3377 τοῦτο
576 3311 639 3393 γάρ
676 3313 736 3379 ἐσθ’
767 3311 781 3378 ὃ
812 3312 987 3397 φυλάττειν
1019 3314 1101 3392 ὑμαῖς
1134 3310 1195 3389 δεῖ,
1228 3312 1298 3385 τοὺς

108 3421 232 3501 νόμους,
264 3424 315 3485 τὸν
347 3416 428 3500 θρκον
472 3421 563 3483 ταῦτ’
592 3416 674 3498 ἔχεθ’
699 3420 785 3497 ὑμεῖς
809 3421 835 3483 οἱ
859 3418 1031 3501 δικάζοντες
1054 3417 1103 3483 θεῖ
1129 3417 1214 3499 παροδ
1239 3423 1296 3483 τῖον

107 3528 212 3594 ἄλλων
237 3526 362 3606 ὡσπερεὶ
388 3525 662 3606 παρακαταθήκην.
700 3525 784 3606 Quid
806 3527 868 3592 sibi
891 3524 964 3591 vult
982 3523 1049 3590 aiei?
1070 3525 1138 3605 Quo
1156 3523 1296 3610 spectat?

107 3637 158 3700 An
190 3633 229 3699 ad
261 3630 373 3711 ἔχετεῖ
419 3630 481 3697 Sed
510 3634 617 3717 inepte
648 3632 829 3698 abundabit.
879 3632 1007 3718 Repone
1032 3633 1135 3719 igitur
1159 3631 1246 3708 ὑμεῖς
1269 3633 1295 3696 οἱ

107 3744 189 3807 ’ΛΕΙ
216 3736 401 3818 δικάζοντες.
449 3739 608 3823 Frequens
631 3739 750 3804 vitium
773 3742 806 3803 et
828 3758 921 3823 saepe
945 3759 963 3803 a
986 3738 1077 3804 nobis
1099 3740 1257 3801 notatum.

154 3845 230 3911 Sine
252 3847 333 3911 vitio
350 3843 472 3933 legitur
490 3866 564 3932 pag.
590 3842 665 3913 577.
688 3842 742 3909 10.
762 3842 890 3923 βλέπων
909 3845 952 3916 εἰς
973 3845 1024 3909 τδν
1043 3842 1091 3907 ee
1111 3841 1295 3922 θορυβοῦντα
1340 3887 1343 3894 ι

107 3949 201 4018 τθπον
232 3955 287 4023 τῖς
320 3952 496 4025 ἐκκλησίας.
531 3953 569 4016 ef.
597 3973 671 4039 pag.
698 3948 773 4018 773.
799 3949 830 4014 2.
856 3951 869 4015 θ
894 3949 942 4014 αεὶ
967 3947 1098 4029 δικθζειν
1122 3949 1242 4028 λαχών.
1266 3955 1298 4016 et

106 4081 180 4147 pag.
208 4055 284 4126 777.
310 4055 341 4123 7.

154 4272 237 4358 Peg.
274 4264 350 4335 572.
384 4264 415 4334 7.
447 4259 480 4340 ἣν
511 4263 630 4334 θπασιν
649 4306 690 4316 -
708 4266 788 4350 aaa
816 4265 968 4347 ὑπάρχειν
991 4265 1045 4330 δεῖ.
1092 4267 1300 4332 Athenienses

111 4380 258 4447 dicebant
282 4376 296 4441 θ
320 4381 395 4456 τοῖς,
423 4377 438 4451 ἡ
464 4380 539 4452 τοῖς,
564 4377 598 4440 τὸ
623 4380 695 4459 τῶν,
719 4377 756 4439 ut
779 4373 863 4459 apud
887 4372 1071 4438 Oomieum:

1127 4482 1160 4526 3³
