3026 4970
646 284 710 360 267

650 589 704 656 VI.

574 800 791 867 ’effusam

138 1009 247 1076 Tribus
277 1012 311 1074 in
341 1009 484 1076 Homero
517 1010 595 1076 locis
625 1012 790 1077 Bekkerus
821 1012 921 1078 edidit
955 1012 1065 1078 ἔενδεν.
1111 1011 1204 1080 Iliad.
1241 1022 1274 1081 Ξ.

102 1114 168 1180 340.
190 1122 221 1182 61
244 1129 277 1182 Ρ.
303 1114 380 1182 647.
406 1124 438 1182 61
462 1117 572 1204 Odyss.
601 1130 638 1184 ss.
665 1117 719 1184 28.

410 1267 414 1276 ·
450 1227 518 1290 ἐπεί
541 1225 575 1289 νύ
599 1248 644 1290 τοι
669 1223 769 1290 ἔεσιδεν
792 1227 872 1302 εὐνή.

452 1331 520 1396 ἐπεί
544 1332 576 1396 νύ
601 1355 645 1396 τοι
670 1330 771 1397 ἔεσςδεν
795 1329 898 1404 οὕτως.

450 1432 488 1510 ὦς
512 1437 575 1517 γάρ
598 1440 631 1502 νύ
656 1461 700 1502 σον
725 1437 808 1503 ἔενδε
832 1439 927 1520 θυμῷ.

98 1551 131 1606 ut
157 1563 211 1628 pro
240 1543 393 1608 tribrachi
420 1548 468 1608 ter
498 1543 645 1630 dactylus
676 1550 846 1630 reponatur
877 1546 1041 1632 geminato
1077 1547 1275 1634 digammate

99 1650 289 1714 scribendum
313 1648 444 1727 ἔπνδεν,
470 1651 551 1715 unde
574 1649 684 1714 εὔαδεν
704 1656 810 1716 ortum
831 1657 895 1727 eat,
918 1657 955 1716 ut
974 1649 1126 1727 καυάξαις
1147 1673 1185 1718 ex
1206 1677 1276 1718 καε-

97 1752 194 1828 rddere
221 1754 427 1833 616ὐὲρνσ6ν
450 1777 506 1841 pro
530 1755 689 1836 ἀπέρυσνν
714 1758 897 1838 6166169466
922 1779 978 1842 pro
1003 1759 1158 1836 σὶεείσχσι,
1187 1761 1275 1822 simi·

96 1857 194 1944 lisque
217 1861 390 1946 complura.
438 1863 533 1948 Apud
556 1861 756 1950 Hesychium
779 1869 851 1949 post
874 1866 1009 1945 Αὐΐνχον
1034 1864 1170 1950 legitur:

405 1968 569 2034 Αὐϊδέτσνε
595 1970 751 2050 ἀφανοῦς,
777 1969 929 2048 ἀοράτου.-

97 2071 173 2135 nihil
201 2073 290 2140 aliud
322 2079 370 2140 est
400 2095 496 2160 quam
525 2076 691 2154 sterticen,
726 2077 810 2161 quod
839 2078 1014 2144 formatum
1038 2081 1145 2142 estut
1168 2073 1274 2156 ἀλάμ-

98 2200 193 2252 recor.

647 2497 716 2572 VII.

293 2719 408 2781 utun
433 2753 474 2763 -
501 2724 688 2796 6661661,
715 2724 871 2797 crece,
898 2721 1068 2786 renem.

135 2921 307 3011 Digamma
338 2948 438 3011 quum
469 2929 513 2992 sit
542 2930 643 2992 littera
665 2927 782 3013 liquida
805 2930 906 2994 mutis
930 2929 1122 3014 quibusdam
1146 2925 1275 2992 subiun-

91 3030 188 3114 gitur.
234 3033 327 3117 Apud
359 3032 538 3099 Homerum
571 3035 700 3119 quidem
732 3038 766 3099 in
798 3035 921 3100 duobus
951 3039 1077 3100 tentum
1110 3031 1275 3100 vocabulis

89 3131 210 3218 liquido
233 3145 362 3224 apparet
385 3140 549 3228 digamma
572 3140 683 3206 literae
708 3151 735 3204 Δ
758 3142 854 3206 fuisse
874 3143 1088 3206 subiunctum.
1125 3139 1275 3202 Primum

89 3240 123 3303 in
147 3252 280 3321 AFHN,
303 3246 386 3328 quod
406 3246 513 3330 ubique
534 3249 599 3312 sinc
615 3245 683 3310 ulla
698 3249 881 3331 exceptione
894 3248 1132 3312 antecedentem
1143 3246 1274 3311 brevem

87 3349 242 3429 positione
264 3352 424 3435 producit,
449 3357 486 3416 ut
508 3354 542 3415 in

426 3457 553 3535 μίνυνθά
577 3481 634 3537 περ
656 3457 720 3524 οὔτι
745 3459 839 3534 μάλα
863 3457 938 3534 δεήν.

130 3571 172 3627 A.
197 3561 273 3630 416.
297 3572 339 3629 N.
366 3561 441 3630 573.
466 3589 503 3646 χ.
529 3563 594 3630 473
619 3570 651 3630 61

516 3671 576 3736 οὐδ’
602 3670 649 3748 ἄρ’
674 3670 714 3735 ἕνν
740 3671 815 3746 irin.

131 3785 169 3840 Ζ.
196 3776 268 3842 139.
296 3787 322 3841 Θ
362 3776 436 3842 126.
462 3788 503 3843 Ψ.
528 3775 603 3842 690.
629 3777 663 3855 β.
691 3776 742 3842 36.
769 3775 845 3841 296.
872 3773 946 3841 397.
974 3800 998 3857 ρ.
1025 3774 1078 3842 72.
1102 3780 1134 3841 61
1157 3776 1217 3841 οὐδ’
1239 3774 1276 3842 διν

84 3879 129 3946 ἔτι
157 3882 222 3958 driu
246 3895 284 3948 T.
310 3881 386 3948 426.
408 3890 439 3949 61
459 3883 538 3948 οὔτοι
558 3881 601 3947 ἔτι
622 3884 696 3956 δεῆν.
719 3883 981 3958 6166616666.
1003 3882 1078 3950 736.
1100 3888 1132 3947 61
1152 3907 1176 3948 ε.
1200 3882 1274 3952 127.

129 3989 282 4055 Alterum
310 3990 493 4074 exemplum
527 4007 552 4053 Δ
587 3993 619 4054 61
648 3999 675 4055 F
705 3992 944 4055 coniunctorum
978 3991 1082 4053 estin
1105 3989 1276 4056 Homerico

82 4097 185 4162 verbo
216 4097 322 4162 δείδια.
370 4095 573 4161 scribebatur
604 4094 683 4161 olim
709 4095 858 4172 ἔδδεισεν,
892 4096 1089 4171 ὑποδδείσαις,
1115 4095 1219 4168 ἀδδεές
1245 4103 1276 4161 61

82 4202 219 4268 similia.
255 4203 457 4268 Aristarchus
480 4205 514 4266 in
534 4203 584 4266 his
602 4223 703 4266 unum
723 4207 850 4267 tantum
873 4212 900 4265 Δ
924 4202 1090 4267 scrihebat.
1127 4201 1277 4268 Scholion

82 4311 123 4376 ad
149 4320 193 4374 Θ.
220 4307 295 4373 423.
319 4309 434 4381 ἀδεὲς
460 4307 498 4373 δι’
526 4309 642 4380 ἑνδςΔ
662 4308 855 4389 Ἀρίςνρχνς.
881 4313 913 4373 61
937 4308 976 4373 ad
1001 4318 1038 4373 0.
1067 4306 1141 4372 123.
1173 4333 1277 4390 περν-

82 4415 265 4482 estem
295 4415 345 4481 δνσὶ
368 4419 421 4481 τοῦ
447 4415 545 4495 ἑτέρον
570 4430 596 4478 Δ
623 4415 826 4496 Ἀρίςνιρχσς,
851 4415 1020 4480 6166111.
1047 4411 1122 4479 417.
1147 4414 1198 4480 διὰ
1222 4419 1276 4480 τοῦ
