3080 4972
770 229 805 281 VI

194 430 258 500 huc
288 432 353 498 fere
383 451 437 498 me
467 451 505 498 ea
527 452 598 518 spes
620 432 735 499 fefellit
757 437 856 500 etiam
879 437 913 500 in
934 437 992 520 iis,
1016 455 1094 520 quos
1116 456 1245 502 mecum
1268 435 1386 501 sentire

194 558 273 623 satis
302 553 452 621 sciebam.
498 553 610 640 ltaque
641 555 745 622 adhue
776 559 894 643 scripta
923 557 1148 624 Demosthenis
1179 562 1211 622 et
1242 556 1387 622 Platonis

196 677 329 744 trahunt
358 698 480 748 secum,
509 681 547 742 ut
569 681 679 755 antea,
703 680 868 766 ingentem
891 682 1072 765 ineptarum
1093 678 1268 745 lectionum
1290 678 1387 744 farra-

195 803 324 890 ginem,
355 821 435 885 quae
456 797 585 864 nullum
608 820 705 865 usum
726 800 845 867 habent
868 807 925 867 aut
947 823 1088 888 unquam
1111 801 1278 867 habiturae
1301 805 1384 866 suut.

193 921 285 1003 Quod
315 923 344 988 si
374 941 468 987 nemo
498 919 647 987 inducere
678 924 713 985 in
746 924 891 988 animum
921 925 1039 1009 poterit
1068 920 1237 988 Platonem
1257 942 1297 986 ex
1319 919 1386 986 solo

193 1042 366 1110 Bodleiano
397 1048 429 1108 et
459 1042 604 1107 Parisino
636 1043 682 1121 A,
705 1042 954 1110 Demosthenem
979 1065 1018 1110 ex
1041 1042 1108 1110 solo
1131 1043 1275 1108 Parisino
1300 1040 1323 1107 S
1346 1041 1386 1108 ad

194 1163 366 1230 editionem
395 1184 524 1250 parare,
557 1166 708 1230 assumtis
738 1186 776 1230 ex
798 1163 922 1251 reliqua
945 1161 1099 1232 Godiaum
1124 1162 1317 1250 supellectili
1344 1164 1386 1228 iis

193 1290 321 1351 tantum
348 1283 557 1363 lectionibus,
591 1305 671 1370 quae
702 1291 758 1350 aut
780 1307 873 1354 verae
896 1289 961 1353 sint
984 1285 1203 1371 autaliquem
1226 1287 1295 1352 veri
1317 1304 1385 1370 spe

194 1409 276 1473 ciam
306 1406 493 1492 praebeant,
527 1407 555 1470 si
584 1406 636 1482 id,
660 1408 810 1491 inquam,
833 1428 928 1474 nemo
948 1408 1050 1474 facere
1073 1407 1260 1484 sustinebit,
1286 1408 1384 1471 etiam

193 1530 238 1595 sic
269 1549 344 1593 cum
375 1526 589 1592 celeberrimis
619 1529 825 1612 scriptoribus
854 1528 1013 1614 praeclare
1044 1534 1152 1594 aetum
1176 1530 1237 1593 erit
1261 1529 1288 1593 si
1310 1526 1384 1593 reli·

193 1670 330 1737 quorum
361 1649 507 1714 omnium
539 1644 695 1715 (lodicum
727 1650 900 1734 scripturae
931 1651 1137 1727 abiicientur,
1168 1672 1244 1736 quae
1266 1649 1384 1735 quidem

193 1771 354 1858 remiseris
375 1770 486 1856 fabae
515 1777 544 1834 et
573 1770 721 1834 waardae
750 1770 821 1835 siet.
877 1771 987 1837 Facito
1010 1773 1093 1838 mihi
1117 1773 1243 1839 iuvenis
1268 1770 1384 1856 aliquis

193 1898 306 1960 acutus
337 1896 369 1958 ot
399 1893 582 1979 ingeniosus
603 1890 657 1957 vel
680 1894 714 1955 in
737 1891 871 1958 Platone
894 1893 1002 1959 rolin
1026 1893 1238 1960 Demosthene
1260 1893 1384 1979 pericu-

192 2013 280 2080 lum:
311 2011 436 2096 videbit
462 2013 508 2076 sic
530 2010 796 2081 innumerabilem
818 2015 1014 2079 variantium
1036 2012 1208 2081 lectionum
1233 2014 1384 2081 multitu·

193 2134 301 2200 dinem
330 2105 496 2217 temquam
528 2132 672 2198 tenebras
703 2131 768 2198 sole
791 2139 899 2198 exorto
922 2137 1070 2200 continuo
1093 2135 1218 2223 fugari,
1241 2157 1298 2202 nec
1321 2138 1383 2202 nisi

191 2255 401 2343 paucissimas
424 2250 577 2338 quasdam
599 2273 779 2330 remanere,
803 2274 938 2339 quarum
963 2256 1044 2321 bone
1066 2277 1139 2342 pars
1158 2278 1192 2322 re
1213 2256 1384 2345 diligenter

191 2377 388 2446 considerate
418 2380 450 2441 et
479 2377 549 2460 ipss
579 2373 704 2442 inutilis
738 2395 806 2446 esse
840 2382 1001 2465 urguetur.
1056 2378 1206 2444 Primum
1236 2381 1382 2446 omnium

191 2498 431 2588 repudiabimus
462 2516 581 2562 errores
611 2515 720 2562 omncs
742 2497 1011 2586 orthographioos.
1059 2501 1211 2580 Μυριάκις
1234 2502 1269 2565 in
1291 2499 1383 2568 libris

189 2621 340 2688 omuibus
372 2620 503 2708 optimis
532 2619 679 2704 pessimis
711 2621 795 2684 inter
826 2640 859 2686 ss
886 2619 1000 2688 stolide
1024 2621 1259 2690 confunduntur
1282 2631 1326 2690 ΑΙ
1351 2627 1382 2692 ot

195 2750 235 2818 e,
267 2750 296 2808 Η
328 2746 360 2808 et
387 2750 419 2825 1,
444 2748 488 2806 HI
513 2744 545 2806 et
570 2748 608 2807 ΕΙ
633 2746 665 2806 et
688 2751 721 2820 1,
747 2751 790 2808 01
814 2745 848 2808 et
871 2750 896 2806 T
922 2747 1030 2812 contra
1052 2741 1115 2810 loci
1137 2745 1327 2810 sententiam
1351 2747 1383 2810 et

189 2867 314 2930 certum
345 2859 536 2930 Graecitatis
558 2883 663 2930 usum.
710 2861 878 2948 Nusquam
900 2869 948 2930 est
971 2864 1069 2932 dubie
1093 2867 1198 2950 optio,
1223 2870 1271 2934 est
1294 2867 1382 2934 onim

188 2984 312 3071 aliquid
342 2986 426 3051 inter
456 2981 591 3058 ἐπέτειος
624 2989 657 3050 et
687 2983 845 3061 ductrice,
880 2988 970 3058 κυνᾶς
998 2991 1031 3053 ot
1054 2986 1174 3072 uuerde,
1200 2986 1326 3056 corteto
1350 2991 1383 3052 et

191 3105 321 3192 nostrai,
353 3104 436 3172 ἔλεον
468 3111 501 3174 et
532 3103 650 3184 staro,
683 3103 790 3186 ripaue
813 3111 846 3174 et
870 3105 984 3188 ᾔρηκα,
1011 3107 1066 3174 sed
1089 3109 1265 3192 scribarum
1287 3129 1382 3176 nemo

188 3228 224 3296 id
255 3233 311 3295 aut
341 3229 433 3295 novit
464 3231 520 3293 aut
551 3233 651 3295 curat.
698 3225 785 3294 Satis
815 3227 1037 3296 huiuscemodi
1060 3251 1203 3298 errorum
1227 3233 1323 3296 etiam
1348 3232 1382 3295 in

187 3351 459 3438 praestantissimo
483 3368 607 3434 quoque
629 3347 712 3416 libro
737 3354 899 3434 comparet
921 3354 959 3414 ut
980 3371 1076 3419 nemo
1098 3354 1218 3420 nesciet
1241 3353 1291 3417 sui
1314 3371 1381 3418 ease

188 3471 313 3540 arbitrii
343 3472 535 3538 constituero
565 3473 638 3537 utre
669 3471 711 3534 sit
738 3470 856 3555 ubique
880 3471 1035 3557 scriptura
1057 3475 1170 3560 potior.
1216 3472 1264 3542 Da
1286 3472 1379 3538 indu·

187 3594 266 3660 atris
287 3592 322 3658 id
344 3595 379 3658 in
401 3590 566 3660 Strabonis
588 3589 680 3657 libris
704 3595 736 3655 et
758 3592 884 3676 scriptis
907 3595 940 3658 et
959 3593 1057 3660 oditis
1081 3594 1378 3662 domonstravimus

232 3711 439 3800 Expellomus
463 3711 575 3780 deinde
596 3711 712 3780 menda
731 3714 838 3778 omnia
859 3733 877 3777 e
896 3710 1063 3783 Graeculis
1084 3717 1255 3786 commisse
1273 3721 1382 3782 contro

187 3841 307 3904 certam
337 3839 370 3904 et
397 3832 595 3919 exploratam
624 3834 750 3901 Atticae
774 3831 903 3900 dialecti
925 3837 1198 3906 consuetudinem.
1248 3837 1380 3904 Oonstat

183 3959 338 4027 secundas
367 3975 514 4042 personas
545 3956 716 4026 verborum
747 3956 782 4020 in
814 3990 833 4004 -
847 3979 920 4035 opas
944 3958 978 4024 in
1004 3993 1023 4008 -
1038 3968 1077 4026 el
1103 3961 1204 4028 exire.
1230 3931 1400 4042 Graeculi¹

184 4078 294 4148 sedulo
325 4100 421 4148 suum
453 4115 473 4132 -
486 4087 530 4144 HI
560 4077 614 4146 vel
645 4087 673 4144 H
704 4079 885 4146 inferciunt.
931 4077 968 4146 lu
998 4079 1142 4148 Plutonis
1174 4080 1321 4152 Parisino
1349 4083 1379 4148 A

185 4205 254 4272 ridi
289 4205 429 4290 primam
464 4221 598 4268 manum
624 4201 701 4286 fere
735 4207 905 4270 constanter
935 4199 1057 4269 dedisse
1087 4204 1256 4286 deceptori,
1288 4203 1377 4281 riost,

181 4326 401 4410 ἆκριβολογεῒ,
434 4327 520 4404 ἡγεῖ,
553 4323 681 4408 διανοεῖ,
711 4324 839 4406 χρήσει,
870 4321 1053 4404 repudiis,
1086 4323 1140 4390 sed
1172 4326 1280 4412 eoique
1311 4344 1380 4392 cor·
