3034 4968
283 1037 340 1110 os
363 1035 555 1111 seorsus
580 1033 888 1114 suriourssrnr
914 1035 1079 1112 conius

366 1167 601 1261 srassoris
625 1185 775 1260 uorsa
800 1185 1023 1262 naerens.

540 1503 819 1536 *—

136 1781 322 1868 Nuperrime
353 1801 448 1866 prope
475 1779 613 1844 Romam
635 1783 760 1863 reperta
782 1783 857 1846 sunt
880 1778 958 1845 folia
981 1779 1136 1864 quaedam
1160 1780 1275 1866 palim-

98 1893 192 1980 psesta
212 1889 394 1974 perantiqui
418 1882 543 1962 Codicie
565 1883 767 1953 Straboniam'
790 1885 908 1952 litteris
931 1885 1111 1951 uncialibus
1135 1889 1274 1964 exarati,

97 1992 130 2058 de
156 2015 215 2079 quo
243 1991 397 2063 nonnulla
425 1991 538 2060 retulit
569 2007 723 2059 emerere
755 2008 854 2056 conns
881 1991 1058 2060 monachus
1094 1991 1275 2058 Basilianus

96 2099 126 2162 in
145 2098 251 2166 libello
273 2101 426 2184 inscripto
452 2097 556 2174 „Delt’
580 2096 679 2163 actico
706 2098 809 2162 Codice
833 2099 914 2162 dello
936 2097 1122 2180 Geopraphc'c
1140 2099 1174 2162 di
1193 2098 1274 2164 Stro-

96 2206 159 2283 boce
179 2213 306 2292 cooperto
329 2205 380 2268 aci
405 2203 574 2271 Batonem
597 2203 677 2268 della
701 2204 801 2268 Rodia
824 2205 858 2268 ἀν’
884 2202 1134 2289 Grottafcrrcta.''
1159 2203 1274 2270 Perve-

94 2313 137 2376 nit
158 2314 190 2376 in
212 2333 301 2393 meae
324 2331 438 2378 manus
460 2308 591 2391 libellus
615 2329 716 2394 quum
739 2316 825 2376 totus
848 2330 950 2376 essem
973 2313 1007 2374 in
1030 2308 1193 2378 Strabonis
1212 2310 1273 2378 lec-

94 2419 171 2487 tione
200 2425 233 2484 et
263 2417 498 2497 emendatione,
531 2420 563 2481 et
590 2436 664 2481 sene
696 2437 849 2503 magnam
878 2417 961 2482 mihi
989 2418 1092 2481 movit
1115 2420 1273 2500 exspecta·

93 2524 221 2602 tionem,
246 2524 301 2592 scd
325 2523 443 2606 (dicam
468 2523 554 2589 enim
577 2519 708 2588 candide
732 2527 764 2588 et
786 2521 885 2590 libere
908 2521 992 2607 quod
1016 2523 1130 2602 sentio)
1151 2542 1272 2609 magna

93 2648 140 2713 spe
162 2631 281 2708 excidi,
306 2621 444 2714 namque
467 2625 613 2707 ἄνθρακες
639 2630 711 2704 ἡμῖν
736 2628 749 2691 ὁ
775 2627 919 2708 θησαυρὸς
945 2627 1154 2706 ἀναπέφηνεν.

130 2736 285 2822 Equidem
314 2735 479 2800 Editorem
507 2749 660 2800 erasures
691 2750 791 2799 conss
822 2733 941 2797 bonum
964 2736 1071 2798 virum
1096 2739 1128 2798 et
1149 2734 1270 2799 bonum

91 2844 275 2908 monachum
306 2863 373 2908 esse
400 2841 513 2906 lubens
536 2839 644 2914 credo,
668 2838 722 2904 sed
745 2842 970 2904 immemorem
993 2860 1068 2904 eum
1089 2859 1155 2904 esse
1178 2839 1271 2905 video

91 2952 200 3015 veteris
223 2949 400 3035 proverbii:
481 2957 484 2961 “

264 3051 337 3135 ἕρδον
361 3076 407 3126 τις
432 3051 467 3128 ἣν
490 3048 599 3123 iacere
624 3050 714 3125 εἰδείη
738 3050 870 3132 τέχνην.

262 3184 347 3247 pacm
369 3143 493 3246 qoisqcc
515 3159 596 3223 norit
618 3165 709 3223 artene
731 3159 766 3222 ν’νν
789 3160 842 3222 bcc
864 3179 895 3222 sc
919 3166 1057 3232 coerceat.

127 3265 225 3332 Plane
255 3269 341 3332 enim
368 3269 473 3351 impar
496 3270 528 3330 at
550 3267 727 3350 imparatus
752 3265 892 3330 adhaec
927 3264 1034 3329 studia
1057 3266 1187 3330 accessit
1221 3264 1271 3350 (ut

87 3371 158 3437 olim
191 3391 374 3438 mussulam
403 3371 504 3437 illotis
534 3371 684 3437 manibus
715 3371 936 3456 Aristophanis
967 3367 1117 3436 Codicem
1148 3369 1271 3436 Raven-

86 3483 187 3544 natem
213 3477 444 3564 contrectavit),
467 3497 568 3562 neque
592 3481 719 3546 tentum
744 3475 864 3544 Graece
886 3478 1045 3542 nonsatis
1064 3478 1186 3562 peritus
1206 3483 1271 3557 est,

87 3585 136 3649 sed
168 3585 332 3651 iudicandi
361 3585 399 3650 dc
429 3583 481 3648 his
511 3584 606 3654 rebus
636 3583 823 3650 facultatem
852 3583 977 3650 nullam
1007 3582 1112 3648 habet.
1160 3583 1197 3647 In
1232 3585 1273 3650 iis

87 3711 161 3774 quae
184 3712 224 3756 ex
246 3712 310 3756 uno
334 3689 495 3774 alteroque
519 3689 596 3766 folio
619 3687 746 3758 Oodicie
769 3690 934 3775 descripsit
957 3709 1019 3754 non
1043 3694 1170 3754 tantum
1190 3691 1273 3756 nihil

87 3795 147 3863 iere
177 3803 226 3863 est
255 3797 339 3884 quod
370 3794 520 3861 Straboni
549 3798 668 3881 prosit,
699 3796 754 3862 sed
784 3795 900 3860 menda
931 3800 998 3860 tam
1022 3795 1127 3860 multa
1148 3801 1180 3862 et
1205 3803 1272 3863 tam

86 3905 189 3990 inepta
218 3905 329 3970 insunt
360 3908 397 3967 ut
419 3903 477 3968 tali
502 3902 623 3970 auxilio
647 3923 751 3968 carere
773 3904 816 3966 sit
838 3900 964 3967 melius.
1013 3901 1118 3986 Atque
1139 3903 1217 3969 haec
1240 3926 1274 3970 se

87 4011 116 4073 in
143 4009 250 4076 lucem
286 4010 378 4076 cdere
408 4010 520 4085 scribit
551 4006 675 4091 ‚ccco
694 4009 747 4075 dcl
769 4009 847 4075 clero
870 4007 899 4072 d'
923 4007 1019 4071 Italic
1041 4007 1068 4070 sc'
1091 4030 1272 4076 ccccorrcsae

87 4119 174 4181 ocche
205 4140 259 4182 coa
288 4122 391 4203 queste
417 4115 567 4196 riopolcre
595 4113 698 4185 accite
730 4115 793 4180 olla
812 4113 961 4197 prosaicae
984 4113 1174 4196 Espcac'cc'oae
1200 4117 1273 4181 Geo-

84 4223 223 4307 prcplcs'ca
252 4223 399 4286 moedicle
432 4221 466 4287 cr·
497 4218 633 4301 Pcripi.”
678 4219 716 4286 Si
747 4220 824 4306 quid
855 4219 906 4284 illi
937 4219 1111 4285 credimus:
1150 4230 1273 4307 „questo

85 4336 211 4412 cooperta
243 4326 335 4393 dcccci
366 4348 443 4391 ccccc
465 4327 598 4408 salutata
622 4347 699 4389 ccccc
721 4349 780 4391 νννο
804 4326 854 4392 ccc·
870 4324 929 4410 pict
954 4325 1049 4389 coeio·
1072 4327 1199 4411 ccqcca
1214 4352 1274 4412 pcc
