3034 4970
806 255 873 327 194

239 449 441 518 oculatorum
465 453 598 516 testium
621 459 678 517 aut
702 457 786 518 certe
809 473 828 517 a
848 454 1009 537 patribus,
1030 451 1087 536 qni
1103 449 1279 534 vidissent,
1298 453 1417 534 accepta.

242 554 450 623 Callisthenes
482 559 585 644 igitur
616 558 702 622 haud
734 559 829 622 dubie
861 558 938 623 haec
967 579 1005 622 ex
1028 556 1186 621 Herodoti
1210 557 1346 621 historiis
1366 575 1418 619 nou

242 667 404 730 nominato
427 671 554 729 anctore
577 666 610 727 in
634 663 756 728 librum
779 684 875 727 suum
899 663 1073 728 transtulit.

286 769 536 854 Nonnumquam
567 769 689 833 factum
719 774 766 833 est
789 775 828 832 ut
849 769 983 833 historia
1005 769 1044 832 ab
1070 767 1233 832 Herodoto
1256 769 1418 832 narratain

241 874 402 940 nonnullis
432 875 571 940 formam
601 879 742 938 mutaret
773 880 806 939 et
836 877 881 940 sic
910 896 1011 960 neque
1041 895 1118 939 vera
1145 870 1195 938 rei
1223 877 1304 939 ratio
1331 893 1417 956 neque

241 1001 335 1045 verus
359 986 468 1046 auctor
490 980 584 1045 facila
603 985 834 1066 agnosceretur.
883 978 1080 1064 Exemplum
1100 979 1184 1045 vide.
1234 977 1417 1045 Commemo

237 1091 292 1150 rat
323 1085 437 1152 Strabo
468 1107 541 1173 pag.
575 1084 651 1150 320.
698 1086 858 1171 Apollinis
888 1087 1054 1152 oraculum
1083 1086 1206 1152 editum
1231 1088 1272 1150 iis
1295 1087 1347 1169 qui
1366 1083 1420 1170 By·

243 1194 386 1255 zantium
419 1198 508 1257 erant
539 1193 714 1256 condituri:
747 1191 798 1257 τὸν
831 1191 1019 1258 Ἀπθλλωνά
1052 1199 1134 1271 φασι
1166 1199 1229 1262 τοῖς
1254 1189 1371 1255 κτίσασι
1391 1189 1419 1252 τὸ

242 1294 404 1374 Βυζοίντιον
448 1296 548 1376 ι’ίςερον
592 1299 676 1375 μετὰ
712 1299 767 1373 την
804 1300 861 1362 ὑπὸ
897 1297 1069 1378 Μεγαρέων
1105 1295 1303 1376 Καλχηδόνος
1336 1297 1420 1360 κτίσιν

242 1403 529 1485 χθθςηριαζομένοις
555 1401 726 1483 προστάξαι
751 1404 933 1477 ποιήσασθαι
958 1406 1013 1477 την
1036 1402 1150 1483 ίδρυσιν
1174 1404 1353 1468 ἀπεναντίον
1370 1409 1420 1465 τῶν

242 1515 388 1586 τυφλῶν,
410 1511 549 1590 τυφλοὺς
571 1511 753 1574 καλέσαντα
773 1509 842 1580 τοὺς
862 1510 1091 1589 Καλχηδονίους
1112 1504 1158 1574 ὅτι
1177 1508 1324 1588 πρότερον.
1336 1506 1420 1572 πλεθ-

241 1637 354 1684 σαντετ
389 1618 431 1686 είς
463 1617 532 1686 τοὺς
564 1615 674 1688 τόπους
707 1615 841 1694 ἀφέντες
873 1619 928 1689 την
959 1618 1054 1695 πέραν
1086 1624 1265 1696 κατασχεῖν
1295 1619 1420 1680 τοσοῦτον

241 1725 376 1784 πλοῦτον
408 1721 542 1802 ἔχουσαν
561 1721 688 1788 ἐἵλοντο
712 1725 766 1797 την
791 1723 985 1802 λυπροτέραν.
1034 1722 1207 1807 Aliquanto
1230 1725 1299 1788 veri
1322 1719 1421 1786 simili·

243 1847 297 1891 ora
330 1826 512 1894 Herodotus
547 1831 721 1894 memoriae
756 1829 898 1914 prodidit
931 1828 984 1892 IV.
1019 1827 1095 1892 144.
1153 1827 1350 1909 Μεγάβαζος
1383 1860 1418 1873 -

242 1932 367 1997 ε’πθθετο
401 1933 614 1999 ἑπτακαίδεκα
647 1935 728 1998 ἔτεσι
761 1932 901 2013 πρότερον
932 1931 1161 2014 Καλχηδονίους
1186 1935 1352 2002 κτίσαντας
1373 1933 1420 2005 την

240 2040 341 2119 χώρην
365 2039 552 2119 Βυζαντίων.
580 2041 745 2115 πυθόμενος
771 2042 801 2104 δέ
826 2039 886 2119 έφη
911 2041 1137 2118 Καλχηδονίους
1161 2045 1268 2104 τοῦτον
1290 2041 1338 2104 τδν
1359 2035 1420 2117 χρί-

242 2155 288 2206 νον
311 2146 484 2223 τυγχάνειν
508 2147 614 2214 ε’ίντας
635 2148 793 2224 τυφλούς·
814 2148 846 2210 οὐ
869 2145 932 2222 γάρ
954 2141 992 2210 ἀν
1013 2151 1066 2208 τοῦ
1087 2146 1248 2217 καλλίονος
1271 2143 1419 2216 παρεόντος

242 2250 353 2328 κτίζειν
377 2252 475 2328 χοίρου
499 2253 549 2315 τθν
573 2253 720 2330 αίσχίονα
745 2251 879 2316 ἑλέσθαι.
905 2253 943 2334 [εί
969 2253 1013 2328 μη
1034 2245 1111 2324 ἦσαν
1132 2252 1258 2331 τυφλοί.
1282 2251 1420 2337 putidum

240 2355 399 2442 glossema
432 2357 556 2421 dudum
586 2357 779 2422 Herwerden
811 2359 991 2442 expunxit}
1037 2357 1145 2422 Facile
1181 2360 1340 2423 cernimus
1368 2372 1421 2440 qno

239 2467 332 2544 pacto
353 2483 391 2526 ex
414 2462 570 2528 Herodoti
591 2467 770 2529 narratione
794 2485 876 2528 nova
899 2463 1007 2528 sabula
1031 2469 1100 2530 orta
1123 2465 1176 2526 sit.

285 2565 366 2631 Utar
400 2574 509 2632 autem
544 2569 603 2634 hac
638 2571 856 2634 observatione
891 2576 928 2633 ut
964 2570 1042 2634 duos
1077 2567 1242 2633 Strabonis
1277 2568 1358 2634 locos
1389 2588 1422 2632 en

239 2669 401 2738 Herodoto
430 2673 601 2758 descriptos
632 2681 664 2739 et
696 2678 777 2740 vitio
810 2675 934 2740 affectos
965 2696 1003 2740 ex
1035 2676 1238 2739 annotatione
1268 2674 1421 2740 Hemster-

239 2778 325 2841 husii
359 2778 429 2844 MS.
462 2782 497 2843 in
527 2782 692 2868 integrum
723 2786 901 2846 restituam.
948 2780 1064 2844 Editur
1094 2802 1167 2866 pag.
1202 2778 1280 2844 638.
1308 2783 1423 2844 narrata

239 2881 371 2950 historia
405 2886 444 2950 de
486 2885 664 2971 Polycratis
708 2887 842 2963 annulo,
886 2907 966 2970 quae
1007 2893 1039 2950 et
1072 2888 1141 2970 ipsa
1176 2885 1237 2950 soli
1272 2884 1422 2950 Herodoto

239 2989 388 3073 debetur,
422 2991 585 3064 πυθόμενον
611 2993 641 3056 δὲ
665 3001 754 3070 τοῦτο
779 2995 830 3057 τὸν
854 2992 1034 3069 Αἰγυπτίαν
1059 2990 1206 3067 βασιλέΑ
1233 2999 1328 3056 <ancl
1353 3013 1422 3068 μαν-

238 3101 328 3165 τικῶς
363 3120 427 3169 πιος
462 3098 723 3177 ἀποφθέγξασθαι
758 3101 797 3168 ἀς
830 3099 858 3162 έν
895 3100 1017 3179 βραχεῖ
1047 3099 1241 3175 κατατρίψει
1278 3099 1329 3162 τὸν
1362 3095 1422 3174 βίον

238 3199 281 3268 τίς
305 3200 358 3264 οὐκ
383 3203 511 3280 εὐτυχές
535 3204 623 3276 τέλος
648 3207 661 3269 ὃ
685 3210 827 3270 τοσοῦτον
857 3204 1014 3282 ἕξηρροένος
1039 3212 1108 3274 ταῖς
1135 3204 1334 3279 εὐπραγίαις.

281 3304 319 3369 In
361 3311 507 3395 margine
549 3313 600 3374 sui
643 3311 783 3395 exempli
828 3311 994 3394 adscripsit
1039 3308 1322 3374 Hemsterhusius:
1369 3305 1420 3384 „L

233 3411 387 3488 Ἄμασιν.
430 3414 511 3493 φασὶ
546 3416 708 3480 orationem
741 3416 871 3480 onerat.''
918 3416 991 3480 Sine
1024 3417 1237 3480 controversia
1272 3423 1343 3500 post
1376 3413 1422 3476 τὸν

241 3518 418 3593 Αἰγυπτίου
449 3520 588 3603 βασιλέα
615 3541 729 3586 nomen
755 3525 840 3608 regis
865 3522 1060 3586 desideratur
1083 3533 1114 3586 et
1137 3530 1221 3586 certa
1246 3519 1423 3607 estmagni

237 3624 297 3686 viri
321 3626 510 3690 emendatio.
554 3625 736 3692 Herodotea
759 3629 836 3693 haec
856 3631 963 3693 omnia
982 3633 1056 3691 sunt
1078 3649 1117 3692 ex
1134 3627 1191 3691 Ill.
1213 3625 1268 3692 43.
1290 3627 1421 3703 ν’Ἄαα·

237 3750 282 3799 σιτ
308 3766 349 3776 -
374 3729 470 3807 ἔμαθε
493 3729 537 3796 tn
562 3734 615 3797 οὐκ
638 3727 672 3796 εὖ
696 3735 891 3809 τελευτήσειν
915 3733 1024 3811 μέλλοι
1050 3732 1251 3814 Πολυκράτης
1273 3731 1422 3813 εὐτυχέων

236 3833 279 3898 τά
303 3833 419 3902 ποίντα.
481 3875 491 3890 ·

282 3939 360 4004 Post
389 3963 489 4026 pauca
520 3945 604 4029 apud
634 3943 822 4012 Strabonem
853 3947 990 4034 legitur:
1026 3946 1078 4010 καί
1116 3945 1151 4021 δίη
1181 3947 1234 4009 καὶ
1267 3946 1422 4022 συμβῆναι

238 4049 346 4110 τοῦτο.
381 4049 539 4128 ληφθέντα
567 4050 629 4128 γάρ
655 4050 689 4126 ἐξ
712 4053 839 4125 ἀπάτης
866 4053 937 4116 ὑπΟ
963 4062 1052 4117 ΤΟΥ
1079 4051 1241 4130 σατροίπου
1265 4055 1324 4116 τάν
1348 4060 1422 4128 Περ·

238 4173 296 4216 σον
320 4156 536 4230 κρεμασθῆναι.
568 4157 730 4222 Adscribit
753 4158 1034 4224 Hemsterhusius:
1062 4157 1135 4235 ,ἀπ’
1155 4157 1290 4235 Ὀροίτου
1310 4154 1424 4233 σατροί-

237 4281 294 4326 που
325 4265 382 4322 τῶν
418 4267 552 4338 Περσῶνε
580 4263 625 4326 τ’θο
654 4266 848 4346 supplendam
878 4263 1027 4328 videtar.'’
1072 4264 1161 4328 Haeo
1192 4285 1317 4348 quoque
1341 4267 1424 4328 certa

236 4367 386 4434 correctio
418 4370 466 4431 est
493 4369 657 4433 manifesti
679 4371 806 4448 mendi;
831 4392 908 4441 nam
931 4371 1008 4456 quid
1032 4371 1094 4436 sibi
1117 4368 1189 4434 vult
1212 4368 1370 4436 articulus
1392 4371 1424 4432 in
