3080 4972
762 231 805 298 22

188 425 269 488 tiam
293 446 364 488 cum
390 445 508 512 magno
532 444 661 489 coronae
684 421 799 506 plausu
823 424 963 485 ornasset
986 421 1095 504 paucis
1117 423 1245 484 tantum
1266 417 1380 482 ieviter

190 531 388 608 immutatis,
413 536 451 594 ut
473 552 530 616 pro
554 531 607 603 rto
633 527 856 604 Θεμιςονιλεόυς
881 527 976 589 οίιιίαν
999 525 1050 588 καὶ
1070 523 1245 589 Μιλτιάδου
1266 523 1379 587 substi-

191 640 295 700 tueret
329 637 383 710 rhu
414 637 579 716 Ἀριςείδου
615 633 667 700 καὶ
700 635 755 706 τὴν
786 632 978 708 Μιλτιάδου,
1011 630 1116 695 multo
1148 633 1235 695 enim
1264 625 1382 691 melius

190 741 341 806 Aristidis
361 743 536 827 aediculas,
559 763 655 828 quem
674 742 709 804 in
727 735 914 824 paupertate
933 741 1071 802 aetatem
1084 738 1186 822 egisse
1199 733 1380 807 constabat,

191 851 454 914 commemoravit
477 869 574 933 quam
598 843 842 920 Themistoclis,
868 845 923 927 qui
946 863 1081 928 magnas
1105 863 1121 906 e
1144 839 1228 905 bello
1253 841 1383 904 divitias

191 953 378 1039 collegerat:
402 959 563 1038 praeterea
586 972 642 1038 pro
666 951 720 1033 ὁρᾷ
744 955 801 1014 τῶν
825 955 946 1014 πολλῶν
970 948 1052 1012 οὐδὲν
1080 945 1264 1026 σεμνοτέραν
1291 938 1384 1008 οὖσαν

190 1057 295 1123 multo
318 1063 485 1125 venustius
509 1060 592 1123 dixit
614 1063 669 1130 τῆς
690 1064 742 1121 τοῦ
765 1057 909 1134 γείτονος.
946 1053 1104 1138 Impostor
1122 1073 1180 1117 sua
1199 1073 1239 1116 ex
1250 1055 1386 1135 utroque

190 1163 258 1227 loco
290 1165 438 1230 conflavit
472 1165 622 1250 pleraque
656 1185 696 1229 ex
733 1165 936 1228 Aristocraten
971 1181 1116 1236 sumens,
1151 1158 1315 1224 nonnullis
1347 1177 1387 1221 ex

197 1268 372 1352 opacatae
404 1274 547 1355 receptis.
595 1269 631 1335 Si
655 1269 732 1355 quid
754 1272 896 1334 mutavit
921 1269 1060 1332 deterius
1082 1265 1240 1330 reddidit:
1265 1266 1388 1349 optime

191 1373 437 1441 Demosthenes:
472 1377 502 1439 ἕν
533 1377 575 1456 τῷ
604 1385 659 1450 τῆς
684 1377 845 1446 πολιτείοις
869 1375 928 1449 ἤθει
954 1371 1116 1452 μένοντες,
1140 1392 1306 1457 perperam
1329 1369 1389 1434 ille

193 1483 336 1564 quisquis
369 1486 433 1546 est:
468 1483 509 1563 τῷ
533 1489 588 1556 τῆς
606 1482 773 1553 πολιτείοις
799 1481 1017 1545 ὈΝΟΜΛΤΙ
1042 1477 1240 1555 άκολοιίάοος,
1265 1479 1391 1564 cogitat

194 1588 279 1649 1111111
304 1587 491 1652 denomino
511 1589 735 1668 δημοκρατίας,
757 1586 811 1652 sed
832 1585 971 1653 άττικιςί
991 1586 1184 1649 democratia
1205 1586 1221 1658 ἡ
1242 1582 1389 1648 πολιτεία

194 1691 388 1776 appellatur,
419 1715 482 1760 non
513 1699 630 1760 contra.
677 1694 846 1758 Praeterea
868 1695 1028 1757 incautius
1052 1687 1220 1755 Cimonem
1244 1689 1387 1764 addidit,

195 1819 291 1882 quem
316 1801 350 1863 in
373 1821 407 1864 re
430 1800 519 1866 lauta
542 1803 660 1867 vixisse
682 1820 777 1865 nemo
796 1802 932 1885 ignorat.
980 1797 1029 1862 Ex
1048 1796 1158 1861 eodem
1178 1797 1247 1862 loco
1268 1816 1389 1879 expun-

195 1905 299 1990 genda
328 1909 403 1969 sunt
433 1908 529 1972 verba
560 1906 611 1972 καὶ
642 1905 819 1971 Μιλτιάδου
850 1907 883 1968 in
914 1901 1029 1968 (lodice
1059 1901 1226 1988 Soptime
1249 1903 1388 1967 omissa:

196 2010 281 2074 unde
310 2013 494 2096 irrepserint
523 2015 727 2098 perspicuum
755 2016 819 2088 est,
845 2015 877 2074 11
901 2029 992 2095 saepe
1015 2008 1139 2075 videbis
1163 2009 1247 2093 apud
1271 2007 1390 2072 Demo—

199 2116 345 2180 sthenem
367 2115 451 2182 locos
474 2119 595 2183 similes
620 2121 664 2182 sio
688 2139 727 2182 ex
749 2117 826 2181 locis
846 2116 1008 2180 similibus
1026 2114 1211 2199 interpolari
1231 2119 1263 2178 et
1282 2115 1391 2179 verbis

197 2221 367 2286 inutilibus
400 2226 527 2310 augeri,
560 2227 651 2288 cuius
682 2225 728 2288 rei
759 2221 842 2286 infra
872 2220 1018 2305 exempla
1048 2219 1266 2304 compluscula
1289 2219 1391 2304 profe—

203 2348 322 2392 remus.

243 2432 432 2499 Lectionum
463 2441 572 2500 autem
602 2436 652 2500 bis
683 2431 793 2520 terque
825 2431 986 2507 αὐτολεξεί
1009 2436 1216 2518 repetitarum
1240 2431 1333 2497 firma
1358 2437 1392 2496 et

156 2581 158 2586 -
199 2538 322 2603 stabilis
357 2538 433 2605 fides
468 2548 515 2606 est
549 2562 606 2606 nec
640 2543 703 2605 nisi
735 2541 936 2627 gravissimis
971 2539 1010 2603 de
1041 2542 1143 2604 causis
1174 2538 1389 2605 sollicitanda.

116 2669 118 2673 ·
198 2644 337 2709 Memini
367 2667 467 2730 quum
498 2648 580 2711 mihi
608 2667 664 2732 pro
688 2649 814 2711 ὀτΟΙΑ
838 2648 907 2710 ποτ’
932 2644 993 2711 ἐςίν
1018 2645 1168 2709 arrideret
1192 2639 1310 2722 άτΟΤ,
1336 2645 1392 2708 sed

198 2750 282 2814 nihil
312 2771 409 2836 opus:
441 2761 523 2824 ποῖος
548 2757 580 2817 11
603 2754 649 2825 τίς
673 2755 707 2816 in
730 2754 838 2818 Attica
862 2756 910 2816 est
929 2773 1051 2833 prorsas
1074 2751 1167 2828 idem,
1192 2771 1269 2814 nam
1292 2752 1376 2835 qaat'

201 2857 319 2920 dicitur
349 2858 432 2930 ποῖός
457 2883 522 2934 τις,
548 2862 614 2924 τοῖ’
640 2858 735 2925 άττα.
782 2858 894 2943 Itaque
917 2858 1007 2921 ὁποία
1032 2855 1106 2920 τοτὲ
1130 2861 1177 2921 111
1201 2854 1266 2930 ἥτις
1291 2857 1390 2930 ποτέ,

200 2966 233 3024 11
255 2963 367 3027 ancira
390 2985 469 3049 quae
492 2966 533 3030 ait
555 2967 657 3030 domae
682 2964 880 3028 Themistoclea
902 2964 1031 3047 perinde
1054 2963 1134 3028 bene
1157 2963 1276 3027 dicitur
1297 2967 1402 3047 atque·

202 3073 314 3132 aeactrc
337 3070 394 3134 ubi
416 3077 464 3136 ait.

247 3279 446 3369 ineleganter
469 3286 682 3369 compositum
706 3287 754 3347 est
777 3281 860 3367 quod
884 3281 1005 3368 legitur
1022 3301 1096 3368 pag.
1120 3278 1173 3344 35.
1195 3277 1248 3346 27.
1270 3287 1392 3344 ΤΟΤΕ

202 3387 258 3464 μὲν
281 3387 316 3460 aa
340 3372 445 3454 τοῦτον
468 3392 519 3455 τὸν
543 3388 650 3470 τρόπον
676 3385 744 3468 εἶχε
767 3389 810 3452 τά
834 3387 1016 3469 πράγματα
1040 3387 1160 3458 ἐκείνοις
1175 3423 1216 3434 u·
1230 3393 1337 3451 NTNI
1360 3387 1392 3451 δὲ

201 3498 265 3563 πῶς
298 3496 369 3570 ἡμῖν
401 3496 458 3559 ὑπὸ
488 3497 547 3559 τῶν
576 3501 698 3575 χρνςῶν
729 3501 787 3558 τῶν
819 3501 911 3557 ΝΤΝ
944 3493 986 3556 τά
1010 3491 1178 3573 πράγματ’
1203 3493 1287 3572 ἕχει;
1314 3493 1392 3572 Quis

202 3617 330 3674 eorum,
350 3601 518 3683 inquibus
539 3605 586 3665 est
607 3600 714 3684 aliqua
734 3599 891 3664 scribendi
910 3597 1062 3675 facultas,
1083 3597 1199 3684 frigide
1218 3602 1392 3682 repetitum

203 3703 262 3766 νυνὶ
287 3710 406 3767 -τῶν
439 3710 488 3769 νῦν
521 3727 583 3770 nou
614 3705 785 3792 diligenter
807 3701 962 3770 vitasset?
986 3704 1147 3769 Potuisset
1170 3705 1392 3788 percommode

203 3810 432 3893 oppositionem
459 3813 507 3875 ita
528 3814 712 3877 instituere:
738 3813 861 3874 ‘HMIN
882 3811 913 3874 δὲ
938 3816 1001 3882 πῶς
1027 3809 1084 3872 ὑπὸ
1109 3815 1166 3872 τῶν
1189 3816 1311 3889 χρνςῶν
1335 3817 1391 3874 τῶν

202 3922 293 3978 ΝΎΝ
318 3914 360 3978 τάι
378 3916 553 3996 πράγματ’
577 3917 661 3998 ixei:
687 3921 718 3982 11
742 3918 814 3992 ἡμῖν
838 3919 884 3981 111
904 3916 1025 3986 ἐκείνοις
1047 3918 1228 4000 oppositum
1247 3937 1304 3981 suo
1324 3916 1392 3983 loco

202 4024 344 4106 positum
376 4042 441 4086 esse
473 4025 597 4086 senties.
646 4023 728 4087 Ante
759 4022 864 4086 multa
895 4021 1020 4087 saecula
1053 4022 1183 4106 quidam
1212 4020 1311 4086 lector
1334 4022 1393 4087 De-

202 4127 378 4191 mosthenis
409 4131 442 4191 in
468 4128 602 4215 vulgata
624 4128 758 4194 lectione
781 4129 910 4194 offendit
933 4134 966 4192 et
989 4128 1195 4192 alienatione
1218 4127 1305 4193 malo
1328 4150 1392 4193 me-

207 4233 274 4296 deri
305 4242 435 4297 conatus
462 4239 519 4298 est.
566 4234 711 4300 Mutavit
733 4241 791 4299 τῶν
816 4240 865 4298 νῦν
889 4237 924 4298 in
947 4235 1081 4310 τούτων,
1108 4233 1166 4297 ὑπὸ
1192 4239 1251 4298 τῶν
1274 4239 1393 4315 xantho

207 4336 376 4418 τούτων,
409 4344 449 4404 ut
477 4344 525 4405 est
555 4343 589 4406 iu
619 4341 742 4407 duobus
766 4340 873 4423 libris,
900 4362 980 4429 quae
1002 4340 1098 4406 lectio
1122 4345 1160 4405 ut
1184 4345 1243 4406 tot·
1257 4341 1338 4406 aliae
1360 4342 1394 4404 in
