3034 4970
800 251 864 325 184

233 443 268 513 in
296 441 482 514 huiusmodi
511 450 737 535 compositione
766 452 953 514 consuetum
985 452 1033 514 est
1059 447 1181 532 dicere,
1207 455 1240 515 et
1262 445 1406 516 Homerus

234 555 303 639 ipse
325 554 420 619 dixit:

507 653 534 726 ol
557 661 675 741 Κρήτην
699 656 908 734 ἑκατόμπολιν
932 659 1162 740 ἀμφενέμοντο.

279 764 510 833 Graeculorum
543 768 659 832 vitiosa
693 766 832 839 σουιὶοειυ
866 767 901 829 in
935 767 1118 851 compositis
1152 786 1209 851 pro
1239 767 1344 832 ἑιιοισον
1372 802 1406 815 -

234 872 446 938 substituebat
476 872 645 937 ἕκυτονΤΛ
676 909 737 943 -,
769 871 852 937 unde
882 869 980 936 multi
1010 877 1158 937 veterum
1192 871 1256 937 loci
1286 873 1408 958 corrupti

233 979 510 1045 circumferuntur.
557 978 615 1044 Elst
645 977 763 1043 Iuliani
796 977 929 1064 epistola
962 975 1081 1055 xxiv,
1117 981 1152 1042 in
1181 999 1245 1064 qua
1275 979 1408 1047 luditin

232 1104 366 1150 numero
390 1087 567 1151 centenario
590 1089 622 1150 et
645 1089 875 1150 commemorat
897 1087 952 1158 τὴν
978 1083 1274 1150 {usvaurhtane
1293 1085 1407 1163 circha,

221 1190 286 1253 'rto
308 1191 571 1271 ἓκοοτονΤΛχειροι
596 1191 761 1271 Βριοὲρειον,
785 1192 838 1255 τὸν
861 1190 1004 1270 γίγνοντο
1026 1191 1076 1253 τὸν
1096 1189 1407 1270 ἓκοιτονΤΑκέΦσλον,
1509 1267 1510 1274 ¹

236 1293 350 1371 Θήβοις
381 1295 685 1372 ἕκυτονΤΑτύλους,
710 1297 800 1368 νυοὺς
823 1296 1124 1371 ἐκοιτονΤΑπέδουρ,
1149 1298 1278 1376 οὶρούροος
1303 1299 1411 1363 ἐκστον·

233 1400 457 1483 ΤΑπλέθρους,
489 1423 569 1488 quae
599 1423 708 1468 omnes
732 1408 806 1468 sunt
828 1403 997 1468 mendosae
1020 1403 1141 1468 formae
1164 1403 1259 1470 etad
1282 1411 1410 1471 veterem

233 1510 493 1574 consuetudinem
521 1507 730 1597 refingendae.
777 1507 838 1572 Vix
868 1529 971 1573 unum
1002 1511 1104 1574 evasit
1135 1509 1262 1587 βωμοὺς
1293 1510 1410 1587 ἑκατογ-

233 1611 391 1690 aptarier.
418 1614 467 1680 Ne
485 1623 627 1680 metrum
650 1614 780 1699 quidem
798 1615 1025 1682 homunciones
1045 1615 1194 1682 advertit.
1221 1615 1258 1680 In
1271 1613 1410 1702 Aeschyli

232 1716 408 1785 Prometheo
431 1741 478 1786 vs.
504 1718 580 1786 353.-
603 1720 769 1785 Mediceus
796 1720 942 1786 exhibet:

461 1832 737 1921 ὲιιοιτοντοικοίρῆνον
763 1843 833 1923 πρὸς
858 1841 936 1920 βίον
958 1841 1162 1923 χειρούμενον.

278 1946 441 2015 Licentius
473 1952 572 2015 etiam
593 1951 628 2014 in
652 1950 783 2014 caeteris
806 1949 1047 2036 grassabantur,
1071 1948 1126 2014 sed
1148 1948 1235 2033 apud
1257 1951 1410 2034 scriptores

232 2056 427 2139 probatiores
449 2061 571 2122 certum
594 2055 749 2120 mendum
771 2059 843 2120 tuto
866 2056 1045 2142 corrigitur.

278 2293 357 2385 Pag.
383 2293 459 2360 480.
484 2303 548 2366 τοῖς
571 2296 690 2376 ῥυθμοῖς
715 2290 828 2366 -οὓς
854 2294 995 2368 ΘοὶλντΑ
1022 2293 1209 2372 ἈΝευρεῖν,
1235 2287 1256 2374 ᾧ
1278 2289 1408 2361 καὶτοὺς
1507 2377 1510 2399 J

234 2405 371 2472 ποιιοῖνοιι
403 2400 455 2466 nal
487 2401 546 2474 τὰς
580 2399 685 2472 ἄλλοις
710 2401 767 2475 τὰς
789 2399 967 2481 ἐπιχωρίους
988 2399 1067 2482 ᾠδὰς
1089 2398 1296 2465 ἀνατιθέασιν.
1327 2396 1410 2465 Certa
1505 2406 1509 2486 ἦ

233 2513 281 2573 est
310 2505 447 2572 Meursii
478 2510 628 2574 correctio
661 2509 834 2583 ΘοοιιὶτΑΝ
869 2507 972 2586 εὑρεῖν.
1022 2505 1225 2591 Quamquam
1256 2508 1339 2572 enim
1363 2523 1410 2569 no
1507 2523 1509 2572 1

231 2634 324 2691 men,
358 2619 396 2678 ut
424 2613 570 2691 videtur,
599 2613 787 2693 διφορεῖτυι,
815 2619 846 2679 ct
868 2611 957 2678 idem
979 2614 1018 2678 ab
1042 2611 1114 2677 aliis
1138 2613 1265 2687 odrae,
1287 2603 1325 2678 ah
1346 2610 1410 2676 aliis
1508 2685 1509 2700 χ

235 2718 388 2792 &cheiras
422 2723 602 2804 (echaris)
637 2719 830 2806 appellatur,
868 2715 976 2785 tamer’r
1011 2721 1087 2805 quia
1121 2720 1153 2784 h.
1177 2718 1200 2784 l.
1238 2720 1409 2799 ἀνευρίσκειν
1506 2731 1510 2775 i

173 2901 175 2906 ¹
232 2825 386 2890 vitiosum
418 2831 483 2902 eat,
516 2827 590 2910 quia
613 2827 652 2892 de
676 2847 783 2909 rerum
806 2826 1026 2891 inventoribus
1050 2825 1195 2904 εὑρίσκειν
1219 2845 1327 2891 omnes
1348 2844 1410 2890 con·

232 2936 352 2996 stanter
382 2931 545 3009 dicebant,
577 2932 792 3020 intelligimus
824 2969 865 2980 -
899 2939 959 2995 AN
991 2952 1029 2995 ex
1059 2931 1265 3016 praecedente
1294 2930 1410 2996 nomine
1509 2978 1510 3006 ρ

233 3036 420 3102 adhaesisse.
479 3036 590 3122 ltaque
625 3041 723 3103 etiam
758 3059 831 3124 pag.
870 3035 936 3101 482
970 3037 1189 3102 scribendum:
1228 3038 1352 3102 ἔνθοιτο
1382 3034 1409 3096 δὲ
1508 3070 1509 3121 5

231 3143 407 3217 πλησιάσαι
444 3143 602 3218 ΘοολιὶτΑΙ
638 3145 811 3224 μελοποιῷ,
845 3148 878 3209 et
901 3144 1027 3234 omnino
1051 3142 1153 3207 forma
1178 3144 1329 3218 Θοιλὴτοις
1348 3139 1411 3226 plu·
1509 3168 1510 3178 ι

230 3268 281 3314 res
305 3253 337 3314 et
359 3247 508 3314 meliores
531 3253 630 3314 testes
652 3249 756 3313 hahet.

274 3488 355 3578 Peg.
380 3487 457 3556 489.
483 3489 599 3564 ποιῒδοις
623 3489 654 3556 δὲ
676 3488 857 3571 γράμματά
878 3513 913 3555 τε
930 3453 1096 3568 aestatum
1117 3489 1169 3553 scal
1192 3489 1251 3562 τὰς
1277 3489 1339 3577 [ἐκ]
1357 3491 1407 3552 τῶν

229 3596 327 3674 νόμον
351 3595 441 3690 ᾠδάς.
481 3596 568 3677 Quae
591 3599 656 3662 sint
675 3599 797 3663 cantica
816 3598 851 3662 ἐκ
870 3603 929 3662 τῶν
951 3595 1045 3674 νόμον
1066 3615 1161 3660 nemo
1180 3595 1274 3662 facile
1293 3595 1406 3662 dixerit.
1508 3674 1509 3694 ξ

227 3701 348 3768 Reseca
365 3705 582 3788 importunam
601 3704 865 3788 praepositionem
887 3709 919 3769 et
938 3707 1100 3768 memento
1114 3701 1203 3790 leges
1219 3699 1406 3768 Cretensium
1506 3695 1510 3725 '¹

227 3808 373 3874 versibus
404 3814 568 3893 conceptas
591 3809 688 3875 fuisse
711 3815 744 3874 et
768 3812 888 3876 cantari
910 3808 1028 3874 solitas.
1076 3807 1162 3872 Hinc
1184 3827 1301 3872 nomen
1323 3804 1406 3872 habet

228 3914 242 3978 i
267 3910 417 3994 νιμῳδος,
442 3909 473 3984 ὅς
498 3914 559 3983 ε’ςιν
583 3913 736 3995 ἐξηγητὴς
760 3922 818 3994 τῶν
838 3917 951 3994 νόμιον,
973 3920 1053 3981 teste
1073 3911 1227 3980 Strabone
1246 3935 1318 4001 pag.
1340 3905 1402 3976 539.
1506 3917 1511 3959 ι’

272 4167 352 4256 Peg.
378 4166 452 4233 483.
480 4165 517 4233 ἂν
539 4169 596 4245 μὲν
619 4175 677 4234 τῶν
697 4168 767 4234 ἴσων
788 4171 805 4245 ἢ
824 4177 882 4236 τῶν
904 4168 1113 4252 ὑπερεχόντων
1132 4195 1179 4242 τις
1201 4167 1219 4251 ᾖ
1239 4208 1281 4221 --
1301 4160 1402 4244 ἐπιτρὲ·
1505 4232 1509 4242 ,

225 4297 331 4340 πουσιν
355 4272 446 4352 ἄγειν
469 4275 669 4354 χαίροντες,
691 4278 757 4340 imo
777 4298 866 4356 vere,
886 4283 924 4343 ut
942 4299 992 4344 res
1008 4277 1224 4364 ipsaclamat,
1244 4276 1400 4360 χυΙροντΑ.
1506 4271 1510 4334 ὲ

224 4383 359 4448 Amator
381 4384 467 4446 enim
492 4384 595 4461 χοιίρει
620 4387 651 4445 et
674 4382 789 4461 χοίρων
815 4381 906 4462 ἄχει,
931 4406 992 4450 non
1016 4386 1041 4450 oi
1066 4383 1298 4466 ἐπιτρέψοντες.
