3034 4968
244 417 360 484 horum
383 415 469 481 cadit
491 416 525 480 in
546 415 632 480 hunc
654 413 773 481 locum.
821 414 1006 480 Reddemus
1028 415 1131 502 igitur
1154 413 1261 480 sciolis
1280 434 1334 479 sua
1351 410 1424 478 addi·

247 527 390 589 tamenta
413 527 444 587 et
467 521 650 587 cavebimus
671 542 711 586 ne
734 519 971 594 temerelibris
995 523 1094 586 etiam
1115 523 1248 604 optimis
1268 519 1423 585 credamus.

294 625 418 692 Similis
456 626 658 712 interpolatio
696 629 731 690 in
771 625 914 692 eiusdem
949 624 1013 690 loci
1043 628 1136 691 initio
1168 625 1424 690 animadvertitur.

248 733 516 818 Emendavimus:
550 731 708 812 σκέψαισθε
741 731 771 796 δὲ
806 729 898 804 άτις
923 730 1088 811 κεφάλαια
1111 729 1149 795 άν
1173 729 1241 812 ἔχοι
1265 733 1357 796 εἰπεῖν
1379 734 1425 792 τῶν
1503 797 1504 810 ¹

249 844 278 904 r’
310 840 430 909 ἐκείνοις
462 838 690 920 πεπραγμένων
715 839 779 902 xri.
827 835 865 902 lu
888 835 981 902 libris
1003 841 1052 902 est
1075 834 1142 918 ἔχοι
1165 844 1225 901 τῶν
1248 832 1427 917 πραγμάτων

248 935 354 1011 είπείν.
401 945 487 1011 Tum
509 947 544 1009 in
568 942 591 1009 S
615 943 766 1009 scribitur
789 944 885 1007 είπείν
909 939 947 1007 ἵν’
968 943 1159 1016 άκούσαντες
1181 949 1240 1007 τῶν
1260 943 1291 1006 τ’
1312 941 1426 1016 ἐκείνοις,

248 1055 282 1117 in
313 1053 444 1117 caeteris
475 1051 571 1115 εἰπεῖν
603 1049 670 1130 περί
703 1051 762 1114 τῶν
793 1051 822 1112 τ’
855 1047 989 1120 ἐκείνοις.
1038 1047 1211 1114 Manifesto
1241 1047 1385 1114 mendosa
1404 1049 1429 1108 et

249 1156 439 1242 interpolata
461 1156 538 1221 haec
557 1159 642 1220 sunt.
685 1153 780 1220 Dicat
800 1155 1023 1220 testimonium
1042 1156 1110 1239 ipse
1128 1153 1357 1219 Demosthenes
1368 1171 1428 1238 pag.

253 1261 307 1327 34.
340 1259 394 1328 27.
427 1262 527 1326 καίτοι
559 1259 717 1340 σκέψαισθε
741 1297 784 1309 -
809 1255 830 1325 ά
854 1283 900 1326 τοι
926 1257 963 1325 ev
987 1257 1154 1340 κεφάλαια
1178 1261 1276 1326 εἰπεῖν
1299 1257 1361 1342 ἔχοι
1383 1263 1429 1322 τῶν

252 1370 281 1432 τ’
304 1367 354 1432 ε’πί
377 1374 436 1434 τῶν
459 1366 610 1449 προχθνων
633 1364 728 1447 ἔργων
752 1365 804 1431 καί
829 1371 887 1431 τῶν
912 1366 965 1447 ἐφ’
988 1367 1084 1444 ἡμῶν.

297 1580 436 1647 Maiores
466 1581 584 1658 nostri,
615 1581 736 1664 inquit,
771 1578 876 1646 πολλά
904 1577 955 1643 καί
980 1577 1069 1644 καλά
1094 1577 1208 1654 ἔτησαν
1233 1579 1366 1662 τρόποισι
1388 1577 1430 1658 ἐφ’

252 1680 294 1759 οίς
316 1686 361 1752 ἔτι
386 1685 439 1751 καί
464 1689 514 1751 νῦν
535 1687 623 1762 ἡμεῖς
643 1685 903 1766 Φιλοτιμοθμεθα.
924 1684 1024 1749 καίτοι
1045 1685 1185 1766 νομίζετε
1203 1689 1311 1751 ταῦτα
1334 1684 1430 1754 αὐτοὺς

250 1801 343 1868 ςῆσαι
367 1793 427 1875 οὐχ
451 1788 501 1857 ίνα
525 1789 732 1873 θαυμάζωμεν
757 1793 846 1868 ἡμεῖς
869 1792 1042 1872 θεωροῦντες
1068 1791 1170 1868 αὐτά,
1196 1792 1275 1856 αλλ’
1299 1790 1348 1857 ίνα
1371 1798 1430 1854 ΚΑΙ
1505 1823 1506 1886 ρ

252 1900 418 1978 μιμώμεθα
449 1897 509 1969 τάς
540 1903 598 1962 τῶν
631 1895 802 1961 άναθθνπων
834 1896 957 1976 άρετάς.
1004 1895 1096 1961 Libri
1127 1916 1238 1962 omnes
1268 1901 1389 1983 praeter
1414 1893 1432 1958 S
1505 1927 1506 1962 1

254 2002 461 2083 θαυμάζοιμεν
490 2002 578 2082 μθνον
603 2003 700 2086 idque
722 2002 938 2088 reponendum
961 2002 1001 2067 ob
1025 2023 1069 2088 sq.
1096 2000 1145 2068 ίνα
1171 2012 1241 2068 ΚΑΙ
1266 2002 1432 2080 μιμώμεθα.

253 2110 349 2176 Hunc
380 2130 504 2196 quoque
533 2108 702 2173 flosculum
734 2129 772 2173 ex
794 2107 1008 2174 Demosthene
1031 2108 1188 2194 decerpsit
1210 2130 1285 2197 pag.
1311 2109 1385 2175 201.
1407 2107 1432 2173 2.

254 2217 377 2296 χαίρετ’
408 2216 566 2287 άκοάοντες
600 2211 675 2280 θταν
705 2238 751 2286 τις
784 2214 895 2296 ἐπαινῇ
925 2215 994 2286 τοὺς
1027 2214 1188 2296 προχθνους
1222 2217 1304 2293 ὑμῶν
1329 2215 1378 2280 καί
1399 2214 1434 2278 τίι

254 2321 466 2402 πεπραγμένον
489 2321 608 2391 ε’κείνοις
634 2317 728 2400 arsere
751 2319 804 2384 καί
824 2305 869 2385 τά
888 2318 1023 2399 τρόπαια
1043 2321 1134 2400 λέχη.
1173 2319 1328 2403 Νομίζετε
1350 2320 1433 2386 τοίνυν

253 2425 347 2492 ταῦτ’
381 2428 536 2492 άναθεῖναι
568 2425 637 2497 τοὺς
671 2426 834 2506 προχθνους
867 2425 949 2503 ὑμῶν
981 2428 1042 2507 οὐχ
1072 2422 1123 2491 ίνα
1155 2425 1332 2509 θαυμάζητ’
1363 2425 1435 2492 αὐτά
1506 2437 1507 2450 ’

253 2534 426 2614 θεωροῦντες
438 2533 524 2596 ἀλλ’
542 2528 592 2596 ίνα
616 2541 687 2597 ΚΑΙ
712 2533 847 2610 μιμῆσθε
871 2532 929 2605 τάς
954 2538 1012 2597 τῶν
1037 2531 1208 2598 άναθθντων
1233 2531 1368 2616 άρετάς,
1387 2533 1436 2599 ubi

255 2661 294 2705 ex
317 2636 389 2704 aliis
411 2637 503 2703 libris
526 2639 699 2718 θεωροῦντες
722 2645 884 2703 MONON
909 2637 1094 2726 legendnm.

301 2849 380 2936 Pag.
413 2845 489 2914 174.
520 2848 572 2914 10.
606 2851 695 2926 ἡμεῖς
718 2849 746 2914 δ’
771 2843 841 2924 ίσης
866 2845 1007 2921 άπαντες
1032 2849 1123 2928 trare
1147 2849 1277 2929 ἐρημίας
1301 2849 1438 2925 ἐπειλημ·

256 2953 339 3035 μθυοι
363 2951 522 3036 σκέψασθε
545 2955 569 3019 εί
595 2956 816 3036 παραπλήσια.
845 2956 877 3020 σθ
902 2953 997 3020 πλείω
1022 2955 1080 3032 μὲν
1103 2957 1119 3030 ἢ
1143 2954 1238 3035 χίλια
1261 2955 1313 3021 καί
1337 2977 1440 3021 ποντα·

251 3060 344 3126 κθσια
364 3058 510 3125 τάλαντα
532 3060 690 3135 άννίλωται
712 3060 815 3139 μάτην
836 3061 879 3134 είς
901 3062 972 3133 τοὺς
984 3068 1042 3126 τῶν
1056 3062 1210 3136 Ἑλλήνων
1223 3064 1438 3134 ἈΠοΡοΤο,

254 3165 461 3244 ἐξανήλωνται
485 3166 516 3231 δὲ
540 3163 571 3231 οί
589 3191 624 3232 τε
648 3166 713 3233 idios
738 3167 854 3240 πάντες
879 3163 951 3233 οίκοι
974 3167 1026 3232 καί
1051 3168 1093 3234 τά
1119 3168 1204 3234 κοινά
1224 3178 1263 3251 τῇ
1284 3166 1374 3233 πθλει
1395 3163 1440 3230 καί

254 3274 297 3340 τά
322 3271 408 3354 παρά
432 3277 489 3337 τῶν
513 3271 712 3353 συμμάχων,
733 3269 781 3344 οὓς
801 3273 827 3337 δ’
848 3273 878 3337 ἕν
896 3274 937 3354 τῷ
958 3272 1084 3356 πολέμῳ
1105 3273 1296 3354 συμμάχους
1318 3269 1441 3348 ε’κτησά-

256 3386 338 3460 μεθα
369 3375 447 3445 οὗτοι
480 3383 529 3443 νῦν
561 3379 592 3444 ἕν
616 3387 654 3461 τῇ
680 3378 778 3460 είράνη
802 3378 1012 3445 άπολάλασιν.
1057 3379 1183 3444 Partim
1206 3380 1284 3446 haec
1307 3383 1443 3464 surrepta

256 3491 331 3553 sunt
361 3507 401 3551 ex
428 3506 502 3573 pag.
538 3481 592 3549 36.
620 3483 655 3550 9.
679 3485 775 3549 πλείω
800 3483 829 3548 δ’
854 3486 870 3562 ἢ
894 3486 988 3566 χίλια
1013 3484 1066 3550 καί
1090 3486 1280 3552 πεντακόσια
1304 3488 1443 3553 τάλαντα

256 3589 461 3669 ἀνηλώκαμεν
496 3591 540 3663 είς
576 3591 658 3656 οὐδὲν
692 3591 775 3670 δέον,
811 3587 860 3663 οὓς
897 3589 925 3655 δ’
967 3592 997 3656 ἐν
1027 3592 1068 3672 τῷ
1100 3589 1224 3672 πολέμῳ
1257 3591 1442 3671 συμμάχους

257 3697 457 3772 ἐκτησάμεθα
481 3696 594 3778 είρνίνης
619 3697 709 3771 οθσης
733 3696 970 3763 άπολωλὲκασιν
993 3693 1084 3762 οὗτοι.
1131 3696 1194 3761 Pro
1218 3698 1261 3769 είς
1282 3699 1364 3764 οὐδὲν
1385 3694 1444 3760 δίον

255 3807 409 3888 impostor
431 3802 519 3868 aliud
543 3803 620 3888 quid
643 3805 867 3882 substituerat,
893 3824 957 3869 non
979 3801 1084 3869 hercle
1105 3803 1146 3873 είς
1166 3802 1236 3874 τοὺς
1256 3809 1316 3868 τῶν
1337 3802 1444 3876 Ἑλλη-

255 3934 309 3976 νων
332 3906 480 3987 άπθρουε,
506 3927 567 3992 quo
589 3908 673 3973 nihil
694 3911 834 3994 ineptius
854 3911 1029 3996 excogitari
1049 3911 1164 3994 potuit.
1202 3909 1280 3989 Quis
1301 3909 1445 3974 inducere

252 4019 358 4105 potest
387 4015 422 4076 in
453 4013 598 4077 animum
628 4014 836 4081 Athenienses
866 4014 1060 4099 impendisse
1094 4016 1138 4101 (et
1159 4017 1290 4100 feretro
1320 4013 1445 4099 quidem

252 4126 410 4199 άνηλωται
443 4115 560 4203 μάτην)
590 4121 773 4184 sestertium
795 4121 962 4186 trecenties
985 4121 1131 4206 sexagies
1155 4120 1194 4184 ad
1219 4118 1442 4186 sublevandam

253 4247 429 4318 pauperum
452 4227 486 4289 in
510 4221 644 4291 Graecia
666 4227 819 4310 inopiam.
854 4225 979 4312 Nugari
1002 4226 1061 4290 hoc
1085 4225 1216 4308 quidem
1236 4230 1294 4290 est.
1336 4224 1445 4290 Fertur

253 4341 286 4407 et
308 4335 408 4404 altera
430 4331 525 4398 lectio
549 4329 719 4404 άποςθλους
744 4332 870 4410 edoces,
894 4350 991 4420 quam
1015 4321 1074 4423 ego
1098 4349 1207 4396 veram
1228 4350 1295 4398 esse
1314 4329 1445 4396 arbitror
