3080 4972
656 277 698 348 49

112 468 311 539 Demosthenis
341 493 437 557 quem
468 470 615 537 falsarius
645 469 842 557 compilavit.
888 470 1023 560 Legitur
1042 494 1117 563 pag.
1141 473 1196 540 80.
1221 467 1275 541 26.

113 568 133 639 οἰ
157 581 203 643 ούιι
228 577 427 658 αἰσχύνονται
453 579 598 660 Φιλίππῳ
622 577 731 658 ζῶντες
755 578 807 642 καί
831 578 863 641 ού
887 586 926 660 τῇ
951 578 1050 642 αὐτῶν
1073 582 1197 662 πατρίδι
1223 583 1275 648 καί

111 682 159 755 τάς
186 687 254 765 παρ’
285 685 398 750 εἰιείνον
430 684 542 766 δωρεάς
566 681 785 762 λαμβάνοντες
811 679 1002 750 ΟΙΟΝΤΑΪ
1019 683 1121 752 οἰκαδε
1143 690 1276 767 λαμβά-

112 797 160 852 νειν
187 790 224 855 τά
246 790 317 858 οἰκοι
352 795 536 863 πωλοῦντες.
570 791 605 856 id
637 793 684 856 est
715 789 788 854 eliis
817 790 940 857 verbis:
974 791 1033 863 τάς
1064 793 1140 873 παρ’
1164 793 1275 860 ἒιιείνον

111 892 203 975 δωρεάς
232 897 333 963 οἰκαδε
365 897 543 975 λαμβάνειν
575 895 747 976 νομίζοντες
777 897 830 960 ούιι
858 897 1053 962 αἰσθάνονται
1078 899 1129 963 καί
1153 901 1196 964 τά
1219 909 1275 977 τῆς

110 1000 208 1076 πόλεως
234 1004 287 1069 καί
319 1003 362 1068 τά
393 1010 480 1086 σφῶν
505 1005 605 1068 αὐτῶν
629 1007 819 1079 πωλοῦντες,
844 1023 924 1089 ques
948 1002 1034 1070 olere
1056 1009 1089 1070 st
1110 1007 1277 1090 perspicua

109 1114 178 1173 sunt.
211 1109 325 1176 Οἰκαδε
350 1109 528 1189 λαμβάνειν
549 1113 580 1175 et
601 1110 643 1173 τά
664 1108 735 1174 οἰκοι
755 1115 869 1173 πωλεῖν
889 1111 1044 1175 contraria
1063 1113 1155 1174 sunt:
1168 1111 1276 1196 itaque

108 1213 194 1280 οἰκαθε
222 1216 400 1296 λαμβάνειν
431 1223 479 1282 est
501 1218 553 1282 τὸν
575 1216 646 1282 ἰδιον
669 1211 746 1279 οἰκον
770 1213 883 1294 αύξειν.
929 1215 984 1282 sie
1007 1218 1110 1304 igitur
1130 1215 1277 1283 falsarius

108 1325 198 1387 noster
229 1325 357 1390 dederat
391 1325 583 1388 sententiam
616 1320 840 1386 Demosthenis
874 1321 912 1386 de
946 1341 1034 1386 more
1068 1321 1141 1387 aliis
1170 1323 1277 1389 verbis

107 1431 226 1494 vestiens
262 1430 304 1496 ad
336 1429 424 1494 furta
457 1429 610 1518 tegenda:
647 1427 700 1493 sed
735 1428 856 1492 foetum
885 1431 933 1492 est
963 1427 1047 1512 quod
1078 1428 1213 1494 assolet:
1238 1450 1277 1494 ex

107 1534 193 1599 simili
220 1535 289 1601 loeo
315 1534 459 1601 adhaesit
478 1537 532 1600 ούιι
556 1532 760 1614 αἰσχύνονται
784 1530 928 1612 Φιλίππῳ
951 1532 1080 1613 ζῶντες,
1107 1554 1169 1618 quo
1191 1535 1276 1602 isoio
1330 1603 1332 1608 ,

107 1641 191 1704 ΟΤΔ’
221 1639 416 1706 αἰσθάνονται
441 1661 497 1726 pro
521 1641 582 1704 ούΚ
606 1635 802 1704 αἰσθάνονται
825 1657 951 1703 neeesse
974 1644 1042 1704 eret
1065 1639 1218 1719 seribere,
1244 1648 1277 1707 et

105 1747 142 1810 sio
167 1752 237 1812 nata
265 1752 316 1813 est
346 1745 482 1834 vulgata
512 1745 625 1822 lectio,
657 1764 754 1829 quam
777 1742 929 1808 admirari
950 1745 1069 1827 poterit
1092 1747 1148 1829 qui
1170 1745 1276 1825 volet,

105 1852 149 1916 sed
168 1855 346 1942 intelligere
368 1873 461 1918 nemo
484 1853 602 1937 poterit
623 1870 790 1935 umquam.

140 2035 211 2124 Peg.
236 2034 313 2102 157.
341 2034 394 2100 18.
419 2072 440 2086 -
463 2032 686 2113 λογισαμένους
709 2035 748 2105 ὥς
771 2031 834 2097 οὐδ’
858 2032 910 2114 ἔφ’
931 2034 1003 2110 ύμῖν
1022 2032 1068 2102 ἔτί
1087 2034 1122 2099 τί
1141 2033 1276 2115 Φάσιιειν

102 2131 183 2218 riseri
207 2145 332 2222 adpetens.
379 2141 449 2207 Ηοο
481 2140 611 2226 quidem
643 2160 768 2225 semper
794 2141 829 2203 in
850 2141 1098 2225 uniuscuiusque
1120 2147 1277 2228 potestate

102 2249 188 2312 situm
219 2254 283 2328 est,
316 2249 350 2313 τὸ
383 2255 566 2314 ΦΑΟΚΕΙΝ
591 2245 705 2325 εἰράναν
729 2243 831 2324 dyest.
878 2245 963 2325 Quid
985 2245 1111 2314 multa?
1134 2249 1277 2315 Elimine

100 2353 257 2419 molestum
288 2353 483 2420 vocabulum
516 2358 548 2418 et
578 2353 731 2418 resoribe:
764 2350 824 2417 οὐδ’
856 2352 908 2434 ἐφ’
938 2354 1011 2429 ἡμῖν
1034 2353 1080 2422 ἐς)
1104 2353 1139 2418 τὸ
1164 2354 1277 2436 εἰρήνην

101 2455 192 2534 syse-
216 2461 270 2538 ἤδη
295 2461 358 2542 γάρ
383 2461 491 2532 ἐκεῖνος
516 2456 719 2540 προηγόρευκε
743 2457 794 2522 τὸν
817 2456 963 2536 πόλεμον.

137 2642 196 2708 Ubi
214 2644 338 2710 dixerat
356 2665 431 2731 pag.
455 2639 530 2708 157.
552 2640 606 2707 24.
627 2645 769 2727 oportere
788 2641 922 2720 χρῆσθαι
940 2645 1108 2722 ςρατιιγοίς
1120 2643 1276 2720 άμείνοσιν

98 2748 112 2821 ἰ
140 2749 284 2831 πρότερον.
320 2752 368 2814 isa
396 2751 520 2836 pergit:
553 2749 597 2826 μίι
629 2746 692 2826 γάρ
724 2745 870 2828 ὑπολάβοι
900 2770 946 2820 τις
978 2748 1060 2825 ὑμῶν
1093 2748 1129 2813 δι’
1159 2744 1196 2813 cia
1226 2752 1274 2836 [εἰι

96 2862 206 2932 enasse
228 2861 313 2922 reete
337 2875 401 2920 om.
426 2853 463 2938 S]
487 2852 608 2932 ἐγένετο
633 2853 676 2918 τά
701 2851 880 2931 πράγματα
902 2853 995 2934 χείρω
1015 2854 1058 2919 τά
1079 2862 1134 2929 τῆς
1154 2853 1273 2930 πόλεως

96 2959 140 3023 διά
177 2962 289 3026 τούτων
332 2961 418 3026 αύτά
454 2958 550 3024 πάλιν
584 2959 802 3036 ἀναλήψεσθαι
838 2959 890 3022 καί
926 2960 1108 3037 γενήσεσθαι
1142 2961 1273 3040 βελτίω.

95 3062 199 3133 Sumta
228 3069 307 3132 haeo
336 3072 412 3131 sunt
443 3087 482 3131 ex
511 3086 586 3153 pag.
618 3062 671 3130 25.
700 3061 751 3128 19.
778 3059 829 3128 εἶθ’
854 3061 947 3137 οὕτως
971 3065 1154 3144 άγνωμθνως
1179 3065 1272 3148 ἔχετε

96 3210 131 3220 -
153 3170 208 3242 eise
231 3174 272 3238 δι’
295 3170 334 3238 ιίν
358 3173 392 3237 ἐκ
415 3179 536 3254 χιιι-ὧν
559 3175 675 3252 Φαῦλα
693 3170 737 3235 τά
757 3167 939 3249 πράγματα
958 3179 1014 3246 τῆς
1033 3169 1150 3245 πόλεως
1163 3173 1273 3251 γέγονε

94 3276 138 3342 διά
167 3280 281 3347 τούτων
316 3277 460 3360 ὲλπίζετε
489 3277 559 3365 [τῶν
584 3278 685 3341 αὐτῶν
710 3274 849 3355 πράξεων
874 3275 951 3360 deh]
976 3277 1010 3340 ἐκ
1033 3276 1165 3356 φαύλων
1188 3280 1273 3344 αὐτοὶ

92 3388 188 3462 κοντα
212 3387 415 3466 γενύσεσθαιε
439 3385 599 3451 Falsarius
623 3405 660 3448 ea
683 3383 723 3447 ad
745 3402 838 3447 suam
860 3402 930 3446 rem
952 3384 999 3447 ita
1022 3383 1276 3449 accommodavit

90 3495 124 3555 ut
155 3492 191 3558 δι’
225 3489 264 3557 ὧν
297 3490 476 3557 masculino
507 3511 622 3579 genere
653 3488 720 3567 aspi
753 3493 811 3552 τῶν
840 3493 1001 3565 spernetis
1033 3487 1151 3552 diceret
1173 3510 1274 3574 quum

92 3599 168 3680 apud
196 3598 447 3664 Demosthenem
474 3602 587 3662 neutro
618 3614 735 3682 genere
761 3593 799 3658 de
831 3592 1078 3660 Atheniensium
1105 3595 1221 3661 inertia
1244 3604 1277 3664 et

90 3705 225 3770 socordia
249 3704 335 3770 diota
357 3705 471 3767 essent.

129 3885 207 3973 Peg.
241 3883 315 3950 158.
349 3883 380 3948 9.
413 3882 589 3958 Ἀθηναίους
621 3882 653 3947 δὲ
687 3876 728 3954 οἷς
760 3879 888 3962 πάσριθν
920 3882 965 3949 ἔτι
988 3883 1116 3959 μηδενὸς
1138 3884 1271 3952 άκούειν.

89 3987 122 4052 In
154 3991 303 4056 omnihus
337 3990 430 4055 libris
465 3993 513 4054 est
546 3989 748 4065 ὝΠακούειν,
786 3987 870 4072 quod
904 3989 1064 4055 soloecum
1098 3996 1162 4068 est,
1197 4014 1273 4058 nam

90 4094 251 4161 ὑπακούειν
273 4095 357 4182 apud
380 4099 503 4160 veteres
526 4096 611 4181 regit
634 4094 790 4159 dativum.
828 4091 921 4159 Solus
945 4093 967 4159 S
989 4117 1103 4161 verum
1123 4101 1273 4163 servavit.

89 4199 245 4267 Notabihs
275 4203 351 4268 haee
384 4205 431 4266 est
454 4201 600 4266 lectionis
623 4203 778 4277 varietas,
803 4202 879 4286 quia
902 4212 970 4266 tem
993 4223 1085 4287 saepe
1110 4200 1274 4268 ὑπακούειν

90 4314 220 4373 TlNOC
256 4310 368 4374 vitiose
402 4307 532 4394 legitur.
572 4302 621 4370 ef.
657 4326 736 4389 quae
768 4307 954 4391 scripsimus
985 4307 1024 4372 ad
1055 4307 1274 4392 Xenophontis

94 4411 298 4497 (hropaediona
319 4413 475 4479 Mnemos.
503 4406 602 4476 1875.
626 4432 707 4498 pag.
727 4407 804 4475 406.

1092 4503 1108 4546 4
