3096 4972
738 251 804 330 572

222 453 301 544 Peg.
327 441 403 522 790.
430 454 483 519 10.
508 451 599 529 ἡδέως
623 453 661 519 ίιν
685 454 792 531 είδείιρν
812 454 859 526 τίς
880 456 940 521 έςιν
961 453 976 517 ὅ
994 455 1050 530 τίρν
1068 455 1141 537 πρὸς
1160 453 1232 527 τοὺς
1254 450 1363 537 γονέας

177 560 292 627 εὔνοιαν
324 563 393 640 ι’ρῖιν
424 557 634 640 προδεδωκότα
661 565 784 638 τοῦτον,
820 559 854 636 ἣν
886 561 957 641 πρὸς
987 560 1039 624 τδν
1070 562 1164 639 δῆμον
1195 569 1246 629 νῦν
1280 563 1365 646 ἔχειν

178 669 375 746 ὑπισχνεῖται
408 665 549 735 πιτειίων.
599 666 684 746 Quid
715 668 777 731 sibi
799 666 872 733 vult
893 669 928 731 in
951 665 1010 731 tali
1032 687 1066 732 re
1090 667 1310 750 ὑπισχνεῖταιί
1333 677 1365 737 et

176 773 305 841 πιςειίον
330 775 384 847 τὴν
409 771 524 836 ειῖνοιοιυ
548 772 625 864 quid
648 768 716 837 est?
739 771 822 840 nihil
844 792 981 857 prorsus.
1027 773 1077 839 Ex
1100 776 1166 840 imo
1190 779 1365 844 sententiae

175 879 273 944 fundo
292 880 445 965 emergit:
470 874 504 951 ἣν
522 914 564 925 -
585 882 635 942 νῦν
659 876 743 957 ἔχειν
767 876 1022 958 ὑποκρίνεται;
1050 879 1115 965 (vel
1138 882 1362 970 προσποιεῖται)

176 986 307 1058 dendo
330 979 436 1048 εἶναι
462 983 603 1052 πιςείων.
639 982 773 1049 Videtur
795 983 909 1049 laouna
930 986 965 1049 in
987 989 1114 1052 vetusto
1136 985 1219 1052 libro
1237 992 1366 1053 utoum-

175 1111 236 1174 quo
259 1088 385 1175 expleta
406 1088 513 1154 fuisse.

221 1298 300 1386 Peg.
332 1295 409 1364 791.
443 1298 494 1363 12.
527 1300 553 1364 εί
577 1300 634 1376 μὲν
657 1296 706 1366 οὖν
730 1301 876 1380 οίνῖίνκται
899 1304 1004 1365 ταῦτα
1022 1337 1063 1349 -
1081 1303 1171 1378 ἡμεῖς
1195 1308 1363 1383 ληροῦμεν,

175 1441 219 1455 --
238 1407 262 1469 εί
295 1403 321 1469 δ’
354 1401 398 1468 ἔτι
430 1401 474 1472 ἔτι
505 1403 556 1469 καί
590 1403 657 1473 ἔται
690 1401 804 1486 ἕωσπερ
837 1404 874 1469 ἂν
908 1406 1012 1487 ε’κτίσρ
1039 1405 1105 1489 [καί
1131 1411 1252 1491 μενεῖ],
1278 1405 1364 1482 οὗτος

176 1511 258 1574 οὐδὲν
289 1510 399 1583 οίλκίές
432 1507 530 1587 λέγει.
578 1509 642 1575 Ubi
665 1509 717 1575 καί
742 1520 831 1589 μενεῖ
851 1511 1005 1579 deleveris
1027 1532 1102 1578 sona
1124 1515 1235 1578 omnia
1257 1520 1290 1579 et
1312 1537 1365 1580 ex-

173 1616 282 1702 pedito
304 1619 406 1681 erunt.

219 1823 381 1890 Insulsum
412 1824 575 1910 imprimis
610 1830 642 1890 ei
671 1825 878 1890 manifestum
909 1825 1068 1890 emblema
1102 1847 1177 1914 pag.
1219 1826 1295 1895 795.
1330 1830 1365 1896 2.

175 1930 358 1996 oDobroeo
381 1930 570 2014 deprensum
593 1936 651 1997 est.
696 1929 872 2015 Postquam
896 1931 1034 1997 dixerat:
1059 1931 1137 2004 τίνος
1161 1932 1192 1997 δὲ
1215 1936 1368 2013 συγγνοί-

174 2062 235 2116 μιρς
255 2075 296 2085 -
314 2038 340 2101 οἱ
373 2037 672 2118 σεσυκοφαντημένοι
707 2036 901 2116 τετυχήκασι
938 2037 1023 2116 παροδ
1058 2039 1182 2114 τούτους
1218 2041 1364 2109 addidit:

175 2142 227 2206 καί
261 2142 312 2223 ἐφ’
345 2137 386 2213 οίς
413 2143 426 2206 ὁ
450 2143 609 2220 βοίσκανος
634 2137 718 2212 οὗτος
742 2139 835 2215 οὕτως
859 2145 946 2221 ὠμοῖς
970 2143 1023 2207 καί
1048 2137 1159 2223 πικρῶς
1182 2141 1271 2225 εἶχε,
1295 2148 1365 2212 τού-

91 2327 93 2330 ,
174 2271 243 2318 τους
268 2249 350 2324 ὑμῶν
374 2249 399 2312 οί
423 2247 579 2326 λαχόντες
598 2249 642 2312 τίς
665 2248 770 2312 δίκαια
791 2251 944 2320 ποιοῦντες
965 2245 1072 2329 ἔσωζον
1092 2249 1142 2314 καί
1162 2250 1196 2314 τδ
1218 2252 1366 2329 πέμπτον

175 2351 262 2432 μέρος
286 2357 344 2416 τῶν
367 2353 482 2433 ψήφων
505 2355 539 2417 οὐ
563 2353 762 2430 μετεδίδοσαν
784 2353 879 2433 αὐτῷ.
915 2353 1004 2420 Haeo
1022 2353 1203 2442 Hyperides
1224 2357 1363 2424 dixerat:

171 2477 256 2521 nuno
286 2462 357 2543 post
388 2455 494 2537 ἔσωζον
522 2456 642 2544 legitur
672 2461 705 2522 in
736 2462 828 2522 textu
850 2459 910 2523 hoo
933 2459 1091 2525 scholium
1106 2443 1183 2545 Ι[καί
1208 2463 1280 2536 τοὺς
1305 2465 1364 2530 ὑπὸ

173 2561 282 2627 τούτου
314 2562 615 2645 συκοφαντουμένους
639 2563 888 2648 ἀπεψηφίζοντο]
912 2586 991 2650 quse
1014 2573 1046 2630 et
1068 2569 1175 2652 inepte
1199 2569 1365 2636 abundent

131 2729 133 2732 .
171 2688 273 2753 neque
296 2669 463 2734 verborum
489 2671 710 2754 compositioni
733 2675 923 2756 congruum.
957 2669 1068 2754 Itaque
1089 2673 1268 2740 rectissimo
1286 2675 1364 2741 haee

170 2774 333 2840 Dobroeus
357 2773 488 2842 delevit.
586 2855 589 2860 Ι

214 2982 295 3071 Peg.
322 2980 398 3050 797.
424 2981 476 3048 16.
502 2983 626 3048 ε’πειδοὶν
651 2977 699 3049 οὖν
719 3007 767 3058 τις
787 3022 826 3033 -
847 2982 917 3062 είπρ
938 2989 1070 3063 ..τοῦτον
1090 2985 1121 3050 δὲ
1141 2991 1249 3054 ταῦτα
1267 2999 1360 3058 ποιεῖν

171 3086 223 3151 καὶ
257 3090 348 3153 ταῦτ’
382 3090 550 3171 ὀφείλοντα
581 3091 622 3169 τῷ
648 3088 808 3170 δνμοσίῳ.”
832 3092 865 3157 τί
887 3090 927 3169 δ’;
953 3091 985 3156 οὐ
1010 3089 1062 3155 καί
1088 3091 1223 3172 ὅδεῖνα,
1247 3097 1358 3180 φησίν,

69 3273 71 3279 k
96 3193 97 3198 ί
172 3195 309 3274 ὀφείλεις
334 3197 385 3260 τὸν
410 3196 516 3276 ἐχθρὸν
541 3190 676 3263 έκαςΟΟ
700 3195 834 3260 ὑπειπὼν
855 3195 907 3260 τδν
926 3197 1032 3261 αὑτοῦ.
1079 3193 1253 3266 Manifesto
1273 3224 1356 3268 men·

170 3303 283 3367 dosum
303 3306 351 3366 esi
370 3296 515 3368 έκαςος.
535 3300 573 3364 de
594 3299 660 3365 solo
678 3301 894 3388 Aristogitone
913 3302 990 3368 haee
1011 3304 1168 3370 dicuntur.
1201 3305 1353 3373 Emendo:

171 3408 223 3473 τὸν
247 3408 350 3488 ε’χίρὸν
373 3406 520 3474 inciso&
545 3403 688 3470 ὑπειπών.

215 3617 296 3704 Peg.
322 3613 397 3683 798.
420 3609 475 3681 26.
500 3613 548 3680 δεῖ
567 3615 603 3690 δίι
628 3613 750 3688 ποίντας
769 3655 811 3665 -
830 3619 918 3681 τοῦτο
943 3617 977 3682 τδ
1003 3617 1096 3696 ίνρίον
1120 3615 1203 3697 ὑμᾶς
1228 3617 1353 3701 ἐξορίσαι

172 3762 213 3772 -
231 3723 275 3802 μὴ
307 3717 543 3802 περιμείναντας
574 3728 619 3784 TI
646 3723 764 3787 roaisio.
811 3721 1016 3808 legendum,
1042 3729 1080 3788 ui
1104 3724 1169 3789 diei
1191 3725 1289 3801 solet,
1311 3726 1352 3804 μίν

170 3829 406 3912 περιμείναντας
429 3835 490 3891 ΤΟ
516 3827 636 3896 παίεῖν.

213 4038 296 4123 Pag.
331 4034 406 4103 799.
439 4034 493 4103 11.
527 4035 736 4101 ἐπολιτεύοντο
766 4038 829 4116 γὰρ
861 4038 1009 4116 (maiores
1040 4040 1153 4122 nostri)
1187 4039 1257 4118 οὐχί
1291 4044 1348 4108 τοῖς

169 4141 381 4223 ποννροτοίτοις
413 4140 466 4205 κα)
497 4141 708 4222 συκοφοίνταις
740 4149 924 4222 συνεργθΙΝ
946 4139 1076 4214 διδόντες
1100 4145 1239 4218 ἑαυτούς.
1283 4144 1350 4210 Non

168 4257 216 4314 est
246 4249 324 4314 haee
354 4243 474 4312 Graeca
504 4250 604 4313 oratio
636 4248 741 4326 δίδωμι
767 4247 900 4325 ἐμαυτὸν
926 4256 1099 4340 συνεργεῖν,
1122 4250 1178 4314 sed
1200 4247 1347 4331 συνερνίι.

168 4351 404 4441 Corrigendum
426 4352 527 4437 igitur
551 4358 598 4420 est
621 4363 817 4437 συνερνΟΤΟ
839 4352 970 4426 διδόντες
992 4353 1131 4428 έοιυτοιίς.
