3034 4968
292 245 309 280 ⁹
657 235 700 307 85

93 425 140 492 καὶ
161 430 288 494 σωθῶσιν
312 449 331 495 a
351 429 434 496 bono
456 431 609 516 scriptore
632 431 696 497 dici
717 430 878 517 potuisset
909 453 949 498 116
972 453 991 499 a
1012 429 1098 500 maio
1121 430 1269 520 quidem,

92 538 124 598 ut
144 555 201 622 ego
223 536 368 602 arbitror.

128 749 204 839 Pag.
229 749 307 816 216.
333 750 385 816 18.
411 753 484 830 ἡμῖν
508 750 688 833 συμμάχων
708 752 1029 834 peraccedentes
1050 755 1101 821 κα)
1122 757 1160 822 δι’
1182 757 1267 836 ἡμᾶς

89 855 284 936 σεσωσμένων.
329 857 367 922 In
397 856 420 923 S
452 858 567 925 diserte
597 862 754 945 scriptum
784 861 854 928 vidi
883 861 949 928 Fol.
984 860 1049 930 527
1080 881 1189 929 verso:
1226 861 1266 928 δι’

90 965 162 1040 ἡμᾶς
185 962 363 1044 σεσωμένων
385 965 462 1050 (non
484 966 706 1052 accceptior).
752 965 828 1033 111666
850 967 932 1034 hanc
958 973 1100 1034 161616111
1122 970 1267 1034 Atticam

89 1068 212 1136 formam
231 1071 429 1136 ostendimus
449 1071 490 1136 ad
508 1070 651 1138 Platonis
667 1071 793 1138 Critian
808 1072 1078 1142 Μ11611166.1875.
1098 1096 1174 1163 pag.
1191 1073 1266 1144 190.

126 1281 290 1368 Sequitur:
316 1282 373 1354 ὅτε
398 1295 553 1368 πανταχῇ
577 1284 728 1368 συμφέρει
751 1287 833 1366 μήτε
856 1287 998 1370 προέσθαι
1018 1289 1087 1362 τοὺς
1110 1288 1266 1371 Ἀρκοέδας

89 1390 159 1464 μήτε
182 1390 221 1456 δι’
244 1390 359 1464 αὑτοὺς
384 1392 613 1472 περιγεγονέναι
634 1392 740 1459 δοκεῖν.
775 1393 938 1461 Dobraeus
957 1397 1110 1476 esposicion
1131 1398 1267 1484 corrige·

90 1493 150 1572 bet,
176 1497 230 1563 sed
259 1499 426 1583 passivum
457 1519 603 1584 praesens
626 1500 780 1580 προΐεσθαι
812 1505 860 1566 661
890 1501 1018 1567 melius.
1066 1500 1166 1587 Saepe
1188 1503 1266 1569 haec

89 1601 161 1667 inter
182 1624 214 1670 66
237 1603 367 1670 misceri
389 1626 485 1691 snpra
505 1605 712 1672 ostendimus.

321 1825 419 1882 ΠΕΡΙ
443 1825 544 1882 ΤΩΝ
567 1827 685 1928 ΠΡΟΟΙ
703 1818 1020 1887 ἈΛΕΞΑΝΔΡοΝ.

124 2025 198 2117 Peg.
223 2028 300 2094 212.
329 2027 379 2094 16.
406 2023 493 2108 οἶμαι
519 2027 564 2105 δ’,
596 2031 622 2096 εἰ
646 2027 725 2105 ἦσαν
748 2031 833 2098 κατὰ
858 2033 909 2097 τὸν
933 2031 991 2097 νυν1
1017 2030 1123 2115 χρόνον
1147 2034 1172 2098 οἱ
1196 2041 1267 2098 Πει-

88 2137 246 2217 saeperita
273 2136 328 2202 καέ
350 2160 397 2207 τις
420 2134 565 2218 ἐβιάζετο
590 2136 743 2216 κατοέγειν
762 2137 873 2209 αὐτοὺς
893 2136 1101 2218 ἁρπάσαντος
1123 2137 1162 2203 ἂν
1182 2140 1264 2217 ὑμᾶς

86 2241 121 2304 σοὶ
153 2237 236 2307 ὅπλα
273 2241 380 2308 πσέντα
424 2241 554 2308 κίνδυνον
598 2243 758 2321 ὑπομεῖναι
797 2243 866 2310 ἀντὶ
900 2247 954 2309 τοῦ
989 2243 1262 2321 ΠΑΡΑδέξασθαι.

86 2345 224 2435 Quisquis
245 2349 324 2414 haec
347 2350 487 2434 scripsit,
512 2347 693 2435 Hyperides
716 2352 850 2435 anquis
874 2349 973 2428 eiius,
1000 2354 1167 2437 scripserat
1191 2352 1259 2417 cieri

84 2459 129 2518 τσῦ
151 2455 424 2534 ΚΑΤΑδέξασθαι.
472 2453 751 2534 Quemadmodum
774 2459 861 2522 enim
891 2455 1044 2534 κατοέγειν
1068 2462 1100 2522 61
1123 2457 1263 2524 κατιέναι

83 2565 245 2628 6616611166
276 2562 362 2648 apud
392 2582 501 2628 omnes
529 2563 566 2627 dc
593 2563 729 2627 omatibus
758 2568 936 2649 ponuntur,
967 2566 1013 2629 616
1046 2565 1159 2629 civitas
1183 2586 1262 2650 quae

84 2666 181 2734 exules
202 2669 308 2752 recapit
337 2673 422 2734 certo
454 2672 487 2733 61
516 2670 641 2754 proprio
672 2689 733 2734 usu
761 2668 879 2733 dicitur
903 2689 955 2734 666
985 2668 1261 2750 ΚΑΤΑδέχεσθαι.

82 2769 179 2840 Μ1116
201 2779 276 2841 sunt
297 2775 395 2840 huius
417 2795 495 2840 usus
519 2773 603 2860 apud
626 2771 773 2842 Oratores
795 2778 828 2840 et
851 2774 930 2841 aiios
954 2775 1109 2861 exempla.

120 2991 194 3080 Peg.
219 2989 296 3056 213.
322 2987 375 3058 17.
401 2987 444 3055 iet
469 2987 521 3055 κα1
547 2986 699 3066 ιιατοὶγειν
722 2987 773 3052 τὸν
795 2985 995 3068 Ἀλέξανδρον
1017 2987 1140 3062 αὐτούς.
1188 2989 1257 3054 Imo

81 3117 147 3164 vero
168 3104 390 3164 assaturae.
438 3094 564 3161 Passim
593 3094 671 3160 haec
699 3094 828 3160 confirsa
855 3094 997 3174 videbis,
1022 3095 1120 3161 etiam
1142 3097 1178 3160 in
1199 3094 1259 3160 hoc

79 3203 140 3288 ipso
161 3204 230 3271 1666
253 3223 328 3291 pag.
353 3201 429 3267 213.
457 3200 510 3266 14.
536 3201 672 3282 πολεμίῳ
696 3199 877 3283 χρησόμεθα
901 3203 942 3282 τῷ
967 3197 1258 3278 καταΓΑΓθντι,8
1375 3257 1377 3262 .

81 3308 243 3389 κασοέγοντι
266 3311 399 3386 1111666,
423 3312 462 3374 61
484 3307 582 3375 vides.
609 3307 649 3372 cf.
673 3311 705 3373 61
728 3327 799 3395 pag.
828 3306 904 3373 213.
930 3304 985 3374 27.

117 3522 272 3590 Mandum
290 3523 462 3589 sexcenties
481 3520 559 3586 alibi
578 3519 743 3585 sublatum
758 3505 962 3607 pertinaciter
976 3519 1079 3585 haesit
1091 3538 1163 3606 pag.
1178 3517 1256 3584 216.

77 3623 124 3692 21.
147 3637 208 3703 πῶς
233 3630 281 3695 δεῖ
299 3628 431 3711 χρῆσθαι
455 3634 518 3700 τοῖς
543 3626 726 3698 δεσποτικῶς
748 3626 801 3692 καὶ
827 3628 970 3716 ἀσελγῶς
987 3624 1184 3703 διακειμένοις
1204 3625 1257 3691 καὶ

76 3731 121 3797 διὰ
143 3735 246 3810 τέλους
270 3735 313 3800 τοὶ
342 3736 399 3812 μὲν
427 3732 678 3811 ἐπιβουλεύουσι,
703 3733 746 3797 τοὶ
771 3732 801 3797 δέ
825 3743 1014 3798 ΠΡΑστουσι
1040 3731 1093 3797 καὶ
1118 3757 1258 3812 καταγε-

76 3845 143 3905 λῶσι
175 3848 228 3916 τῆς
262 3849 358 3916 κοινῆς
392 3840 516 3921 sipirtus.
564 3837 640 3905 Sine
662 3859 752 3904 mora
775 3841 914 3926 corrige:
940 3838 983 3903 sci
1007 3838 1038 3905 δὲ
1059 3841 1259 3906 ΠΡΟΟΤοέτ-

76 3969 166 4012 τουσι,
200 3947 313 4014 Paullo
337 3951 409 4012 anie
426 3945 548 4033 legitur
565 3967 639 4034 pag.
652 3944 730 4011 216.
746 3946 797 4011 11.
824 3947 857 4011 ἐκ
876 3945 1121 4027 προστάγματος
1142 3943 1258 4022 ἄλλους

76 4054 272 4134 κατήγαγεν,
296 4054 355 4119 ubi
376 4051 459 4118 11161
480 4073 564 4118 unus
587 4051 776 4134 πράγματος
799 4053 913 4128 habet,
935 4052 990 4117 sed
1014 4057 1198 4119 correctum.

117 4265 198 4354 Peg.
228 4265 300 4331 216.
333 4265 386 4331 28.
419 4264 477 4331 κᾶν
500 4261 555 4344 μέν
584 4289 614 4330 τι
643 4263 756 4348 dapis
780 4271 837 4331 τῶν
862 4264 974 4346 ἐχθρῶν
1004 4263 1103 4351 [κατὰ
1125 4271 1180 4339 τῆς
1204 4264 1258 4329 πο’-

78 4375 163 4458 λεως]
188 4372 219 4438 έν
241 4382 302 4448 τοῖς
328 4367 441 4454 ὅρκοις,
471 4375 560 4437 τοῦτο
583 4372 640 4452 μὲν
661 4370 784 4452 ἰσχυρὸν
807 4370 856 4436 cisi
881 4371 1071 4446 ποιήσουσιν·
1096 4368 1149 4434 ἐὰν
1171 4369 1203 4435 δέ
1227 4394 1257 4438 τι
