3086 4968
802 231 868 302 506

140 447 145 458 ·
236 427 351 496 bulum
370 429 406 493 in
427 427 487 492 hcc
510 427 660 492 orationis
683 426 788 492 forme
807 447 933 513 semper
955 427 1030 494 eddi
1052 425 1202 494 solitum:
1228 421 1330 492 ἕίεσίε
1348 433 1414 490 ΓΑΡ

237 534 313 616 ἱερὸν
336 532 433 611 νίμον.
458 532 496 597 cf.
521 552 596 619 pag.
622 530 698 597 563.
724 531 756 597 6.
777 540 900 611 σημεῖον
923 535 971 600 δέ·
995 537 1012 609 η
1032 532 1089 611 μὲν
1107 533 1172 611 γὰρ
1190 529 1323 598 ιίτέδοτσ
1343 529 1416 601 εύίύς
1519 561 1520 616 ]

237 638 410 721 νενίμενον.
430 659 506 726 pag.
528 636 603 704 359.
628 637 681 702 14.
701 645 826 716 σημεῖον
845 639 892 704 δέ·
913 641 946 706 ού
966 638 1029 719 γὰρ
1046 637 1085 704 ἂν
1100 639 1177 719 δεῦρ’
1194 632 1273 712 ἧκον.
1308 637 1418 704 nedem

238 752 286 814 cci
315 746 553 832 compositionis
581 745 663 810 ratio
686 744 743 810 ubi
766 743 930 825 μαρτύριον
953 745 999 822 δέ,
1023 743 1077 811 vc]
1098 743 1259 823 τεκμήριον
1282 741 1316 808 δέ
1339 761 1418 827 prcc-

237 853 331 919 eedit.
361 851 428 918 vid.
459 872 536 939 pag.
569 847 648 918 557.
682 848 866 935 10,1021.
892 851 953 937 14,
979 849 1078 916 1121.
1104 848 1164 928 19,
1190 846 1292 917 1125.
1316 846 1371 916 24.
1392 849 1420 912 et

239 979 331 1045 saepe
354 956 442 1024 alibi.
1520 959 1521 972 ¹

284 1167 364 1254 Peg.
390 1164 466 1232 528.
490 1163 546 1229 20.
570 1162 608 1230 ῦν
631 1163 663 1229 δὲ
685 1169 793 1245 μικροῦ
817 1161 898 1230 τοίνυ
923 1166 1127 1251 [τιμήματος]
1152 1163 1238 1242 ι’ίξιύν
1258 1190 1307 1238 τις
1328 1162 1421 1245 λύβη,

241 1272 302 1357 βία
331 1273 363 1339 δὲ
396 1275 485 1338 τοῦτο
516 1269 693 1351 ἀφέληται,
724 1271 759 1336 τὸ
792 1271 855 1336 ίσον
882 1275 924 1354 τῷ
949 1274 1079 1355 δημοσίῳ
1103 1277 1276 1352 προστιμᾶν
1299 1273 1326 1338 οἷ
1349 1268 1422 1349 νίμοι
1521 1345 1522 1352 ¹

242 1377 416 1445 recisionem
440 1375 507 1444 ὅσον
529 1400 585 1457 τερ
611 1377 645 1452 δη
669 1377 710 1458 τῷ
734 1383 932 1444 ’1ΔΙΩΤΗΙ.
968 1378 1084 1446 Veram
1102 1377 1274 1444 lectionem
1294 1377 1423 1445 servavit

241 1484 472 1571 Harpocration
495 1506 528 1551 v.
552 1483 713 1548 Βιαίυντ
738 1482 833 1564 ύνομα
856 1485 939 1560 δίκης
963 1486 1049 1552 κατδι
1072 1490 1130 1550 τῶν
1153 1483 1214 1568 βία
1236 1482 1423 1564 πραττόντων

243 1593 354 1658 ὁτιοῦν·
376 1591 390 1654 ί
410 1589 441 1653 δὲ
461 1588 555 1661 οὶλοῦς
576 1588 714 1654 ύτοτίνει
734 1590 777 1660 είς
799 1590 834 1656 τί
854 1590 995 1669 δημίσιον
1015 1590 1077 1659 ίσον
1097 1588 1163 1656 ύσον
1183 1592 1226 1671 τῷ
1239 1593 1421 1658 ἘΛΟΝΤΓ

245 1693 441 1775 Δημοσίένης
464 1694 550 1760 κατιὶ
573 1693 711 1759 Μειδίου.
751 1694 919 1764 Praeterea
942 1697 1030 1763 aufer
1048 1697 1223 1762 absurdum
1243 1697 1423 1774 τιμήματος.

244 1801 454 1888 Opponuntur
485 1802 569 1865 inter
599 1819 633 1865 ee
662 1798 817 1867 τύλαντον
848 1793 878 1866 ἓν
911 1801 928 1876 ἢ
961 1801 1013 1868 δύο
1044 1801 1061 1877 ἢ
1091 1800 1183 1880 δέκα,
1208 1819 1290 1886 qnae
1312 1819 1425 1887 praece

243 1909 342 1994 dunt,
366 1911 398 1974 ei
420 1911 526 1987 μικροῦ
553 1904 634 1971 τιίνυ
661 1902 746 1981 ι’ίξισν
770 1929 817 1972 ree
840 1907 957 1971 τοίηίιιιί
973 1907 1082 1991 pretii.
1523 1925 1524 1932 ¹

288 2114 368 2201 Peg.
394 2111 470 2179 530.
495 2109 528 2177 8.
552 2113 610 2178 οὐδ’
638 2108 712 2177 ύσιιν
736 2111 775 2177 διν
798 2115 890 2192 τιμην
915 2112 1100 2185 καταθέντες
1126 2111 1275 2199 [δούλους]
1299 2115 1423 2190 κτίσον·

244 2243 298 2286 ται
328 2219 394 2284 οῦδὲ
425 2218 551 2291 τούτους
583 2217 715 2300 ὑβρίζειν
745 2217 890 2296 αξιοῦσιν.
936 2217 1092 2305 Spurium
1122 2222 1170 2284 cet
1200 2218 1322 2292 δούλους
1349 2218 1424 2305 quod
1524 2223 1525 2280 ξ

242 2323 440 2411 ineleganter
470 2329 503 2390 et
533 2325 648 2390 vitiose
678 2325 828 2390 abundet.
874 2323 960 2390 Inest
986 2324 1083 2391 hniue
1105 2327 1152 2390 rei
1175 2327 1264 2391 notio
1285 2328 1320 2391 in
1339 2325 1422 2404 emir

244 2428 441 2503 καταθέντες.
486 2427 539 2495 Sic
570 2449 662 2515 caepe
692 2432 776 2498 servi
806 2430 1008 2514 ἀργυρώνητοι
1043 2429 1262 2516 appellantur,
1297 2439 1328 2498 et
1356 2431 1421 2496 hinc

244 2535 467 2622 proverbium:

473 2638 560 2726 Θρρὶξ
582 2642 708 2722 εύηενης
733 2636 764 2706 εί
784 2641 856 2723 τρὸς
880 2639 963 2716 ι’ίλας
988 2640 1205 2725 ἠγορασμένος.

288 2851 368 2940 Peg.
393 2847 469 2915 531.
496 2847 548 2916 16.
572 2852 613 2930 τῷ
638 2850 723 2931 δήμῳ
746 2853 789 2931 τῷ
812 2849 979 2925 Ἀθηναίων
1002 2851 1015 2914 ὁ
1036 2854 1089 2916 τοῦ
1113 2849 1186 2923 Διὸς
1207 2850 1361 2929 σημαίνει·
1377 2844 1416 2914 ίτι

243 2959 304 3030 τοὶς
339 2953 415 3037 ύρας
452 2964 698 3035 ταρηΝΕΓκατε
733 2964 790 3031 τῆς
825 2955 931 3030 ύυσίας
966 2956 1019 3022 καί
1050 2962 1105 3030 τῆς
1141 2956 1264 3038 ίεοιρίας
1297 2954 1416 3038 αἱρετούς

248 3063 383 3140 τίμτειν
418 3062 561 3147 [κελεύει]
597 3061 718 3142 ίειορσῦς
750 3060 846 3126 ἐννέα.
893 3060 978 3142 Quid
1005 3065 1048 3127 sit
1070 3063 1129 3136 τας
1153 3059 1230 3142 ύρας
1253 3072 1308 3140 τῆς
1330 3060 1416 3132 ίυσίας

247 3169 437 3252 παραφέρειν
468 3187 562 3233 nemo
594 3165 687 3232 facile
719 3167 815 3232 dicet.
860 3166 1049 3255 Legendnm
1079 3169 1260 3249 ταρηκατε,
1287 3173 1324 3234 ut
1343 3184 1416 3251 saepe

248 3276 366 3342 dicitnr
387 3274 440 3340 τὸν
464 3273 566 3353 καιρδν
588 3272 740 3352 ταριέναι.
761 3272 825 3339 vid.
849 3272 889 3339 ad
908 3295 983 3362 pag.
1003 3270 1058 3338 24.
1078 3271 1132 3338 24.
1152 3294 1249 3359 supra
1267 3296 1337 3362 pag.
1355 3268 1414 3336 455.

292 3380 414 3446 Deinde
455 3399 601 3466 expunge
644 3377 777 3463 κελεύει,
822 3399 902 3464 qnae
935 3381 1023 3445 notio
1055 3381 1138 3445 inest
1170 3381 1206 3444 in
1238 3376 1415 3466 praecedenti

247 3486 400 3564 σημαίνει.
447 3485 574 3551 Passim
597 3484 687 3550 scioli
709 3491 813 3550 euum'
826 3483 961 3562 κελεύει,
983 3483 1131 3569 κελεύων,
1150 3485 1303 3559 κελεύσας
1321 3481 1415 3551 inutile

247 3591 388 3659 {illerum
411 3595 602 3678 supponunt.
640 3590 720 3679 Peg.
747 3587 823 3659 517.
846 3588 878 3655 8.
899 3590 912 3654 ὃ
932 3590 989 3669 μὲν
1009 3589 1096 3669 νίμος
1117 3586 1203 3666 ούτίς
1223 3594 1286 3662 ἐςιν
1305 3590 1415 3669 -λίηοιν

248 3704 343 3764 ποιεῖν
375 3699 430 3774 την
459 3696 627 3770 ε’κκλησίαν
657 3697 688 3760 ἐν
718 3694 864 3762 Διονύσου
884 3697 974 3760 -ἕν
1002 3696 1034 3761 δὲ
1055 3695 1155 3777 ταύτη
1174 3733 1216 3746 -
1233 3693 1416 3778 χρηματῐζειι

250 3803 395 3890 [κελέύει]
428 3800 493 3882 τερί
523 3796 561 3866 ὧν
585 3799 623 3868 οῦν
645 3827 693 3875 τις
717 3802 862 3879 ἠδικηκὼς
888 3799 905 3884 ᾖ
929 3801 996 3883 περὶ
1020 3802 1076 3878 τὴν
1101 3803 1212 3883 ἑορτήν.
1236 3805 1295 3869 nbi
1315 3805 1415 3887 imper·

248 3915 366 3976 1111111111
397 3906 514 3972 κελεύει
544 3909 579 3972 in
603 3906 625 3974 S
649 3910 805 3974 omissum
828 3909 1004 3974 rectissime
1028 3914 1258 3994 expunxerunt.
1304 3905 1417 3976 Addidit

249 4014 327 4080 olim
351 4013 483 4098 aliquis,
508 4016 563 4098 qui
585 4035 649 4079 non
671 4013 874 4086 intellexerei
893 4012 1098 4097 χρηματίζειν
1119 4035 1265 4101 quoque,
1284 4017 1415 4080 111τιιεῖι

249 4121 304 4194 την
328 4119 513 4198 ε’κκλησίαν,
538 4140 557 4186 a
579 4121 680 4199 λέγων
704 4120 850 4206 pendere.

294 4327 375 4413 Peg.
409 4322 485 4390 533.
517 4328 548 4391 2.
580 4327 633 4391 ε’διν
665 4329 747 4396 'elli
778 4334 954 4414 συμφοραῖς
986 4331 1072 4394 τινῶν
1103 4327 1275 4408 γερονίτυν
1307 4317 1413 4406 irenaei
