<?xml version="1.0" encoding="UTF-8"?>
<!DOCTYPE html PUBLIC "-//W3C//DTD XHTML 1.0 Transitional//EN"
    "http://www.w3.org/TR/xhtml1/DTD/xhtml1-transitional.dtd">
<html xmlns="http://www.w3.org/1999/xhtml" xml:lang="en" lang="en">
 <head>
  <title>
</title>
<meta http-equiv="Content-Type" content="text/html;charset=utf-8" />
  <meta name='ocr-system' content='tesseract 3.04.00' />
  <meta name='ocr-capabilities' content='ocr_page ocr_carea ocr_par ocr_line ocrx_word'/>
</head>
<body>
  <div class='ocr_page' id='page_1' title='image "./miscellaneacrit02cobegoog_0069.png"; bbox 0 0 3080 4972; ppageno 0'>
   <div class='ocr_carea' id='block_1_1' title="bbox 733 227 775 296">
    <p class='ocr_par' dir='ltr' id='par_1_1' title="bbox 733 227 775 296">
     <span class='ocr_line' id='line_1_1' title="bbox 733 227 775 296; baseline 0 0"><span class='ocrx_word' id='word_1_1' title='bbox 733 227 775 296; x_wconf 77' lang='lat'>45</span> 
     </span>
    </p>
   </div>
   <div class='ocr_carea' id='block_1_2' title="bbox 169 420 1462 3367">
    <p class='ocr_par' dir='ltr' id='par_1_2' title="bbox 169 420 1462 3367">
     <span class='ocr_line' id='line_1_2' title="bbox 175 420 1373 507; baseline 0.003 -21"><span class='ocrx_word' id='word_1_2' title='bbox 175 421 392 507; x_wconf 78' lang='lat' dir='ltr'><strong>suspicionem</strong></span> <span class='ocrx_word' id='word_1_3' title='bbox 416 420 593 506; x_wconf 78' lang='lat' dir='ltr'>conceperit</span> <span class='ocrx_word' id='word_1_4' title='bbox 612 439 731 507; x_wconf 76' lang='lat' dir='ltr'>magno</span> <span class='ocrx_word' id='word_1_5' title='bbox 754 439 847 506; x_wconf 90' lang='lat' dir='ltr'>opere</span> <span class='ocrx_word' id='word_1_6' title='bbox 869 420 1055 486; x_wconf 90' lang='lat' dir='ltr'>mirandum</span> <span class='ocrx_word' id='word_1_7' title='bbox 1079 424 1143 487; x_wconf 88' lang='lat' dir='ltr'>est:</span> <span class='ocrx_word' id='word_1_8' title='bbox 1169 423 1245 489; x_wconf 93' lang='lat' dir='ltr'>adeo</span> <span class='ocrx_word' id='word_1_9' title='bbox 1264 425 1373 490; x_wconf 88' lang='lat' dir='ltr'>omnia</span> 
     </span>
     <span class='ocr_line' id='line_1_3' title="bbox 176 526 1370 617; baseline 0.002 -25"><span class='ocrx_word' id='word_1_10' title='bbox 176 533 250 592; x_wconf 91' lang='lat' dir='ltr'>sunt</span> <span class='ocrx_word' id='word_1_11' title='bbox 274 534 307 593; x_wconf 87' lang='lat' dir='ltr'>et</span> <span class='ocrx_word' id='word_1_12' title='bbox 330 530 365 591; x_wconf 89' lang='lat' dir='ltr'>in</span> <span class='ocrx_word' id='word_1_13' title='bbox 387 529 553 592; x_wconf 73' lang='lat' dir='ltr'>sententiis</span> <span class='ocrx_word' id='word_1_14' title='bbox 576 531 608 592; x_wconf 88' lang='lat' dir='ltr'>et</span> <span class='ocrx_word' id='word_1_15' title='bbox 628 528 662 589; x_wconf 92' lang='lat' dir='ltr'>in</span> <span class='ocrx_word' id='word_1_16' title='bbox 684 526 809 592; x_wconf 90' lang='lat' dir='ltr'>dicendi</span> <span class='ocrx_word' id='word_1_17' title='bbox 829 547 890 591; x_wconf 88' lang='lat' dir='ltr'>usu</span> <span class='ocrx_word' id='word_1_18' title='bbox 909 526 1122 592; x_wconf 78' lang='lat' dir='ltr'>Demosthene</span> <span class='ocrx_word' id='word_1_19' title='bbox 1135 529 1370 617; x_wconf 80' lang='lat' dir='ltr'>indignissima.</span> 
     </span>
     <span class='ocr_line' id='line_1_4' title="bbox 176 632 1372 719; baseline 0.004 -22"><span class='ocrx_word' id='word_1_20' title='bbox 176 632 239 712; x_wconf 82' lang='lat' dir='ltr'>Qui</span> <span class='ocrx_word' id='word_1_21' title='bbox 263 635 346 699; x_wconf 91' lang='lat' dir='ltr'>serio</span> <span class='ocrx_word' id='word_1_22' title='bbox 369 633 518 698; x_wconf 82' lang='lat' dir='ltr'>inducere</span> <span class='ocrx_word' id='word_1_23' title='bbox 540 635 574 697; x_wconf 92' lang='lat' dir='ltr'>in</span> <span class='ocrx_word' id='word_1_24' title='bbox 598 635 743 699; x_wconf 90' lang='lat' dir='ltr'>animum</span> <span class='ocrx_word' id='word_1_25' title='bbox 766 637 871 719; x_wconf 92' lang='lat' dir='ltr'>potest</span> <span class='ocrx_word' id='word_1_26' title='bbox 893 632 1160 713; x_wconf 79' lang='lat' dir='ltr'>Demosthenem,</span> <span class='ocrx_word' id='word_1_27' title='bbox 1184 637 1241 700; x_wconf 90' lang='lat' dir='ltr'>ubi</span> <span class='ocrx_word' id='word_1_28' title='bbox 1264 637 1305 702; x_wconf 92' lang='lat' dir='ltr'>ad</span> <span class='ocrx_word' id='word_1_29' title='bbox 1327 637 1372 702; x_wconf 83' lang='lat' dir='ltr'>fa·</span> 
     </span>
     <span class='ocr_line' id='line_1_5' title="bbox 175 739 1371 826; baseline 0.003 -23"><span class='ocrx_word' id='word_1_30' title='bbox 175 739 275 804; x_wconf 89' lang='lat' dir='ltr'>talem</span> <span class='ocrx_word' id='word_1_31' title='bbox 299 745 331 806; x_wconf 89' lang='lat' dir='ltr'>et</span> <span class='ocrx_word' id='word_1_32' title='bbox 354 745 532 806; x_wconf 82' lang='lat' dir='ltr'>extremam</span> <span class='ocrx_word' id='word_1_33' title='bbox 554 739 632 804; x_wconf 92' lang='lat' dir='ltr'>belli</span> <span class='ocrx_word' id='word_1_34' title='bbox 650 743 871 806; x_wconf 88' lang='lat' dir='ltr'>necessitatem</span> <span class='ocrx_word' id='word_1_35' title='bbox 891 746 973 806; x_wconf 88' lang='lat' dir='ltr'>esset</span> <span class='ocrx_word' id='word_1_36' title='bbox 994 747 1202 826; x_wconf 84' lang='lat' dir='ltr'>perventum,</span> <span class='ocrx_word' id='word_1_37' title='bbox 1225 742 1264 807; x_wconf 87' lang='lat' dir='ltr'>ad</span> <span class='ocrx_word' id='word_1_38' title='bbox 1285 744 1371 808; x_wconf 86' lang='lat' dir='ltr'>cives</span> 
     </span>
     <span class='ocr_line' id='line_1_6' title="bbox 175 841 1370 930; baseline 0.001 -21"><span class='ocrx_word' id='word_1_39' title='bbox 175 848 221 910; x_wconf 85' lang='lat' dir='ltr'>ita</span> <span class='ocrx_word' id='word_1_40' title='bbox 251 846 386 910; x_wconf 80' lang='lat' dir='ltr'>dixisse:</span> <span class='ocrx_word' id='word_1_41' title='bbox 421 841 466 910; x_wconf 77' lang='grc' dir='ltr'><em>ὅτι</em></span> <span class='ocrx_word' id='word_1_42' title='bbox 498 845 529 910; x_wconf 78' lang='grc' dir='ltr'>δὲ</span> <span class='ocrx_word' id='word_1_43' title='bbox 558 847 618 925; x_wconf 69' lang='grc' dir='ltr'><em>χρὴ</em></span> <span class='ocrx_word' id='word_1_44' title='bbox 651 846 726 923; x_wconf 72' lang='grc' dir='ltr'><em>μήτ’</em></span> <span class='ocrx_word' id='word_1_45' title='bbox 756 844 887 930; x_wconf 74' lang='grc' dir='ltr'>ὀρρωδεῖν</span> <span class='ocrx_word' id='word_1_46' title='bbox 913 847 995 924; x_wconf 80' lang='grc' dir='ltr'><em>ὑμεῖς</em></span> <span class='ocrx_word' id='word_1_47' title='bbox 1021 849 1075 923; x_wconf 70' lang='grc' dir='ltr'><em>τὴν</em></span> <span class='ocrx_word' id='word_1_48' title='bbox 1100 848 1213 914; x_wconf 85' lang='grc' dir='ltr'><em>ε’κείνον</em></span> <span class='ocrx_word' id='word_1_49' title='bbox 1239 848 1370 926; x_wconf 80' lang='grc' dir='ltr'><em>δύναμιν</em></span> 
     </span>
     <span class='ocr_line' id='line_1_7' title="bbox 175 952 1370 1033; baseline 0.003 -18"><span class='ocrx_word' id='word_1_50' title='bbox 175 953 256 1030; x_wconf 74' lang='grc' dir='ltr'><em>μήτε</em></span> <span class='ocrx_word' id='word_1_51' title='bbox 292 953 428 1031; x_wconf 76' lang='grc' dir='ltr'><em>ἀγεννῶς</em></span> <span class='ocrx_word' id='word_1_52' title='bbox 465 953 691 1033; x_wconf 68' lang='grc' dir='ltr'>ἀντιταχθῆναι</span> <span class='ocrx_word' id='word_1_53' title='bbox 723 953 794 1032; x_wconf 75' lang='grc' dir='ltr'><em>πρὸς</em></span> <span class='ocrx_word' id='word_1_54' title='bbox 829 952 922 1016; x_wconf 82' lang='grc' dir='ltr'><em>αὐτὸν</em></span> <span class='ocrx_word' id='word_1_55' title='bbox 953 954 1042 1018; x_wconf 88' lang='grc' dir='ltr'>ἀλλά</span> <span class='ocrx_word' id='word_1_56' title='bbox 1075 954 1128 1019; x_wconf 76' lang='grc' dir='ltr'><em>καὶ</em></span> <span class='ocrx_word' id='word_1_57' title='bbox 1163 956 1286 1032; x_wconf 83' lang='grc' dir='ltr'><em>σώμασι</em></span> <span class='ocrx_word' id='word_1_58' title='bbox 1318 955 1370 1019; x_wconf 78' lang='grc' dir='ltr'><em>καί</em></span> 
     </span>
     <span class='ocr_line' id='line_1_8' title="bbox 172 1056 1369 1142; baseline 0.005 -22"><span class='ocrx_word' id='word_1_59' title='bbox 172 1056 318 1137; x_wconf 76' lang='grc' dir='ltr'><em>χρίμασι</em></span> <span class='ocrx_word' id='word_1_60' title='bbox 349 1059 402 1123; x_wconf 74' lang='grc' dir='ltr'><em>καὶ</em></span> <span class='ocrx_word' id='word_1_61' title='bbox 436 1057 523 1123; x_wconf 77' lang='grc' dir='ltr'><em>ναυσὶ</em></span> <span class='ocrx_word' id='word_1_62' title='bbox 556 1059 607 1123; x_wconf 83' lang='grc' dir='ltr'><em>καί</em></span> <span class='ocrx_word' id='word_1_63' title='bbox 641 1061 736 1122; x_wconf 86' lang='grc' dir='ltr'><em>πάσιν</em></span> <span class='ocrx_word' id='word_1_64' title='bbox 760 1062 799 1130; x_wconf 81' lang='grc' dir='ltr'>ὦς</span> <span class='ocrx_word' id='word_1_65' title='bbox 823 1059 931 1130; x_wconf 81' lang='grc' dir='ltr'><em>ἀπλιῖς</em></span> <span class='ocrx_word' id='word_1_66' title='bbox 957 1060 1053 1124; x_wconf 77' lang='grc' dir='ltr'><em>εἰπεῖν</em></span> <span class='ocrx_word' id='word_1_67' title='bbox 1078 1061 1212 1142; x_wconf 78' lang='grc' dir='ltr'><em>ἀφειδῶς</em></span> <span class='ocrx_word' id='word_1_68' title='bbox 1238 1063 1369 1139; x_wconf 77' lang='grc' dir='ltr'><em>ὁρμῆσαι</em></span> 
     </span>
     <span class='ocr_line' id='line_1_9' title="bbox 172 1162 1368 1246; baseline 0.003 -18"><span class='ocrx_word' id='word_1_69' title='bbox 172 1165 247 1243; x_wconf 86' lang='grc' dir='ltr'><em>πρὸς</em></span> <span class='ocrx_word' id='word_1_70' title='bbox 291 1165 343 1228; x_wconf 75' lang='grc' dir='ltr'><em>τὸν</em></span> <span class='ocrx_word' id='word_1_71' title='bbox 383 1162 518 1243; x_wconf 80' lang='grc' dir='ltr'><em>πόλεμον</em></span> <span class='ocrx_word' id='word_1_72' title='bbox 555 1164 615 1241; x_wconf 74' lang='grc' dir='ltr'>ἐγὼ</span> <span class='ocrx_word' id='word_1_73' title='bbox 651 1163 748 1245; x_wconf 85' lang='lat' dir='ltr'>(male</span> <span class='ocrx_word' id='word_1_74' title='bbox 784 1164 944 1243; x_wconf 84' lang='lat' dir='ltr'>additum)</span> <span class='ocrx_word' id='word_1_75' title='bbox 982 1166 1166 1246; x_wconf 89' lang='grc' dir='ltr'><em>πειράσομαι</em></span> <span class='ocrx_word' id='word_1_76' title='bbox 1205 1166 1368 1233; x_wconf 87' lang='grc' dir='ltr'><em>διδάσκειν.</em></span> 
     </span>
     <span class='ocr_line' id='line_1_10' title="bbox 172 1269 1462 1358; baseline 0.007 -23"><span class='ocrx_word' id='word_1_77' title='bbox 172 1292 276 1356; x_wconf 87' lang='lat' dir='ltr'>neque</span> <span class='ocrx_word' id='word_1_78' title='bbox 315 1275 413 1338; x_wconf 87' lang='lat' dir='ltr'>sentit</span> <span class='ocrx_word' id='word_1_79' title='bbox 454 1269 681 1337; x_wconf 83' lang='lat' dir='ltr'>adolescentuli</span> <span class='ocrx_word' id='word_1_80' title='bbox 721 1273 827 1355; x_wconf 87' lang='lat' dir='ltr'>potius</span> <span class='ocrx_word' id='word_1_81' title='bbox 862 1271 940 1336; x_wconf 90' lang='lat' dir='ltr'>haec</span> <span class='ocrx_word' id='word_1_82' title='bbox 975 1293 1041 1338; x_wconf 90' lang='lat' dir='ltr'>esse</span> <span class='ocrx_word' id='word_1_83' title='bbox 1076 1273 1160 1358; x_wconf 91' lang='lat' dir='ltr'>apud</span> <span class='ocrx_word' id='word_1_84' title='bbox 1195 1273 1370 1340; x_wconf 85' lang='lat' dir='ltr'>Rhetorem</span> <span class='ocrx_word' id='word_1_85' title='bbox 1458 1337 1462 1344; x_wconf 90' lang='lat'><strong>.</strong></span> 
     </span>
     <span class='ocr_line' id='line_1_11' title="bbox 174 1373 1370 1463; baseline 0.001 -20"><span class='ocrx_word' id='word_1_86' title='bbox 174 1378 430 1452; x_wconf 89' lang='lat' dir='ltr'>declamitantis,</span> <span class='ocrx_word' id='word_1_87' title='bbox 463 1379 491 1442; x_wconf 91' lang='lat' dir='ltr'>is</span> <span class='ocrx_word' id='word_1_88' title='bbox 522 1379 555 1440; x_wconf 92' lang='lat' dir='ltr'>in</span> <span class='ocrx_word' id='word_1_89' title='bbox 584 1373 648 1441; x_wconf 83' lang='lat' dir='ltr'>alia</span> <span class='ocrx_word' id='word_1_90' title='bbox 671 1375 814 1460; x_wconf 89' lang='lat' dir='ltr'>qualibet</span> <span class='ocrx_word' id='word_1_91' title='bbox 836 1396 870 1440; x_wconf 89' lang='lat' dir='ltr'>re</span> <span class='ocrx_word' id='word_1_92' title='bbox 893 1376 1010 1442; x_wconf 88' lang='lat' dir='ltr'>mehus</span> <span class='ocrx_word' id='word_1_93' title='bbox 1032 1399 1130 1463; x_wconf 90' lang='lat' dir='ltr'>quam</span> <span class='ocrx_word' id='word_1_94' title='bbox 1154 1381 1188 1443; x_wconf 94' lang='lat' dir='ltr'>in</span> <span class='ocrx_word' id='word_1_95' title='bbox 1211 1385 1278 1445; x_wconf 89' lang='lat' dir='ltr'>arte</span> <span class='ocrx_word' id='word_1_96' title='bbox 1301 1377 1370 1444; x_wconf 84' lang='lat' dir='ltr'>Ori-</span> 
     </span>
     <span class='ocr_line' id='line_1_12' title="bbox 172 1480 1369 1570; baseline 0.003 -21"><span class='ocrx_word' id='word_1_97' title='bbox 172 1488 237 1551; x_wconf 88' lang='lat' dir='ltr'>tica</span> <span class='ocrx_word' id='word_1_98' title='bbox 261 1485 408 1549; x_wconf 89' lang='lat' dir='ltr'>studium</span> <span class='ocrx_word' id='word_1_99' title='bbox 432 1490 464 1549; x_wconf 88' lang='lat' dir='ltr'>et</span> <span class='ocrx_word' id='word_1_100' title='bbox 487 1504 616 1569; x_wconf 82' lang='lat' dir='ltr'>operam</span> <span class='ocrx_word' id='word_1_101' title='bbox 640 1502 732 1547; x_wconf 84' lang='lat' dir='ltr'>suem</span> <span class='ocrx_word' id='word_1_102' title='bbox 755 1480 966 1548; x_wconf 82' lang='lat' dir='ltr'>collocaturus</span> <span class='ocrx_word' id='word_1_103' title='bbox 987 1489 1044 1548; x_wconf 88' lang='lat' dir='ltr'>est.</span> <span class='ocrx_word' id='word_1_104' title='bbox 1092 1483 1252 1570; x_wconf 82' lang='lat' dir='ltr'>Quidquid</span> <span class='ocrx_word' id='word_1_105' title='bbox 1272 1485 1369 1552; x_wconf 87' lang='lat' dir='ltr'>horno</span> 
     </span>
     <span class='ocr_line' id='line_1_13' title="bbox 172 1574 1371 1678; baseline 0.001 -23"><span class='ocrx_word' id='word_1_106' title='bbox 172 1574 237 1656; x_wconf 92' lang='lat' dir='ltr'>non</span> <span class='ocrx_word' id='word_1_107' title='bbox 272 1612 311 1656; x_wconf 83' lang='lat' dir='ltr'>ex</span> <span class='ocrx_word' id='word_1_108' title='bbox 340 1592 409 1675; x_wconf 89' lang='lat' dir='ltr'>ipso</span> <span class='ocrx_word' id='word_1_109' title='bbox 438 1588 651 1655; x_wconf 87' lang='lat' dir='ltr'>Demosthene</span> <span class='ocrx_word' id='word_1_110' title='bbox 681 1589 853 1672; x_wconf 86' lang='lat' dir='ltr'>surripuit,</span> <span class='ocrx_word' id='word_1_111' title='bbox 879 1589 1072 1654; x_wconf 86' lang='lat' dir='ltr'>omniafere</span> <span class='ocrx_word' id='word_1_112' title='bbox 1098 1595 1172 1655; x_wconf 92' lang='lat' dir='ltr'>sunt</span> <span class='ocrx_word' id='word_1_113' title='bbox 1195 1590 1313 1678; x_wconf 80' lang='lat' dir='ltr'>frigida</span> <span class='ocrx_word' id='word_1_114' title='bbox 1337 1596 1371 1658; x_wconf 91' lang='lat' dir='ltr'>et</span> 
     </span>
     <span class='ocr_line' id='line_1_14' title="bbox 172 1693 1368 1784; baseline 0 -22"><span class='ocrx_word' id='word_1_115' title='bbox 172 1696 330 1784; x_wconf 83' lang='lat' dir='ltr'>puerilia,</span> <span class='ocrx_word' id='word_1_116' title='bbox 359 1701 397 1760; x_wconf 87' lang='lat' dir='ltr'>ut</span> <span class='ocrx_word' id='word_1_117' title='bbox 426 1698 461 1760; x_wconf 91' lang='lat' dir='ltr'>in</span> <span class='ocrx_word' id='word_1_118' title='bbox 491 1696 560 1760; x_wconf 86' lang='lat' dir='ltr'>his:</span> <span class='ocrx_word' id='word_1_119' title='bbox 593 1700 708 1775; x_wconf 81' lang='grc' dir='ltr'><em>πρῶτον</em></span> <span class='ocrx_word' id='word_1_120' title='bbox 740 1694 798 1771; x_wconf 83' lang='grc' dir='ltr'>μὲν</span> <span class='ocrx_word' id='word_1_121' title='bbox 829 1693 892 1773; x_wconf 76' lang='grc' dir='ltr'><em>νάρ</em></span> <span class='ocrx_word' id='word_1_122' title='bbox 916 1693 995 1766; x_wconf 81' lang='grc' dir='ltr'><em>εῖκδι</em></span> <span class='ocrx_word' id='word_1_123' title='bbox 1019 1694 1089 1767; x_wconf 78' lang='grc' dir='ltr'><em>τοὺς</em></span> <span class='ocrx_word' id='word_1_124' title='bbox 1115 1695 1196 1768; x_wconf 77' lang='grc' dir='ltr'><em>θεοὺς</em></span> <span class='ocrx_word' id='word_1_125' title='bbox 1220 1697 1368 1775; x_wconf 81' lang='grc' dir='ltr'><em>μενίςονς</em></span> 
     </span>
     <span class='ocr_line' id='line_1_15' title="bbox 175 1796 1367 1883; baseline -0.003 -13"><span class='ocrx_word' id='word_1_126' title='bbox 175 1805 246 1881; x_wconf 84' lang='grc' dir='ltr'><em>ὑμῖν</em></span> <span class='ocrx_word' id='word_1_127' title='bbox 285 1800 437 1883; x_wconf 80' lang='grc' dir='ltr'><em>ὑποίρχειν</em></span> <span class='ocrx_word' id='word_1_128' title='bbox 472 1799 661 1881; x_wconf 83' lang='grc' dir='ltr'><em>συμμάχινς</em></span> <span class='ocrx_word' id='word_1_129' title='bbox 698 1798 749 1864; x_wconf 79' lang='grc' dir='ltr'><em>καί</em></span> <span class='ocrx_word' id='word_1_130' title='bbox 786 1799 932 1876; x_wconf 74' lang='grc' dir='ltr'>βοηθοὺς,</span> <span class='ocrx_word' id='word_1_131' title='bbox 965 1796 1002 1864; x_wconf 75' lang='grc' dir='ltr'>ὧν</span> <span class='ocrx_word' id='word_1_132' title='bbox 1035 1801 1145 1873; x_wconf 78' lang='grc' dir='ltr'><em>ἐκεῖνος</em></span> <span class='ocrx_word' id='word_1_133' title='bbox 1177 1802 1235 1874; x_wconf 72' lang='lat' dir='ltr'>solo</span> <span class='ocrx_word' id='word_1_134' title='bbox 1268 1804 1367 1876; x_wconf 78' lang='grc' dir='ltr'><em>πίε-εις</em></span> 
     </span>
     <span class='ocr_line' id='line_1_16' title="bbox 173 1903 1367 1991; baseline -0.003 -17"><span class='ocrx_word' id='word_1_135' title='bbox 173 1909 318 1991; x_wconf 80' lang='grc' dir='ltr'><em>ὑπεριδὼν</em></span> <span class='ocrx_word' id='word_1_136' title='bbox 358 1906 409 1972; x_wconf 77' lang='grc' dir='ltr'><em>καὶ</em></span> <span class='ocrx_word' id='word_1_137' title='bbox 445 1907 513 1979; x_wconf 84' lang='grc' dir='ltr'><em>τοὺς</em></span> <span class='ocrx_word' id='word_1_138' title='bbox 546 1905 645 1986; x_wconf 78' lang='grc' dir='ltr'><em>ὅρκους</em></span> <span class='ocrx_word' id='word_1_139' title='bbox 681 1905 820 1985; x_wconf 80' lang='grc' dir='ltr'><em>ὑπερβάς</em></span> <span class='ocrx_word' id='word_1_140' title='bbox 852 1903 980 1970; x_wconf 80' lang='grc' dir='ltr'><em>λέλυκεν</em></span> <span class='ocrx_word' id='word_1_141' title='bbox 1012 1905 1122 1977; x_wconf 81' lang='grc' dir='ltr'><em>ἀδίκως</em></span> <span class='ocrx_word' id='word_1_142' title='bbox 1155 1909 1209 1980; x_wconf 71' lang='grc' dir='ltr'><em>τὴν</em></span> <span class='ocrx_word' id='word_1_143' title='bbox 1240 1910 1367 1989; x_wconf 63' lang='lat' dir='ltr'>cipriano.</span> 
     </span>
     <span class='ocr_line' id='line_1_17' title="bbox 170 2011 1366 2101; baseline 0 -20"><span class='ocrx_word' id='word_1_144' title='bbox 170 2017 327 2082; x_wconf 88' lang='lat' dir='ltr'>Potuitne</span> <span class='ocrx_word' id='word_1_145' title='bbox 349 2013 535 2101; x_wconf 81' lang='lat' dir='ltr'>languidius</span> <span class='ocrx_word' id='word_1_146' title='bbox 557 2013 732 2098; x_wconf 89' lang='lat' dir='ltr'>quidquam</span> <span class='ocrx_word' id='word_1_147' title='bbox 755 2012 859 2076; x_wconf 89' lang='lat' dir='ltr'>dicere</span> <span class='ocrx_word' id='word_1_148' title='bbox 881 2032 977 2100; x_wconf 89' lang='lat' dir='ltr'>quam</span> <span class='ocrx_word' id='word_1_149' title='bbox 998 2011 1128 2087; x_wconf 81' lang='grc' dir='ltr'><em>ἀδίκωςί</em></span> <span class='ocrx_word' id='word_1_150' title='bbox 1150 2013 1228 2080; x_wconf 92' lang='lat' dir='ltr'>Post</span> <span class='ocrx_word' id='word_1_151' title='bbox 1249 2034 1366 2101; x_wconf 90' lang='lat' dir='ltr'>pauca:</span> 
     </span>
     <span class='ocr_line' id='line_1_18' title="bbox 171 2115 1367 2206; baseline 0.001 -19"><span class='ocrx_word' id='word_1_152' title='bbox 171 2124 242 2187; x_wconf 79' lang='lat' dir='ltr'>Boc</span> <span class='ocrx_word' id='word_1_153' title='bbox 263 2122 424 2186; x_wconf 79' lang='lat' dir='ltr'>Persarum</span> <span class='ocrx_word' id='word_1_154' title='bbox 450 2122 580 2206; x_wconf 85' lang='lat' dir='ltr'>(inquit)</span> <span class='ocrx_word' id='word_1_155' title='bbox 604 2119 671 2196; x_wconf 79' lang='grc' dir='ltr'><em>μεθ’</em></span> <span class='ocrx_word' id='word_1_156' title='bbox 697 2119 779 2196; x_wconf 75' lang='grc' dir='ltr'><em>ἡμῶν</em></span> <span class='ocrx_word' id='word_1_157' title='bbox 801 2115 960 2196; x_wconf 72' lang='grc' dir='ltr'><em>γενόμενος</em></span> <span class='ocrx_word' id='word_1_158' title='bbox 982 2118 1088 2203; x_wconf 71' lang='grc' dir='ltr'><em>ρ’ριδίως</em></span> <span class='ocrx_word' id='word_1_159' title='bbox 1110 2125 1367 2200; x_wconf 69' lang='grc' dir='ltr'><em>καταπολεμήσει</em></span> 
     </span>
     <span class='ocr_line' id='line_1_19' title="bbox 169 2223 1368 2308; baseline 0.002 -15"><span class='ocrx_word' id='word_1_160' title='bbox 169 2229 228 2303; x_wconf 70' lang='grc' dir='ltr'><em>τὴν</em></span> <span class='ocrx_word' id='word_1_161' title='bbox 258 2229 414 2291; x_wconf 83' lang='grc' dir='ltr'><em>Φιλίππου</em></span> <span class='ocrx_word' id='word_1_162' title='bbox 437 2225 586 2303; x_wconf 82' lang='grc' dir='ltr'><em>δύναμιν,</em></span> <span class='ocrx_word' id='word_1_163' title='bbox 611 2225 668 2290; x_wconf 88' lang='lat' dir='ltr'>ubi</span> <span class='ocrx_word' id='word_1_164' title='bbox 691 2223 906 2289; x_wconf 90' lang='lat' dir='ltr'>bellissimum</span> <span class='ocrx_word' id='word_1_165' title='bbox 930 2230 978 2290; x_wconf 89' lang='lat' dir='ltr'>est</span> <span class='ocrx_word' id='word_1_166' title='bbox 1002 2226 1119 2308; x_wconf 75' lang='grc' dir='ltr'><em>ρ’ρδίως.</em></span> <span class='ocrx_word' id='word_1_167' title='bbox 1167 2228 1276 2294; x_wconf 90' lang='lat' dir='ltr'>Unum</span> <span class='ocrx_word' id='word_1_168' title='bbox 1300 2234 1368 2295; x_wconf 88' lang='lat' dir='ltr'>tan-</span> 
     </span>
     <span class='ocr_line' id='line_1_20' title="bbox 169 2328 1366 2416; baseline -0.001 -16"><span class='ocrx_word' id='word_1_169' title='bbox 169 2341 246 2400; x_wconf 78' lang='lat' dir='ltr'>tum</span> <span class='ocrx_word' id='word_1_170' title='bbox 289 2334 420 2398; x_wconf 82' lang='lat' dir='ltr'>addam:</span> <span class='ocrx_word' id='word_1_171' title='bbox 457 2337 569 2414; x_wconf 80' lang='grc' dir='ltr'><em>οροτίοί</em></span> <span class='ocrx_word' id='word_1_172' title='bbox 606 2328 735 2416; x_wconf 84' lang='lat' dir='ltr'>(inquit)</span> <span class='ocrx_word' id='word_1_173' title='bbox 771 2330 972 2409; x_wconf 83' lang='grc' dir='ltr'><em>ερατειίεσίαι</em></span> <span class='ocrx_word' id='word_1_174' title='bbox 1007 2331 1164 2411; x_wconf 74' lang='grc' dir='ltr'>προθύμως</span> <span class='ocrx_word' id='word_1_175' title='bbox 1200 2331 1366 2412; x_wconf 77' lang='grc' dir='ltr'><em>ἅπαντας,</em></span> 
     </span>
     <span class='ocr_line' id='line_1_21' title="bbox 170 2435 1367 2522; baseline 0.001 -17"><span class='ocrx_word' id='word_1_176' title='bbox 170 2440 306 2522; x_wconf 73' lang='grc' dir='ltr'><em>χρῆσθαι</em></span> <span class='ocrx_word' id='word_1_177' title='bbox 332 2438 365 2503; x_wconf 75' lang='grc' dir='ltr'>δὲ</span> <span class='ocrx_word' id='word_1_178' title='bbox 388 2444 555 2517; x_wconf 77' lang='grc' dir='ltr'><em>ερατνγοῖς</em></span> <span class='ocrx_word' id='word_1_179' title='bbox 581 2437 736 2514; x_wconf 82' lang='grc' dir='ltr'><em>ἀμείνοσιν</em></span> <span class='ocrx_word' id='word_1_180' title='bbox 762 2435 778 2510; x_wconf 74' lang='grc' dir='ltr'>ἢ</span> <span class='ocrx_word' id='word_1_181' title='bbox 804 2435 953 2516; x_wconf 84' lang='grc' dir='ltr'><em>πρότερον.</em></span> <span class='ocrx_word' id='word_1_182' title='bbox 977 2437 1176 2522; x_wconf 81' lang='lat' dir='ltr'>praeclarum</span> <span class='ocrx_word' id='word_1_183' title='bbox 1203 2462 1275 2506; x_wconf 87' lang='lat' dir='ltr'>vero</span> <span class='ocrx_word' id='word_1_184' title='bbox 1296 2463 1367 2508; x_wconf 87' lang='lat' dir='ltr'>con·</span> 
     </span>
     <span class='ocr_line' id='line_1_22' title="bbox 170 2543 1366 2632; baseline 0.002 -20"><span class='ocrx_word' id='word_1_185' title='bbox 170 2547 284 2612; x_wconf 87' lang='lat' dir='ltr'>silium</span> <span class='ocrx_word' id='word_1_186' title='bbox 315 2547 406 2631; x_wconf 87' lang='lat' dir='ltr'>quasi</span> <span class='ocrx_word' id='word_1_187' title='bbox 436 2550 517 2611; x_wconf 89' lang='lat' dir='ltr'>esset</span> <span class='ocrx_word' id='word_1_188' title='bbox 546 2549 618 2609; x_wconf 91' lang='lat' dir='ltr'>tum</span> <span class='ocrx_word' id='word_1_189' title='bbox 649 2543 783 2608; x_wconf 87' lang='lat' dir='ltr'>Athenis</span> <span class='ocrx_word' id='word_1_190' title='bbox 815 2549 883 2608; x_wconf 90' lang='lat' dir='ltr'>tam</span> <span class='ocrx_word' id='word_1_191' title='bbox 914 2543 1007 2608; x_wconf 87' lang='lat' dir='ltr'>facile</span> <span class='ocrx_word' id='word_1_192' title='bbox 1038 2546 1135 2610; x_wconf 91' lang='lat' dir='ltr'>bonos</span> <span class='ocrx_word' id='word_1_193' title='bbox 1158 2549 1366 2632; x_wconf 90' lang='lat' dir='ltr'>imperatores</span> 
     </span>
     <span class='ocr_line' id='line_1_23' title="bbox 172 2647 1366 2740; baseline 0.002 -22"><span class='ocrx_word' id='word_1_194' title='bbox 172 2675 271 2740; x_wconf 92' lang='lat' dir='ltr'>qnam</span> <span class='ocrx_word' id='word_1_195' title='bbox 299 2657 437 2718; x_wconf 89' lang='lat' dir='ltr'>oratores</span> <span class='ocrx_word' id='word_1_196' title='bbox 460 2647 620 2716; x_wconf 88' lang='lat' dir='ltr'>inveniral</span> <span class='ocrx_word' id='word_1_197' title='bbox 645 2649 752 2714; x_wconf 91' lang='lat' dir='ltr'>Dictio</span> <span class='ocrx_word' id='word_1_198' title='bbox 773 2669 835 2734; x_wconf 90' lang='lat' dir='ltr'>qua</span> <span class='ocrx_word' id='word_1_199' title='bbox 857 2648 953 2714; x_wconf 92' lang='lat' dir='ltr'>homo</span> <span class='ocrx_word' id='word_1_200' title='bbox 976 2653 1080 2715; x_wconf 90' lang='lat' dir='ltr'>utitur</span> <span class='ocrx_word' id='word_1_201' title='bbox 1103 2652 1205 2717; x_wconf 88' lang='lat' dir='ltr'>nihilo</span> <span class='ocrx_word' id='word_1_202' title='bbox 1229 2659 1276 2719; x_wconf 89' lang='lat' dir='ltr'>est</span> <span class='ocrx_word' id='word_1_203' title='bbox 1300 2675 1366 2720; x_wconf 91' lang='lat' dir='ltr'>me-</span> 
     </span>
     <span class='ocr_line' id='line_1_24' title="bbox 170 2753 1366 2842; baseline -0.002 -17"><span class='ocrx_word' id='word_1_204' title='bbox 170 2760 233 2825; x_wconf 88' lang='lat' dir='ltr'>lior</span> <span class='ocrx_word' id='word_1_205' title='bbox 257 2758 361 2826; x_wconf 87' lang='lat' dir='ltr'>veluti</span> <span class='ocrx_word' id='word_1_206' title='bbox 384 2757 486 2829; x_wconf 80' lang='grc' dir='ltr'><em>αῖτίαι</em></span> <span class='ocrx_word' id='word_1_207' title='bbox 514 2758 566 2821; x_wconf 81' lang='grc' dir='ltr'>οὐκ</span> <span class='ocrx_word' id='word_1_208' title='bbox 591 2755 683 2830; x_wconf 80' lang='grc' dir='ltr'><em>οὔσας</em></span> <span class='ocrx_word' id='word_1_209' title='bbox 709 2753 911 2833; x_wconf 82' lang='grc' dir='ltr'><em>πλασάμενος</em></span> <span class='ocrx_word' id='word_1_210' title='bbox 936 2758 1027 2841; x_wconf 90' lang='lat' dir='ltr'>quasi</span> <span class='ocrx_word' id='word_1_211' title='bbox 1047 2756 1132 2821; x_wconf 88' lang='lat' dir='ltr'>dicas</span> <span class='ocrx_word' id='word_1_212' title='bbox 1144 2761 1224 2842; x_wconf 84' lang='lat' dir='ltr'>ficto</span> <span class='ocrx_word' id='word_1_213' title='bbox 1240 2759 1366 2824; x_wconf 79' lang='lat' dir='ltr'>crimina</span> 
     </span>
     <span class='ocr_line' id='line_1_25' title="bbox 172 2863 1367 2949; baseline 0 -19"><span class='ocrx_word' id='word_1_214' title='bbox 172 2872 364 2941; x_wconf 74' lang='lat' dir='ltr'>commentos,</span> <span class='ocrx_word' id='word_1_215' title='bbox 398 2866 585 2949; x_wconf 86' lang='lat' dir='ltr'>quasivero</span> <span class='ocrx_word' id='word_1_216' title='bbox 609 2864 681 2947; x_wconf 92' lang='lat' dir='ltr'>quis</span> <span class='ocrx_word' id='word_1_217' title='bbox 704 2879 788 2926; x_wconf 77' lang='lat' dir='ltr'>ruas</span> <span class='ocrx_word' id='word_1_218' title='bbox 812 2863 947 2926; x_wconf 90' lang='lat' dir='ltr'>crimina</span> <span class='ocrx_word' id='word_1_219' title='bbox 970 2865 1170 2928; x_wconf 88' lang='lat' dir='ltr'>comminisci</span> <span class='ocrx_word' id='word_1_220' title='bbox 1193 2868 1308 2949; x_wconf 87' lang='lat' dir='ltr'>possit,</span> <span class='ocrx_word' id='word_1_221' title='bbox 1334 2870 1367 2932; x_wconf 90' lang='lat' dir='ltr'>et</span> 
     </span>
     <span class='ocr_line' id='line_1_26' title="bbox 172 2966 1367 3055; baseline 0 -19"><span class='ocrx_word' id='word_1_222' title='bbox 172 2970 404 3052; x_wconf 69' lang='grc' dir='ltr'><em>σκορακίζονται</em></span> <span class='ocrx_word' id='word_1_223' title='bbox 425 2969 476 3034; x_wconf 81' lang='grc' dir='ltr'><em>καί</em></span> <span class='ocrx_word' id='word_1_224' title='bbox 498 2968 780 3049; x_wconf 76' lang='grc' dir='ltr'><em>προπηλακίζονται</em></span> <span class='ocrx_word' id='word_1_225' title='bbox 799 2967 885 3048; x_wconf 88' lang='grc' dir='ltr'><em>παρά</em></span> <span class='ocrx_word' id='word_1_226' title='bbox 905 2966 939 3030; x_wconf 77' lang='grc' dir='ltr'><em>τὸ</em></span> <span class='ocrx_word' id='word_1_227' title='bbox 958 2973 1121 3047; x_wconf 77' lang='grc' dir='ltr'><em>προσῆκον,</em></span> <span class='ocrx_word' id='word_1_228' title='bbox 1135 2970 1192 3036; x_wconf 88' lang='lat' dir='ltr'>ubi</span> <span class='ocrx_word' id='word_1_229' title='bbox 1203 2970 1367 3055; x_wconf 86' lang='lat' dir='ltr'>plebeium</span> 
     </span>
     <span class='ocr_line' id='line_1_27' title="bbox 172 3073 1367 3161; baseline 0 -18"><span class='ocrx_word' id='word_1_230' title='bbox 172 3082 221 3143; x_wconf 85' lang='lat' dir='ltr'>est</span> <span class='ocrx_word' id='word_1_231' title='bbox 256 3074 484 3157; x_wconf 83' lang='grc' dir='ltr'><em>σκορακίζονται</em></span> <span class='ocrx_word' id='word_1_232' title='bbox 521 3080 553 3139; x_wconf 85' lang='lat' dir='ltr'>et</span> <span class='ocrx_word' id='word_1_233' title='bbox 586 3076 733 3159; x_wconf 87' lang='lat' dir='ltr'>ineptum</span> <span class='ocrx_word' id='word_1_234' title='bbox 765 3073 852 3154; x_wconf 90' lang='grc' dir='ltr'><em>παρά</em></span> <span class='ocrx_word' id='word_1_235' title='bbox 884 3073 917 3138; x_wconf 83' lang='grc' dir='ltr'><em>τὸ</em></span> <span class='ocrx_word' id='word_1_236' title='bbox 950 3082 1114 3152; x_wconf 76' lang='grc' dir='ltr'><em>προσῆκον,</em></span> <span class='ocrx_word' id='word_1_237' title='bbox 1147 3079 1237 3160; x_wconf 85' lang='lat' dir='ltr'>quasi</span> <span class='ocrx_word' id='word_1_238' title='bbox 1267 3080 1367 3161; x_wconf 86' lang='lat' dir='ltr'>possit</span> 
     </span>
     <span class='ocr_line' id='line_1_28' title="bbox 173 3179 1364 3268; baseline 0 -20"><span class='ocrx_word' id='word_1_239' title='bbox 173 3181 290 3268; x_wconf 90' lang='lat' dir='ltr'>aliquis</span> <span class='ocrx_word' id='word_1_240' title='bbox 326 3181 409 3245; x_wconf 87' lang='grc' dir='ltr'><em>κατά</em></span> <span class='ocrx_word' id='word_1_241' title='bbox 445 3180 479 3244; x_wconf 82' lang='grc' dir='ltr'><em>τὸ</em></span> <span class='ocrx_word' id='word_1_242' title='bbox 515 3185 662 3258; x_wconf 75' lang='grc' dir='ltr'><em>προσῆκον</em></span> <span class='ocrx_word' id='word_1_243' title='bbox 698 3179 991 3261; x_wconf 74' lang='grc' dir='ltr'><em>προπηλακίζεσθαι.</em></span> <span class='ocrx_word' id='word_1_244' title='bbox 1028 3184 1060 3245; x_wconf 85' lang='lat' dir='ltr'>et</span> <span class='ocrx_word' id='word_1_245' title='bbox 1095 3202 1169 3268; x_wconf 78' lang='lat' dir='ltr'>pag.</span> <span class='ocrx_word' id='word_1_246' title='bbox 1204 3179 1277 3246; x_wconf 85' lang='lat'>156.</span> <span class='ocrx_word' id='word_1_247' title='bbox 1314 3181 1364 3249; x_wconf 88' lang='grc'>14.</span> 
     </span>
     <span class='ocr_line' id='line_1_29' title="bbox 173 3281 1367 3367; baseline 0 -14"><span class='ocrx_word' id='word_1_248' title='bbox 173 3289 258 3354; x_wconf 85' lang='grc' dir='ltr'><em>κατά</em></span> <span class='ocrx_word' id='word_1_249' title='bbox 284 3288 417 3360; x_wconf 81' lang='grc' dir='ltr'><em>πολλοὺς</em></span> <span class='ocrx_word' id='word_1_250' title='bbox 442 3286 568 3365; x_wconf 80' lang='grc' dir='ltr'><em>τρίπους</em></span> <span class='ocrx_word' id='word_1_251' title='bbox 593 3283 685 3352; x_wconf 75' lang='grc' dir='ltr'><em>ἕλοιτ’</em></span> <span class='ocrx_word' id='word_1_252' title='bbox 710 3283 747 3350; x_wconf 88' lang='grc' dir='ltr'>ἀν</span> <span class='ocrx_word' id='word_1_253' title='bbox 771 3309 816 3358; x_wconf 77' lang='grc' dir='ltr'><em>τις</em></span> <span class='ocrx_word' id='word_1_254' title='bbox 841 3288 901 3366; x_wconf 81' lang='grc' dir='ltr'>οὐχ</span> <span class='ocrx_word' id='word_1_255' title='bbox 922 3281 1011 3357; x_wconf 74' lang='grc' dir='ltr'><em>ἦττον</em></span> <span class='ocrx_word' id='word_1_256' title='bbox 1031 3286 1087 3359; x_wconf 73' lang='grc' dir='ltr'><em>τῖεν</em></span> <span class='ocrx_word' id='word_1_257' title='bbox 1108 3286 1260 3367; x_wconf 75' lang='grc' dir='ltr'><em>ἡμετέραν</em></span> <span class='ocrx_word' id='word_1_258' title='bbox 1281 3289 1367 3353; x_wconf 81' lang='grc' dir='ltr'><em>εὐτο-</em></span> 
     </span>
    </p>
   </div>
   <div class='ocr_carea' id='block_1_3' title="bbox 72 3387 1366 3478">
    <p class='ocr_par' dir='ltr' id='par_1_3' title="bbox 72 3387 1366 3478">
     <span class='ocr_line' id='line_1_30' title="bbox 72 3387 1366 3478; baseline -0.001 -20"><span class='ocrx_word' id='word_1_259' title='bbox 72 3387 74 3390; x_wconf 64' lang='grc'><strong>’</strong></span> <span class='ocrx_word' id='word_1_260' title='bbox 173 3396 250 3476; x_wconf 75' lang='grc' dir='ltr'><em>χίαν</em></span> <span class='ocrx_word' id='word_1_261' title='bbox 282 3393 298 3470; x_wconf 72' lang='grc' dir='ltr'><strong><em>ἢ</em></strong></span> <span class='ocrx_word' id='word_1_262' title='bbox 333 3395 388 3468; x_wconf 69' lang='grc' dir='ltr'><em>τὴν</em></span> <span class='ocrx_word' id='word_1_263' title='bbox 421 3392 552 3470; x_wconf 79' lang='grc' dir='ltr'><em>ἐκεῖνον,</em></span> <span class='ocrx_word' id='word_1_264' title='bbox 577 3393 634 3456; x_wconf 90' lang='lat' dir='ltr'>ubi</span> <span class='ocrx_word' id='word_1_265' title='bbox 656 3412 821 3478; x_wconf 92' lang='lat' dir='ltr'>perperam</span> <span class='ocrx_word' id='word_1_266' title='bbox 843 3394 904 3473; x_wconf 79' lang='grc' dir='ltr'>οὐχ</span> <span class='ocrx_word' id='word_1_267' title='bbox 929 3389 1017 3468; x_wconf 78' lang='grc' dir='ltr'><em>ἧττον</em></span> <span class='ocrx_word' id='word_1_268' title='bbox 1041 3393 1123 3457; x_wconf 82' lang='lat' dir='ltr'>dixit</span> <span class='ocrx_word' id='word_1_269' title='bbox 1146 3413 1202 3478; x_wconf 91' lang='lat' dir='ltr'>pro</span> <span class='ocrx_word' id='word_1_270' title='bbox 1224 3397 1366 3470; x_wconf 86' lang='grc' dir='ltr'><em>μῖιλλον,</em></span> 
     </span>
    </p>
   </div>
   <div class='ocr_carea' id='block_1_4' title="bbox 174 3497 1368 4223">
    <p class='ocr_par' dir='ltr' id='par_1_4' title="bbox 174 3497 1368 3680">
     <span class='ocr_line' id='line_1_31' title="bbox 174 3497 1368 3587; baseline 0.003 -23"><span class='ocrx_word' id='word_1_271' title='bbox 174 3501 266 3565; x_wconf 90' lang='lat' dir='ltr'>credo</span> <span class='ocrx_word' id='word_1_272' title='bbox 298 3502 374 3585; x_wconf 91' lang='lat' dir='ltr'>quia</span> <span class='ocrx_word' id='word_1_273' title='bbox 404 3500 463 3579; x_wconf 80' lang='grc' dir='ltr'>οὐχ</span> <span class='ocrx_word' id='word_1_274' title='bbox 491 3498 583 3577; x_wconf 66' lang='lat' dir='ltr'>darec</span> <span class='ocrx_word' id='word_1_275' title='bbox 608 3498 672 3562; x_wconf 89' lang='lat' dir='ltr'>dici</span> <span class='ocrx_word' id='word_1_276' title='bbox 695 3498 814 3563; x_wconf 89' lang='lat' dir='ltr'>sciebat</span> <span class='ocrx_word' id='word_1_277' title='bbox 837 3519 894 3584; x_wconf 91' lang='lat' dir='ltr'>pro</span> <span class='ocrx_word' id='word_1_278' title='bbox 917 3497 1053 3575; x_wconf 71' lang='grc' dir='ltr'><em>μάλιτα.</em></span> <span class='ocrx_word' id='word_1_279' title='bbox 1099 3498 1267 3566; x_wconf 88' lang='lat' dir='ltr'>Praeterea</span> <span class='ocrx_word' id='word_1_280' title='bbox 1290 3502 1368 3587; x_wconf 92' lang='lat' dir='ltr'>quid</span> 
     </span>
     <span class='ocr_line' id='line_1_32' title="bbox 175 3601 1023 3680; baseline -0.006 -7"><span class='ocrx_word' id='word_1_281' title='bbox 175 3613 223 3673; x_wconf 86' lang='lat' dir='ltr'>est</span> <span class='ocrx_word' id='word_1_282' title='bbox 246 3606 349 3670; x_wconf 79' lang='grc' dir='ltr'><em>ναωίίίε</em></span> <span class='ocrx_word' id='word_1_283' title='bbox 371 3606 464 3670; x_wconf 80' lang='lat' dir='ltr'>modis</span> <span class='ocrx_word' id='word_1_284' title='bbox 487 3607 522 3669; x_wconf 85' lang='lat' dir='ltr'>in</span> <span class='ocrx_word' id='word_1_285' title='bbox 544 3604 604 3670; x_wconf 81' lang='lat' dir='ltr'>tali</span> <span class='ocrx_word' id='word_1_286' title='bbox 627 3601 680 3670; x_wconf 81' lang='lat' dir='ltr'>rel</span> <span class='ocrx_word' id='word_1_287' title='bbox 1020 3673 1023 3680; x_wconf 61' lang='grc'><em>,</em></span> 
     </span>
    </p>

    <p class='ocr_par' dir='ltr' id='par_1_5' title="bbox 175 3707 1368 4005">
     <span class='ocr_line' id='line_1_33' title="bbox 220 3707 1368 3798; baseline 0.003 -22"><span class='ocrx_word' id='word_1_288' title='bbox 220 3713 386 3779; x_wconf 78' lang='lat' dir='ltr'>Praeterea</span> <span class='ocrx_word' id='word_1_289' title='bbox 420 3711 577 3794; x_wconf 81' lang='grc' dir='ltr'><em>ςαζιάζειν</em></span> <span class='ocrx_word' id='word_1_290' title='bbox 611 3732 685 3798; x_wconf 84' lang='lat' dir='ltr'>pag.</span> <span class='ocrx_word' id='word_1_291' title='bbox 724 3707 800 3775; x_wconf 85' lang='lat'>157.</span> <span class='ocrx_word' id='word_1_292' title='bbox 839 3709 891 3775; x_wconf 88' lang='grc'>10.</span> <span class='ocrx_word' id='word_1_293' title='bbox 927 3731 984 3795; x_wconf 88' lang='lat' dir='ltr'>pro</span> <span class='ocrx_word' id='word_1_294' title='bbox 1019 3710 1108 3778; x_wconf 80' lang='grc' dir='ltr'><em>εάσιν</em></span> <span class='ocrx_word' id='word_1_295' title='bbox 1144 3711 1298 3790; x_wconf 86' lang='grc' dir='ltr'><em>ε’μποιεῖν,</em></span> <span class='ocrx_word' id='word_1_296' title='bbox 1335 3719 1368 3780; x_wconf 84' lang='lat' dir='ltr'>et</span> 
     </span>
     <span class='ocr_line' id='line_1_34' title="bbox 175 3815 1366 3907; baseline 0.003 -25"><span class='ocrx_word' id='word_1_297' title='bbox 175 3817 366 3901; x_wconf 78' lang='grc' dir='ltr'><em>ξενοτροφεῖν</em></span> <span class='ocrx_word' id='word_1_298' title='bbox 389 3840 445 3904; x_wconf 88' lang='lat' dir='ltr'>pro</span> <span class='ocrx_word' id='word_1_299' title='bbox 467 3819 584 3897; x_wconf 75' lang='grc' dir='ltr'>ξένους.</span> <span class='ocrx_word' id='word_1_300' title='bbox 609 3816 742 3894; x_wconf 81' lang='grc' dir='ltr'><em>ξενικὸν,</em></span> <span class='ocrx_word' id='word_1_301' title='bbox 764 3815 887 3898; x_wconf 72' lang='grc' dir='ltr'><em>τρέφειν</em></span> <span class='ocrx_word' id='word_1_302' title='bbox 906 3822 938 3882; x_wconf 85' lang='lat' dir='ltr'>et</span> <span class='ocrx_word' id='word_1_303' title='bbox 958 3837 1014 3903; x_wconf 90' lang='lat' dir='ltr'>pro</span> <span class='ocrx_word' id='word_1_304' title='bbox 1034 3818 1140 3882; x_wconf 82' lang='grc' dir='ltr'><em>ίοίίκνιι</em></span> <span class='ocrx_word' id='word_1_305' title='bbox 1159 3819 1273 3884; x_wconf 78' lang='lat' dir='ltr'>indicit</span> <span class='ocrx_word' id='word_1_306' title='bbox 1292 3841 1366 3907; x_wconf 82' lang='lat' dir='ltr'>pag.</span> 
     </span>
     <span class='ocr_line' id='line_1_35' title="bbox 178 3923 805 4005; baseline -0.002 -17"><span class='ocrx_word' id='word_1_307' title='bbox 178 3923 253 3990; x_wconf 85' lang='lat'>157.</span> <span class='ocrx_word' id='word_1_308' title='bbox 279 3923 333 3990; x_wconf 82' lang='lat'>20.</span> <span class='ocrx_word' id='word_1_309' title='bbox 358 3925 559 4005; x_wconf 76' lang='grc' dir='ltr'><em>προηγόρευκε</em></span> <span class='ocrx_word' id='word_1_310' title='bbox 583 3926 634 3991; x_wconf 83' lang='grc' dir='ltr'><em>τδν</em></span> <span class='ocrx_word' id='word_1_311' title='bbox 660 3923 805 4002; x_wconf 81' lang='grc' dir='ltr'><em>πόλεμον.</em></span> 
     </span>
    </p>

    <p class='ocr_par' dir='ltr' id='par_1_6' title="bbox 178 4027 1367 4223">
     <span class='ocr_line' id='line_1_36' title="bbox 222 4027 1367 4114; baseline 0.003 -18"><span class='ocrx_word' id='word_1_312' title='bbox 222 4031 295 4096; x_wconf 86' lang='lat' dir='ltr'>Alia</span> <span class='ocrx_word' id='word_1_313' title='bbox 316 4033 427 4096; x_wconf 91' lang='lat' dir='ltr'>insunt</span> <span class='ocrx_word' id='word_1_314' title='bbox 449 4051 467 4095; x_wconf 86' lang='lat' dir='ltr'>a</span> <span class='ocrx_word' id='word_1_315' title='bbox 487 4032 599 4096; x_wconf 85' lang='lat' dir='ltr'>scribis</span> <span class='ocrx_word' id='word_1_316' title='bbox 618 4032 733 4106; x_wconf 73' lang='lat' dir='ltr'>vitiata</span> <span class='ocrx_word' id='word_1_317' title='bbox 753 4034 808 4094; x_wconf 88' lang='lat' dir='ltr'>aut</span> <span class='ocrx_word' id='word_1_318' title='bbox 827 4027 1037 4114; x_wconf 86' lang='lat' dir='ltr'>interpolata,</span> <span class='ocrx_word' id='word_1_319' title='bbox 1057 4049 1137 4114; x_wconf 91' lang='lat' dir='ltr'>quae</span> <span class='ocrx_word' id='word_1_320' title='bbox 1155 4053 1239 4097; x_wconf 88' lang='lat' dir='ltr'>nuno</span> <span class='ocrx_word' id='word_1_321' title='bbox 1259 4034 1367 4100; x_wconf 92' lang='lat' dir='ltr'>ordine</span> 
     </span>
     <span class='ocr_line' id='line_1_37' title="bbox 178 4137 382 4223; baseline 0.005 -22"><span class='ocrx_word' id='word_1_322' title='bbox 178 4137 382 4223; x_wconf 86' lang='lat' dir='ltr'>proferemus.</span> 
     </span>
    </p>
   </div>
   <div class='ocr_carea' id='block_1_5' title="bbox 223 4345 1366 4437">
    <p class='ocr_par' dir='ltr' id='par_1_7' title="bbox 223 4345 1366 4437">
     <span class='ocr_line' id='line_1_38' title="bbox 223 4345 1366 4437; baseline 0.003 -25"><span class='ocrx_word' id='word_1_323' title='bbox 223 4348 300 4437; x_wconf 83' lang='lat' dir='ltr'>Peg.</span> <span class='ocrx_word' id='word_1_324' title='bbox 327 4345 403 4412; x_wconf 86' lang='lat'><strong>153.</strong></span> <span class='ocrx_word' id='word_1_325' title='bbox 427 4345 481 4412; x_wconf 82' lang='lat'>21.</span> <span class='ocrx_word' id='word_1_326' title='bbox 503 4350 527 4414; x_wconf 81' lang='grc' dir='ltr'>οἱ</span> <span class='ocrx_word' id='word_1_327' title='bbox 549 4348 635 4414; x_wconf 86' lang='grc' dir='ltr'><em>κατά</em></span> <span class='ocrx_word' id='word_1_328' title='bbox 656 4348 711 4422; x_wconf 71' lang='grc' dir='ltr'><em>τὴν</em></span> <span class='ocrx_word' id='word_1_329' title='bbox 732 4347 843 4412; x_wconf 87' lang='grc' dir='ltr'><em>Ἀσίαν</em></span> <span class='ocrx_word' id='word_1_330' title='bbox 862 4345 1024 4434; x_wconf 89' lang='grc' dir='ltr'><em>σατράπαι</em></span> <span class='ocrx_word' id='word_1_331' title='bbox 1046 4349 1216 4420; x_wconf 81' lang='grc' dir='ltr'><em>καίεςῶτες</em></span> <span class='ocrx_word' id='word_1_332' title='bbox 1230 4345 1366 4430; x_wconf 77' lang='grc' dir='ltr'><em>ἔναγχος</em></span> 
     </span>
    </p>
   </div>
   <div class='ocr_carea' id='block_1_6' title="bbox 0 0 1544 4972">
    <p class='ocr_par' dir='ltr' id='par_1_8' title="bbox 0 0 1544 4972">
     <span class='ocr_line' id='line_1_39' title="bbox 0 0 1544 4972; baseline 0 0"><span class='ocrx_word' id='word_1_333' title='bbox 0 0 1544 4972; x_wconf 95' lang='lat' dir='ltr'> </span> 
     </span>
    </p>
   </div>
  </div>
 </body>
</html>
