3096 4972
837 275 904 346 532

278 481 354 531 vera
384 467 416 530 et
446 466 577 552 antiqua
606 463 719 532 lectio:
754 461 800 531 θτν
834 467 948 535 τούτων
979 466 1037 549 μὲν
1068 463 1216 546 μετίχΕῙ
1249 461 1286 530 ὧν
1316 463 1450 530 ἀδικοῦσιν

280 571 363 648 ὑμᾶς
383 570 479 658 τινές,
500 571 564 638 stad
584 571 615 638 δὲ
635 578 692 638 τῶν
714 573 981 655 εἰσπραττομένων
1003 575 1233 656 ὑφαιρΕΙΤΑΙ·
1255 571 1292 636 δι’
1309 569 1450 643 οὶπλοςίαν

278 674 309 740 δὲ
341 674 457 756 τρθπον
489 676 607 758 διχόθεν
637 688 839 758 καρπΟΎταιΙ
867 683 922 756 την
954 678 1055 745 πόλιν.
1102 678 1195 744 Unde
1225 678 1304 743 haec
1324 681 1393 742 nata
1412 679 1452 740 est

280 782 498 866 perturbatio?
531 784 655 870 Nempe
679 805 718 850 ex
744 785 922 852 iimocraiea
942 807 1016 875 pag.
1042 783 1118 852 754.
1143 783 1175 850 8.
1200 785 1320 850 ἐνταῦθ’
1342 777 1453 864 ε’φοίνηθ

283 887 366 964 ἡμῶν
387 888 545 968 κηδθμενοι
567 886 601 956 οὖ
624 891 758 964 πολλοὺς
782 889 840 957 ἔδει
864 899 966 967 κακῶς
991 898 1126 965 ποιῆσαι.
1151 891 1302 970 βούλεσθε
1320 927 1361 940 -
1377 884 1454 967 μετί-

279 1017 387 1074 χουσιν
405 1035 446 1045 -
466 997 726 1079 ὑφαιροῦνται-
746 1003 934 1078 καρποῦνται
957 999 1013 1072 την
1036 997 1137 1064 πόλιν.
1435 993 1437 997 ’

325 1099 389 1166 Res
418 1108 482 1182 est,
515 1103 624 1188 credo,
656 1104 734 1169 satis
764 1108 938 1192 perspicua.
985 1103 1082 1170 Vides
1114 1107 1148 1169 in
1179 1102 1202 1169 S
1232 1103 1379 1168 lacunam
1400 1119 1454 1165 esse

278 1208 363 1273 inter
392 1216 588 1274 TnNMeN
606 1247 649 1258 —-
666 1219 926 1287 ΊΦΑΙΡΕΙΤΑΙ,
955 1232 1051 1297 quam
1076 1231 1115 1276 ex
1137 1209 1200 1276 alio
1222 1210 1306 1276 libro
1336 1212 1455 1292 interpu

281 1312 347 1380 lato
371 1321 525 1381 corrector
546 1318 580 1381 in
604 1319 750 1404 margine
774 1317 926 1404 explevit.

327 1418 364 1484 In
396 1420 594 1487 Timocratea
623 1443 698 1510 pag.
730 1421 807 1491 752.
840 1423 893 1490 13.
919 1423 1028 1510 paullo
1051 1423 1145 1489 aliter
1167 1423 1280 1489 eadem
1301 1421 1454 1490 formarit:

282 1532 345 1596 τοῖς
376 1526 433 1603 μὲν
461 1525 576 1600 δούλοις
594 1567 637 1578 -
657 1528 819 1595 ὑπεθθυνθν
842 1533 903 1615 ret,
927 1538 990 1604 τοῖς
1016 1531 1040 1594 δ’
1065 1529 1228 1610 ἐλευθέροις
1249 1531 1454 1594 ’ΤΟΤΛΤΟΝ

281 1634 370 1696 τοῦτο
409 1633 551 1713 προσήκει
594 1635 744 1718 κολοίζειν.
802 1635 966 1702 Intellexit
1011 1639 1097 1703 enim
1136 1658 1168 1702 se
1204 1641 1298 1703 autea
1334 1635 1456 1702 nimium

282 1737 416 1817 dixisse,
440 1742 515 1826 quia
536 1746 585 1807 tot
606 1740 701 1808 liberi
723 1743 811 1810 cirea
834 1744 938 1829 capite
959 1743 1188 1828 plectebantur.

627 1981 723 2047 KAT’
747 1982 1124 2080 'API§TOKPATOTC.

281 2173 283 2179 ‘
329 2161 409 2250 Peg.
439 2159 515 2229 622.
539 2160 594 2228 24.
617 2163 644 2228 εί
667 2164 711 2242 μίη
736 2161 819 2228 ποίνυ
842 2169 902 2229 τῶν
925 2163 1060 2243 αίσχρῶν
1086 2159 1220 2242 ἕνθμιζον
1245 2158 1321 2227 εἶναι
1346 2165 1392 2226 νῦν
1412 2155 1457 2236 μὲν

285 2267 420 2348 ἡσυχίαν
449 2266 540 2345 ἄγειν
573 2269 640 2352 [καί
670 2273 859 2353 σουπῆσαι],
880 2307 920 2318 -
942 2267 1081 2349 πρότερον
1112 2268 1143 2334 δὲ
1174 2268 1281 2333 εἰπεῖν.
1327 2267 1456 2333 Necesse·

285 2375 370 2437 rium
396 2378 444 2438 est
460 2397 604 2456 praeseus
627 2379 762 2454 σιωπᾶν,
783 2376 837 2441 sed
856 2375 896 2441 ad
917 2377 1051 2455 ἡσυχίαν
1071 2373 1161 2454 οίγειν
1180 2376 1348 2461 adscripsit
1360 2371 1459 2456 aliquis

282 2478 336 2542 καὶ
368 2486 534 2553 σιωπῆσαν.
582 2485 649 2545 Νῦν
679 2482 736 2559 μὲν
755 2520 795 2531 -
814 2481 952 2563 πρότερον
979 2481 1011 2547 δέ
1034 2484 1081 2548 ita
1103 2486 1339 2569 componuntur
1360 2484 1396 2544 ut
1417 2479 1458 2538 νῦν

281 2586 338 2663 μὲν
370 2607 515 2671 praesens
548 2587 679 2665 habeat,
717 2587 857 2669 πρθτερον
892 2589 923 2654 δέ
958 2591 1112 2655 acrisium
1148 2588 1201 2656 vel
1234 2587 1455 2674 imperfectum.
1529 2623 1530 2708 p

285 2692 441 2773 Ἡσυχίαν
467 2690 562 2772 'tyrs
592 2715 649 2779 pro
678 2701 776 2759 tacere
806 2697 919 2760 notum
951 2698 1018 2779 est,
1050 2697 1087 2758 ut
1117 2715 1191 2780 pag.
1224 2691 1279 2757 40.
1313 2692 1344 2758 3.
1368 2693 1391 2756 εί
1413 2687 1458 2767 μὲν

284 2798 392 2882 ἤρεσκέ
415 2799 448 2865 τί
469 2823 521 2877 μοι
545 2806 603 2865 τῶν
628 2799 771 2881 ῥηθέντων
796 2798 930 2879 ἡσυχίαν
954 2798 993 2865 θον
1017 2796 1102 2878 ἦγον.

326 3011 406 3099 Pag.
443 3007 519 3075 624.
556 3006 587 3073 8.
622 3007 769 3074 ἐσκόπουν
803 3005 851 3075 οὖν
887 3009 945 3074 τίν’
980 3007 1019 3073 θον
1054 3006 1161 3089 τρθπον
1185 3009 1263 3074 -θ
1302 3007 1457 3088 Χαρίδημος

281 3119 435 3199 οίσφαλῶς
468 3113 576 3180 ποίντα
607 3114 853 3196 κατατρίψαντα
882 3115 908 3179 εί
934 3119 1048 3195 πρῶτον
1074 3114 1132 3194 μὲν
1157 3111 1264 3185 σίντης
1286 3113 1456 3181 αθτὸνοίπο

278 3223 379 3306 κτείνη
409 3222 565 3304 ψήφισμα
595 3220 736 3302 ὑμέτερον
766 3219 883 3298 γένοιτο
915 3218 1081 3299 οίγιίηιμον
1115 3217 1201 3285 εἶναι.
1230 3219 1366 3301 δεύτερον
1387 3219 1415 3283 δὲ
1435 3215 1455 3278 εί

278 3328 497 3412 χειροτονηθείη
521 3323 677 3408 ςρατηηος
700 3328 755 3410 ὑφ’
780 3328 861 3405 ὑμῶν
889 3327 1103 3415 [Χαρίδημος].
1151 3325 1326 3392 Manifesta
1347 3328 1380 3390 in
1399 3319 1455 3387 h.l.

279 3439 394 3504 lacuna
424 3440 473 3500 est
499 3438 532 3498 et
562 3433 681 3499 clamat
711 3435 868 3498 sententia
898 3433 1051 3499 excidisse
1085 3433 1207 3519 aliquid
1231 3429 1453 3498 huiuscemodi:

278 3546 478 3633 ,(σκοποῦντες
513 3540 543 3604 δὲ
567 3529 698 3620 εὕρισκον
723 3541 792 3622 ῥρῖς’
816 3537 855 3602 ἄν
879 3543 969 3621 σφισι
993 3545 1083 3604 τοῦτο
1106 3537 1283 3624 γενόμενον)
1308 3541 1335 3604 εί
1358 3542 1454 3616 πρῶτον

281 3649 338 3728 μέν
370 3648 435 3713 ari.
466 3651 522 3712 aut·
552 3645 641 3711 aliud
664 3645 741 3730 quid
763 3647 797 3709 in
821 3646 954 3712 eandem
977 3648 1178 3712 sententiam.
1226 3645 1349 3724 Deinde
1370 3650 1452 3709 trane·

280 3755 424 3844 ponenda
454 3757 528 3819 sunt
558 3772 638 3837 quae
670 3757 845 3836 sequuntur
874 3754 908 3817 in
940 3753 1025 3818 hunc
1048 3753 1201 3819 modum:
1226 3754 1262 3840 είΙ
1278 3757 1387 3832 πρῶτον
1406 3746 1452 3824 μὲν

278 3865 435 3945 ψήφισμα
471 3858 612 3939 ὑμέτερον
646 3855 780 3938 γίνοιτο·
815 3855 854 3922 ἄν
888 3882 934 3930 τις
970 3858 1064 3922 αὐτὸν
1098 3857 1266 3940 οὶποκτείνη
1307 3857 1450 3936 οίγιίηιμοο

280 3966 377 4047 είναι,
401 3987 481 4054 quae
504 3966 601 4032 verba
624 3986 663 4029 er
684 3966 754 4050 ipso
775 3963 942 4048 plebiscito
966 3967 1073 4029 sumta
1095 3965 1297 4049 ineptissime
1318 3964 1450 4028 dirimun-

278 4080 332 4140 tur
361 4073 556 4158 interpositis
584 4069 690 4137 verbis
720 4068 876 4152 ψήφισμα
909 4069 1050 4151 ὑμέτερον
1082 4067 1212 4148 γένοιτο.
1258 4071 1393 4155 Denique
1421 4065 1448 4126 in

278 4179 340 4245 fine
362 4179 424 4244 loci
447 4198 593 4265 expunge
617 4175 789 4256 Χαρίδημος
812 4176 979 4261 pueriliter
1002 4176 1159 4242 additum.

323 4391 403 4477 Pag.
440 4383 516 4451 625.
555 4386 587 4452 9.
624 4386 724 4452 καίτοι
756 4387 819 4459 πῶς
855 4384 893 4451 θον
929 4347 1145 4468 τεχνικώτερον
1182 4386 1199 4464 ἢ
1232 4382 1448 4466 κακουρρίτεροι
