3096 4972
746 263 811 336 548

183 452 300 535 ἔλαβεν
324 459 340 533 ἡ
363 453 481 536 τριύρης
504 457 539 522 τὸ
563 466 684 535 πλοῖον,
706 495 749 506 -
768 461 806 530 ύς
832 453 937 522 ἔθεσαν
962 459 1016 531 τὴν
1041 457 1194 538 ἱκετηρίαν
1215 454 1254 522 ὧν
1277 453 1311 530 ἦν
1329 456 1376 522 τά

182 539 337 643 χρήματα
366 559 557 650 [άνθρωσοι],
581 567 620 637 ὥς
643 562 934 646 άπεχειροτονιὶσαθ
961 565 1049 641 ὑμεῖς
1073 564 1117 642 μὴ
1141 544 1237 646 Φίλια
1262 557 1349 627 εἶναι.

227 667 365 735 Inseruit
387 665 531 749 άνθρωποι
555 670 758 758 magistellos
776 671 832 756 qui
850 690 913 735 non
931 674 1071 735 senserat
1090 670 1124 734 id
1142 671 1251 754 ipsum
1271 671 1378 734 inesse

182 774 216 838 in
250 770 287 838 ὧν
318 769 352 849 ἦν
382 775 426 839 τά
454 778 620 856 χρήματα.
666 778 785 864 Arguit
814 776 960 841 fraudem
989 777 1189 861 ineptissime
1224 773 1378 841 vocabuli

184 880 290 964 sedes,
313 883 469 966 inquam
492 902 532 946 ex
554 901 609 946 ore
628 881 704 946 h'bri
727 882 871 963 άνθρωποι
895 883 1033 966 irrepsit.
1070 875 1118 946 of.
1143 901 1218 968 pag.
1242 878 1321 944 753.
1344 878 1378 943 1.

185 981 265 1057 ύπως
298 981 336 1049 ὧν
367 986 404 1051 άν
430 987 517 1065 ὑμεῖς
541 994 726 1064 καταγνῶτε
750 985 852 1054 άδετοι
873 988 1034 1066 περιίασιν.
1058 991 1090 1052 et
1111 1007 1187 1073 pag.
1216 985 1293 1052 626.
1322 983 1377 1050 16.

186 1089 310 1166 άνάξιύς
341 1092 385 1161 ἕςι
418 1099 528 1173 τυχεῖν
558 1092 671 1157 τούτων
700 1089 721 1174 ᾧ
752 1094 945 1175 γέγραπται.
977 1114 1051 1181 pag.
1080 1091 1156 1157 627.
1181 1090 1236 1158 27.
1263 1093 1292 1155 ἕν
1317 1092 1378 1157 τίνι

185 1195 273 1272 τάξει
293 1203 363 1262 ποτ’
386 1197 449 1266 {etv
474 1198 549 1279 ὑπὲρ
572 1195 606 1263 ού
629 1200 664 1264 τὸ
687 1201 843 1279 ψήφισμα
867 1197 993 1280 εἴρηται.
1017 1218 1092 1284 pag.
1118 1194 1196 1263 642.
1222 1195 1279 1263 27.
1304 1197 1384 1262 άλλ’

187 1301 298 1370 ἐκείνου
322 1304 378 1382 μὲν
401 1306 427 1369 οἱ
451 1303 533 1382 νθμοι
557 1303 648 1385 κύριοι
673 1304 804 1371 κολάσαι
828 1304 880 1371 καὶ
905 1299 947 1378 οἷς
971 1301 1214 1384 προστέτακται.

235 1498 315 1584 Pag.
340 1497 417 1565 703.
441 1497 495 1564 25.
520 1498 591 1565 τθτε
612 1499 781 1577 άνέμνησεν
799 1499 881 1576 ὑμᾶς
901 1498 971 1573 τοὺς
993 1497 1098 1576 νύμονς
1122 1496 1287 1586 [άνύννω],
1307 1499 1380 1565 καθ’

190 1599 239 1674 οὓς
260 1642 301 1652 -
319 1613 375 1678 τῆς
406 1604 524 1679 πθλεως
556 1605 703 1683 γίγνεται
725 1604 769 1669 τά
791 1604 956 1686 χρήματα.
990 1603 1083 1684 Quis
1102 1624 1168 1669 11011
1186 1607 1384 1672 assentiatur

189 1708 333 1777 Dobreeo
354 1710 529 1776 molestum
551 1716 584 1776 et
606 1713 751 1797 ineptum
775 1709 891 1789 άνέρνω
916 1707 1054 1775 delenti?

235 1905 417 1992 Antiquam
442 1906 586 1971 obtinent
607 1907 756 1994 magistri
778 1926 853 1994 pag.
879 1902 955 1970 705.
980 1903 1033 1969 19.
1054 1902 1242 1983 προστάττει
1265 1911 1382 1986 πρῶτον

191 2013 248 2092 μὲν
278 2014 406 2078 ἐκθεῖναι
439 2009 547 2090 πρόσθε
571 2017 629 2076 τῶν
653 2013 816 2090 ἐπωνύμων
834 2049 875 2059 -
887 2059 895 2088 ,
923 2009 1008 2085 μετά
1031 2012 1122 2074 ταῦτ’
1147 2011 1198 2074 ε’τὶ
1220 2014 1303 2076 πάσι
1329 2009 1383 2075 τδν

192 2117 286 2184 αὐτὸν
317 2116 404 2192 νύμον
435 2115 547 2182 τιθέναι
580 2116 747 2204 [κελεύει],
772 2117 845 2198 πρὸς
869 2115 986 2189 τούτοις
1011 2116 1095 2180 λύειν
1119 2115 1190 2189 τοὺς
1214 2117 1383 2191 ε’ναντύονς.

191 2225 264 2311 Ipsa
286 2224 456 2290 verborum
480 2227 667 2308 compositio
690 2224 875 2304 προστάττει
897 2228 1013 2301 πρῶτον
1033 2221 1090 2298 μέν
1109 2259 1150 2269 -
1167 2224 1254 2299 μετά
1273 2228 1383 2288 ταῦτα

192 2332 388 2396 demonstret
411 2329 530 2394 κελεύει
554 2350 621 2394 esee
643 2328 882 2415 interpolatum.

148 2573 150 2578 ,
234 2524 315 2610 Peg.
340 2518 416 2587 706.
441 2518 496 2586 28.
524 2525 574 2587 νῦν
597 2521 622 2586 δ’
644 2521 769 2600 άνάνκη
793 2520 864 2587 καθ’
888 2517 996 2592 ἕκαςον
1020 2521 1114 2606 χωρὶς
1142 2521 1224 2610 [περὶ
1254 2520 1383 2609 ἓκάςον]

190 2629 361 2708 διελόμενον
392 2626 507 2704 λέγειν.
554 2627 710 2716 Expungo
740 2627 808 2709 περὶ
840 2627 951 2695 ἑκάςον
976 2625 1022 2695 110
1053 2629 1103 2694 bis
1131 2628 1220 2694 idem
1243 2629 1381 2694 dicatur.

190 2737 231 2805 ef.
261 2756 334 2824 pag.
367 2731 443 2799 700.
475 2733 526 2799 10.
559 2734 625 2798 καθ’
657 2731 767 2803 ἕκαςον
792 2734 957 2807 άκούοντες
980 2755 1054 2822 pag.
1081 2732 1155 2802 723.
1184 2732 1234 2802 17.
1262 2733 1382 2799 αὐτίκα

140 2913 143 2918 ⁴
189 2843 252 2923 γάρ
284 2842 352 2906 καθ’
383 2836 492 2908 ἕκαςον
524 2838 712 2918 άναννύσει,
744 2861 817 2927 pag.
850 2835 925 2905 760.
960 2836 1015 2906 27.
1047 2841 1071 2904 εἰ
1097 2839 1164 2906 καθ’
1196 2837 1307 2908 ἕκαςον
1344 2835 1383 2904 ὧν

123 3009 125 3014 .
191 2952 252 3032 ε’ρεῖ
273 2946 422 3040 δεικνύναι
446 2945 598 3024 βούλοιτο.

236 3145 316 3232 Peg.
349 3141 425 3210 708.
459 3140 490 3206 6.
523 3141 638 3206 τούτων
670 3141 751 3207 οὐδὲν
775 3141 922 3217 πεποίηκε
945 3138 1144 3220 Τιμοκράτης
1168 3141 1284 3206 ούτοσύ·
1311 3139 1381 3206 ούτε

190 3251 253 3332 γάρ
285 3249 405 3326 ἐξέθηκε
436 3249 487 3315 τὸν
519 3247 608 3325 νθμον
640 3249 718 3335 [οὔτ’
750 3246 871 3332 ἔδωκεν]
903 3247 931 3310 εἷ
961 3271 1008 3319 τις
1043 3246 1192 3324 ἐβούλετο
1227 3249 1377 3324 άναγνοὺς

190 3357 364 3439 άντεισεῖν,
395 3353 458 3419 οὔτ’
491 3354 645 3432 άνέμεινεν
676 3354 782 3420 ούδένα
813 3359 871 3418 τῶν
901 3351 1102 3432 τεταγμένων
1125 3353 1239 3434 χρθνων
1264 3352 1294 3416 ἕν
1315 3359 1375 3423 τοῖς

190 3460 300 3540 νθμοις.
346 3461 526 3526 Abhorrent
549 3480 568 3525 a
588 3459 650 3525 lori
673 3462 829 3526 sententie
853 3464 885 3524 et
907 3458 989 3526 nihil
1012 3459 1215 3542 habentque
1242 3459 1375 3524 referen-

189 3575 242 3634 tur
265 3567 362 3635 verba
384 3565 446 3630 οὔτ’
471 3565 595 3643 ἔδωκεν,
622 3567 738 3652 quibus
761 3566 873 3631 deletis
896 3564 1005 3630 ordine
1027 3565 1202 3650 procedunt
1224 3566 1339 3629 omnis.

234 3763 314 3850 Peg.
348 3759 423 3828 709.
457 3759 511 3825 26.
544 3766 607 3831 πῶς
632 3761 664 3824 ού
688 3759 834 3840 σχέτλιον
858 3761 913 3834 τὴν
936 3758 993 3838 μὲν
1017 3758 1106 3825 πάλιν
1131 3760 1254 3846 [αὐτὴν]
1278 3753 1369 3835 {edes

192 3873 274 3949 ἡμῶν
305 3867 463 3933 δεδωκέναι
495 3865 601 3932 άδειαν
620 3904 677 3942 -,
710 3867 805 3941 αὐτὴν
829 3865 860 3930 δὲ
883 3866 927 3944 μὴ
950 3865 1158 3944 τετυχηκέναι
1181 3863 1297 3940 ταύτης
1318 3869 1367 3934 τῆς

123 3987 125 3990 ’
189 3974 383 4056 άσφαλείας.
430 3973 641 4058 Perspicuum
676 3979 724 4037 est
757 3975 846 4058 prius
882 3973 993 4050 αύτύν,
1028 3972 1113 4056 quod
1148 3972 1367 4058 oppositionem

189 4083 298 4158 vitiet,
322 4081 479 4146 removeri
502 4082 654 4165 oportere.
801 4075 805 4084 '

235 4259 315 4345 Peg.
348 4255 422 4324 711.
455 4258 485 4323 8.
519 4259 544 4322 εἰ
568 4257 631 4336 γάρ
656 4256 763 4330 εἴησαν
787 4257 836 4324 δύο
860 4258 938 4331 τινὲς
963 4257 1091 4324 ἐναντίοι
1115 4257 1198 4337 νθμοι
1222 4255 1274 4322 κού
1292 4273 1368 4321 τινες

113 4392 115 4396 ⁴
193 4361 337 4430 άντύδικοι
368 4366 440 4442 παρ’
473 4364 543 4440 ὑμῖν
575 4363 768 4445 άνωνύζοιντο
786 4403 843 4444 -,
871 4363 954 4442 άξιοῒ
975 4365 1000 4430 δ’
1023 4361 1163 4445 ἑκάτερος
1188 4364 1281 4439 νικάν,
1303 4360 1369 4423 imo
