3026 4970
635 257 699 327 307

90 452 239 514 annotatur
261 450 302 515 sd
326 457 364 513 Λ.
392 447 468 512 365.
492 449 527 512 τὸ
558 447 661 511 οένύω
686 447 863 528 Φυλοικτέον
887 447 935 512 ἐπὶ
960 453 1013 513 τοῦ
1039 449 1134 512 κὺτοῦ
1158 444 1256 514 τύνου.

91 554 177 626 iuste
206 555 268 634 γύρ
294 556 355 623 έςιν
381 553 450 618 ἀντὶ
472 554 639 632 μέλλοντος
664 558 696 617 et
720 555 759 618 ad
781 564 818 618 T.
845 553 919 619 452.
944 554 978 618 τὸ
1003 555 1033 619 δέ
1065 554 1167 618 οένύω
1198 555 1259 631 βω·

89 661 194 736 ρυτύνως
221 659 423 739 ἀνοιγνωςέον.
452 657 496 727 ἔςι
522 660 584 740 γὰρ
608 660 713 732 ἐνεςὼς
739 660 806 725 οὶντὶ
832 660 1009 734 μέλλοντος.

125 767 207 833 Hied.
233 780 269 834 X.
297 767 350 835 67.

433 872 519 942 κύνες
535 909 576 921 -
591 872 711 950 donent
737 873 884 953 ἐρύουσιν,

89 979 202 1056 ἡδιτλῆ
223 976 268 1045 ἐτι
288 976 394 1061 χρόνος
415 978 573 1055 ἤλλοικτοοι
595 979 664 1043 ἀντὶ
685 983 737 1044 τοῦ
762 980 980 1060 ε’ρύσουσιν.
1006 979 1118 1066 Odyss.
1133 988 1167 1042 Z.
1184 973 1258 1044 174.

770 1088 801 1150 ού
825 1087 888 1166 yos
912 1087 961 1151 dio

230 1191 383 1257 παύσεσθ’
409 1193 483 1256 ἀλλ’
508 1189 552 1255 ἔτι
578 1192 683 1255 πολλοὶ
708 1191 765 1255 deri
790 1192 926 1256 τελέουσι
952 1191 1100 1272 τύροιύεν.

88 1305 257 1364 annotatur:
280 1298 500 1362 τελέσουσιν
525 1300 567 1369 εἷς
590 1299 624 1362 ’τὸ
648 1298 832 1376 μετέτειτοο.
858 1299 896 1363 ad
920 1297 1010 1364 Iliad.
1035 1309 1073 1363 Π.
1102 1293 1178 1361 129,
1201 1293 1261 1370 ἐγὼ

87 1402 113 1466 δέ
140 1431 172 1470 κε
201 1406 277 1469 λοιδν
308 1406 421 1483 ἀγείρω
455 1403 596 1468 scholion
624 1411 688 1468 est:
715 1404 819 1475 ἐνεςὼς
845 1404 1000 1480 σημαίνων
1023 1403 1193 1482 μέλλοντος.
1219 1437 1261 1494 ᾗ-

87 1504 151 1574 ούτω
170 1511 221 1576 κού
244 1512 278 1576 τὸ
303 1509 498 1590 ἐρύουσιν.
524 1505 615 1581 οὕτως
638 1509 668 1574 δὲ
689 1509 740 1574 not
765 1508 957 1591 Ἀρίεοορχος.
985 1509 1098 1596 Odyss.
1118 1518 1163 1573 M.
1184 1504 1261 1572 383.

257 1618 282 1681 εἰ
307 1615 338 1681 δέ
362 1640 413 1692 μοι
438 1618 470 1680 ού
495 1615 610 1680 τίσουσι
636 1618 714 1693 βοῶν
737 1616 860 1681 ἐπιεικέ’
885 1617 1033 1694 ἀμοιβήν,

258 1722 388 1798 δύσομκι
414 1725 456 1793 εἰς
482 1722 589 1786 ’niteo
614 1722 666 1785 uni
693 1723 722 1784 ἐν
747 1721 884 1786 νεκύεσσι
907 1722 1035 1803 Φοιείνω.

85 1831 231 1896 scholion:
257 1828 292 1893 τὸ
317 1829 472 1908 Φοιεένω
498 1827 638 1898 ε’νεςῶτύς
664 1829 725 1895 ἐςιν
750 1829 817 1891 ἐντὶ
842 1835 894 1892 τοῦ
919 1829 1095 1904 μέλλοντος.

124 1935 331 2000 Vehementer
352 1935 451 1998 miror
470 1934 690 1998 Aristarchum
711 1954 834 2018 quoque
853 1938 886 1997 in
905 1935 965 1998 hoo
985 1936 1140 2018 opinionis
1161 1954 1262 1998 erroro

85 2060 143 2104 esse
172 2047 335 2107 versatum
368 2046 405 2104 ut
437 2040 575 2104 erederet
607 2045 638 2103 et
660 2041 845 2123 profuturo
869 2045 1010 2124 tempore
1028 2061 1169 2122 ρονοοεςκε
1191 2039 1264 2102 sub·

84 2147 168 2210 stitui
188 2167 296 2231 posse,
317 2151 349 2210 ot
367 2145 440 2210 illas
460 2146 576 2209 formes
589 2146 759 2227 proesentis
782 2147 935 2230 temporis
958 2164 1038 2210 esse:
1061 2146 1114 2210 sed
1139 2145 1265 2209 disertis

83 2251 248 2318 Aristonici
274 2258 306 2316 et
328 2250 503 2315 Herodisni
527 2253 719 2315 testimoniis
743 2250 870 2315 difficile
893 2256 1025 2315 estnon
1049 2251 1182 2315 eredere.

122 2355 157 2420 In
181 2357 328 2422 omnibus
351 2357 401 2420 his
425 2357 536 2420 formis
559 2355 672 2443 lingua
692 2355 864 2420 Homerios
884 2357 923 2421 sd
943 2360 1098 2421 amussim
1118 2379 1192 2422 oum
1213 2379 1264 2423 ve

81 2465 141 2525 tere
171 2465 278 2528 Attice
309 2462 444 2526 dialecto
474 2463 641 2545 conspirat.
688 2462 726 2525 In
759 2463 874 2546 quibus
905 2462 1010 2527 verbis
1043 2471 1152 2526 enon
1177 2465 1210 2525 in
1236 2471 1263 2525 H

79 2569 273 2652 producitur,
296 2571 323 2632 si
342 2573 389 2632 est
410 2567 662 2651 antepenultima
683 2569 786 2649 ίονιρο,
809 2577 831 2632 c
850 2569 884 2631 in
903 2568 1012 2632 futuro
1031 2589 1093 2632 non
1117 2568 1263 2652 eliditur,

79 2677 174 2739 utin
206 2674 426 2757 ἐτοοινέσομκι,
457 2672 637 2756 οιίδέσοριωι,
675 2672 811 2751 ἀρκέσω,
848 2672 968 2737 νεικέσω
1004 2681 1036 2739 et
1071 2675 1264 2756 ύχύέσοροοιι,

78 2799 213 2862 quorum
240 2780 397 2844 οιῖδέσετοοι
422 2785 453 2844 et
479 2779 598 2842 νεικέσω
623 2778 796 2858 strinxisse
820 2778 993 2844 Homerica
1015 2785 1099 2844 sunt.
1150 2775 1266 2844 Contra

78 2886 131 2948 ubi
153 2888 261 2951 brevis
286 2891 334 2950 est
358 2884 628 2970 antepenultima,
654 2885 806 2969 entique
829 2905 956 2949 summa
978 2887 1153 2949 constantia
1172 2885 1265 2949 omit-

77 2993 164 3056 titur.
214 2999 332 3069 Γοορκεῖν
355 2991 451 3055 habet
474 2991 622 3055 futurum
647 2991 758 3068 τρομέω
782 2991 874 3055 Iliad.
900 3001 924 3054 Ι.
951 2989 1026 3054 388.

259 3099 363 3176 κούρνν
388 3097 413 3160 δ’
437 3098 469 3160 οὐ
493 3095 636 3173 γοιμέω
661 3097 894 3174 Ἀγαμέμνονος
920 3097 1094 3176 ’Λτρεΐδοοο

75 3208 104 3267 et
128 3226 175 3270 vs.
204 3203 279 3268 391.
306 3202 371 3268 οὐδέ
395 3225 447 3278 μιν
471 3197 508 3274 ὥς
534 3201 656 3279 νωμέω.
681 3208 712 3267 et
737 3201 850 3289 Odyss.
878 3213 917 3268 Ο.
944 3201 1019 3268 522.

235 3319 243 3330 ”
698 3309 829 3386 μέμονέν
852 3335 887 3374 τε
910 3308 1036 3386 μύλιςοο

257 3416 365 3495 μητέρ’
391 3416 466 3493 ἐρςέρν
490 3414 624 3491 νοορςέειν
648 3413 699 3477 κοοὶ
726 3415 894 3489 Ὀδυσσῆος
919 3414 1014 3494 γέρως
1040 3412 1127 3492 ἕξειν.

116 3533 232 3589 Τελεῖν
257 3525 355 3589 habet
379 3523 525 3586 futurum
549 3521 661 3599 τελέω,
688 3521 836 3598 ἐκτελέω,
862 3521 1020 3586 τελέεσύοιι
1046 3521 1105 3585 οΐω.
1153 3520 1267 3607 Odyss.

71 3641 104 3692 o.
131 3630 211 3696 256.

395 3735 494 3799 τελέει
522 3736 547 3798 δ’
572 3736 634 3800 ὁδὸν
660 3735 769 3799 ούτοτε
795 3736 921 3808 τοούτνν.

116 3844 233 3930 Odyss.
262 3853 298 3906 Σ.
324 3839 399 3904 388,

394 3943 411 4018 ἦ
434 3945 527 4026 τύχοι
552 3971 595 4008 τοι
621 3946 745 4011 τελέω
770 3947 875 4011 κοικύν.

115 4055 234 4141 Odyss.
263 4063 302 4115 Δ.
331 4049 406 4116 664.

395 4159 503 4236 Φύμεν
528 4158 559 4223 δέ
577 4161 609 4242 οἱ
633 4162 664 4222 ού
689 4157 918 4225 τελέεσύοοι.

112 4267 234 4353 Odyss.
264 4275 303 4328 Ψ.
330 4262 407 4328 284.

326 4371 367 4431 τοὶ
393 4371 422 4434 δέ
448 4393 498 4447 ροοι
524 4368 610 4450 Φύτο
635 4369 742 4434 τούντοο
766 4371 991 4434 τελεῖσύοοι,
