3034 4970
794 245 861 316 228

233 435 343 505 τούτου
369 434 424 511 ἕως
454 439 508 503 τοῦ
534 433 626 516 „iada
649 434 750 518 ιιοίύιζι
773 435 901 512 Ἑλίνη”
923 436 1025 519 ςίχοιο
1048 435 1195 518 τέοτοιρτι
1220 434 1411 517 παράκεινται

235 545 350 612 διπλοῖ
369 544 599 626 περιεςινριένοιι
623 541 668 609 ὅτι
694 541 855 618 Ζηνόδοτος
881 544 1035 621 μετετίύει
1055 544 1110 619 την
1129 543 1294 609 ουνέπειοιν
1313 541 1411 615 οὕτως·

393 652 570 732 ἀμφίπολοι
592 651 650 729 μὲν
673 646 783 714 ἔπειτα
809 649 877 721 droia
901 649 951 714 ἐπὶ
976 648 1055 730 ἔργον
1077 649 1245 730 τροίποντο,

393 761 473 834 adria
497 757 524 823 δ’
548 757 649 823 οὶντίον
672 755 737 837 ίζεν
760 754 972 837 ’Λλεξοίνδροιο
996 755 1130 830 ἄνοικτος

395 863 465 931 droa
489 863 586 930 ποίλιν
609 863 760 948 κλίνοιοο,
785 861 874 928 πύτιν
898 865 924 929 δ’
948 863 1085 938 ἠνίποιπε
1107 861 1201 944 ριύύιρ.

282 974 485 1038 'Anpenec
516 970 579 1050 γὰρ
611 970 695 1049 οιύτῷ
728 969 873 1050 ε’φοιίνετο
904 969 939 1035 τὸ
967 979 1005 1052 τῇ
1031 970 1139 1053 Ἑλένη
1162 969 1217 1044 την
1241 966 1416 1049 Ἀφροδίτην

236 1077 339 1160 δίφρον
362 1076 528 1157 βιιςύζειν.
574 1076 750 1140 hederarum
773 1080 838 1155 est,
863 1079 891 1141 si
913 1077 992 1161 quid
1014 1075 1121 1153 aliud,
1144 1074 1302 1140 Venerem
1326 1075 1360 1139 id
1379 1074 1418 1138 fa

236 1206 305 1251 cere
337 1184 421 1269 quod
450 1184 686 1270 Aegyptiorum
720 1185 849 1270 regina,
884 1181 1037 1250 Zenodoti
1067 1183 1213 1260 domina,
1249 1201 1419 1266 numquam

236 1293 339 1357 facere
369 1289 584 1355 sustinuissetl
617 1289 714 1373 idque
746 1291 776 1353 ei
805 1291 888 1354 tenti
919 1288 1068 1374 ponderis
1099 1308 1164 1354 esse
1187 1288 1296 1352 visum
1321 1290 1419 1353 estut

238 1398 395 1463 eximium
426 1397 550 1480 antiqui
568 1396 652 1460 vatis
672 1394 781 1460 locum
804 1397 924 1483 insigni
946 1393 1188 1481 interpolatione
1210 1393 1343 1460 auderet
1364 1413 1419 1458 cor·

237 1523 403 1588 rumpere,
428 1506 461 1568 ei
482 1503 621 1588 vestigia
645 1504 753 1566 omnia
774 1507 829 1574 της
854 1507 914 1567 τῶν
937 1506 1081 1566 ποιλοοιῶν
1105 1500 1261 1581 οίφελείοις
1284 1499 1421 1564 funditus

239 1609 352 1675 delere.
399 1607 480 1673 Vide
506 1613 615 1673 autem
639 1609 715 1693 quid
735 1608 922 1693 respondeat
944 1607 1163 1674 Aristarchus:
1189 1605 1372 1681 ἕπολέληςοιι
1395 1605 1420 1669 δὲ

237 1713 284 1781 ὅτι
315 1713 394 1795 apat
421 1712 544 1782 είκοοςοιι
575 1714 628 1778 acl
652 1713 754 1795 τούτη
776 1723 815 1796 τῇ
840 1720 944 1796 μορφῇ
967 1714 1009 1778 roi
1032 1714 1223 1794 προτηκοντοι
1246 1711 1420 1788 ἐπιτηδεύει.

236 1822 368 1908 Reperit
386 1823 521 1887 ‘colorem
545 1819 699 1905 aliquem,
723 1825 761 1885 ut
784 1823 929 1905 antiquos
951 1841 1062 1887 versus
1086 1841 1210 1887 servare
1234 1841 1271 1886 ac
1294 1823 1422 1885 retinere

235 1932 359 2014 posset,
394 1947 458 1992 non
491 1928 596 2011 ipsam
630 1946 759 1991 causam
794 1926 829 1989 τὸ
860 1933 920 1991 τῶν
950 1933 1093 1992 ποιλοιιιῖνν
1124 1926 1191 2006 περί
1223 1926 1266 1991 τοὶ
1298 1931 1422 1992 τοιοῦτον

239 2031 386 2099 ἁπλοϊκόν
406 2035 576 2118 perspexit.
623 2031 757 2098 Necesse
781 2037 829 2097 est
851 2034 886 2096 in
909 2035 1113 2118 antiquarum
1134 2031 1317 2098 litterarum
1335 2036 1423 2096 inter-

238 2121 421 2226 pretatione
441 2145 479 2202 ut
502 2138 564 2202 tibi
587 2140 714 2206 animus
737 2138 877 2224 antiquar
900 2137 956 2204 fiat
978 2145 1011 2205 et
1034 2142 1081 2205 ita
1104 2142 1220 2205 sentias
1233 2144 1281 2203 'ut
1303 2138 1355 2203 illi
1375 2158 1422 2204 re-

238 2251 321 2311 teres
345 2244 535 2327 sentiebant,
561 2264 657 2328 quem
678 2265 806 2309 sensum
826 2244 1051 2334 Alexandrinis
1072 2243 1201 2311 Griticis
1222 2266 1287 2311 non
1313 2247 1421 2320 inesse,

238 2357 295 2418 aut
325 2351 441 2416 saltem
472 2370 535 2415 nou
565 2352 641 2414 satis
672 2370 778 2415 acrem
806 2352 841 2415 in
871 2352 912 2415 iis
944 2356 999 2415 aut
1023 2356 1155 2416 acutum
1177 2351 1292 2429 fuisse,
1317 2350 1424 2416 multis

238 2461 305 2524 iam
341 2455 497 2542 exemplis
531 2456 726 2522 ostendimus
761 2461 793 2521 ct
828 2477 904 2522 mox
938 2456 1084 2542 pluribus
1118 2457 1332 2523 ostendemus.
1379 2454 1424 2520 Ad

238 2563 375 2631 eundem
405 2562 523 2628 iliados
544 2561 653 2627 locum
676 2572 711 2627 Γ.
736 2561 803 2627 424
827 2565 992 2629 annotavit
1014 2562 1097 2628 alius
1120 2565 1226 2629 nescio
1250 2566 1322 2648 quis
1344 2563 1424 2628 Aris·

238 2670 342 2735 tarchi
371 2668 643 2734 animadversione
674 2687 768 2734 usus:
800 2671 851 2735 τὸν
881 2669 914 2734 δὲ
944 2668 1049 2752 δίφρον
1079 2671 1106 2734 εί
1137 2678 1232 2734 ΜΕΝ
1265 2673 1304 2744 ὣς
1333 2671 1423 2750 ypati

240 2775 355 2848 τίύητιν
373 2777 427 2842 οὐκ
446 2773 574 2852 οίτοπον,
597 2776 621 2839 εί
635 2783 700 2839 ΔΕ
719 2777 757 2845 ὥς
776 2775 961 2857 Ἀφροδίτη,
982 2775 1034 2840 xci
1056 2776 1171 2850 Ἀίηνῖι
1190 2775 1305 2857 λύχνον
1325 2774 1423 2859 φοιίνει

238 2882 395 2950 Ὀδυσσεῖ.
442 2881 587 2968 Respicit
609 2880 717 2947 locum
740 2883 775 2946 in
798 2879 940 2968 Odyssea
965 2889 1006 2946 T.
1031 2880 1086 2947 34.

717 2987 839 3069 ποίροιύε
864 2988 895 3052 δὲ
918 2987 1053 3061 Ποιλλοδς
1078 2986 1190 3076 ’Adrion

373 3092 502 3176 χρύσεον
525 3092 639 3173 λύχνον
664 3089 782 3174 ἔχουσιν
806 3094 888 3177 φοίος
910 3094 1094 3173 περικαλλὲς
1118 3094 1223 3161 ἐποίει.

238 3225 301 3271 non
331 3199 523 3269 offenderant
552 3199 630 3266 haec
657 3205 804 3267 veterum
824 3202 964 3279 animos,
988 3202 1045 3286 qui
1067 3200 1150 3265 nihil
1173 3201 1213 3267 de
1235 3221 1349 3289 genere
1370 3199 1425 3264 hoc
1512 3265 1513 3270 ,

238 3310 453 3378 mirabantur:
485 3306 560 3371 deos
581 3307 665 3370 inter
687 3306 834 3372 homines
855 3309 975 3373 versari
998 3310 1030 3372 et
1054 3308 1203 3372 omnibus
1225 3308 1331 3373 modis
1352 3324 1424 3392 quos

239 3437 326 3484 caros
348 3412 507 3480 habebant
529 3413 699 3490 adiuvare,
725 3412 869 3498 nihilque
892 3413 969 3477 adeo
992 3413 1077 3497 quod
1100 3413 1282 3479 humanum
1304 3417 1381 3480 esset
1407 3431 1424 3475 a

240 3523 312 3591 Diis
337 3520 479 3587 alienum
501 3520 666 3604 putabant.
714 3516 777 3583 Sed
801 3525 1050 3604 supervenerunt
1073 3517 1217 3607 theologi
1240 3526 1272 3586 et
1294 3519 1424 3606 philoso-

238 3630 314 3716 phi,
345 3629 402 3714 qui
432 3626 588 3713 quidquid
620 3647 659 3691 ex
689 3646 764 3691 suae
792 3627 906 3692 aetatis
936 3647 1029 3690 sensu
1058 3632 1091 3691 et
1121 3628 1323 3712 opinionibus
1348 3627 1423 3690 esset

240 3734 395 3814 ἀπρεπές,
424 3736 460 3799 in
489 3731 632 3798 Homero
662 3737 719 3798 aut
749 3732 859 3798 acerbe
889 3732 1043 3797 notabant
1071 3732 1234 3819 indignati
1265 3732 1345 3799 Deos
1365 3732 1423 3794 im-

239 3839 391 3909 mortales

377 3948 542 4024 ιιλέπτειν,
566 3942 724 4024 μοιχεύειν
747 3969 783 4008 τε
807 3943 860 4009 acl
884 3944 1043 4020 ἀλλήλους
1066 3943 1274 4012 οὶποιτύλλειν.

237 4059 294 4123 aut
330 4051 492 4119 malesana
529 4051 708 4116 subtilitate
739 4055 795 4116 aut
822 4050 975 4123 ὑπονοίοιιρ
1006 4049 1195 4140 (allegoriis)
1228 4047 1420 4138 perabsurdis

239 4181 389 4229 excusare
420 4162 476 4225 aut
507 4157 671 4224 defendere
700 4158 897 4245 satagebant.
945 4156 1050 4238 Quam
1073 4157 1192 4224 vellem
1214 4157 1297 4223 nihil
1319 4154 1423 4222 huius·

220 4262 329 4336 'modi
352 4266 552 4353 opinionibus
576 4264 762 4329 tribuissent
785 4260 980 4330 Oriticorum
1002 4263 1290 4330 Alexandrinorum
1312 4261 1421 4348 princi·

238 4395 305 4462 pes.
351 4370 415 4439 Sed
444 4370 496 4438 illi
526 4390 650 4456 quoque
680 4369 961 4437 stomachabantur
982 4369 1166 4440 Minervam
1188 4369 1298 4441 servili
1316 4366 1421 4434 minin·

634 4771 651 4818 λ

655 4819 748 4940 Χ
