3052 4970
815 157 880 231 892

279 354 457 443 Didymus:
491 354 708 437 ἐνέπρησεν
737 354 894 436 Φιλόξενος
917 357 970 423 νισι
997 356 1196 443 Ἀρίτσνρχνρ.
1222 354 1280 436 περὶ
1302 354 1328 419 δὲ
1348 361 1390 429 τῆς

235 469 363 546 γριιφῆι
395 461 580 542 Ἀρέςσιρχνς
612 462 642 524 ἐν
673 461 872 538 ὑπσμνημιιτι
904 461 1000 544 φησὶν
1031 461 1142 535 οὕτως·
1178 462 1232 540 „ri
1254 456 1325 540 ιιῖμιι
1344 458 1392 525 ciri

235 574 288 635 τσῦ
310 567 427 645 ι’ίπιιτις
447 565 593 649 exposcere
611 567 710 647 χύδην
728 567 781 632 cet
800 567 852 634 τὸν
869 572 922 632 τοῦ
938 573 1068 649 χιτῶνος
1081 568 1197 634 κόλπον
1210 566 1393 650 ἐνεφύσησεν.”

279 779 338 847 Est
359 799 472 866 operae
493 778 635 863 pretium
658 777 880 842 Aristarchum
906 778 1015 843 audire
1038 779 1079 844 ad
1100 777 1192 844 Iliad.
1219 787 1263 843 Ω.
1284 776 1311 842 8.

531 881 681 961 ἀλεγεινά
707 909 743 948 τε
766 883 897 962 neaera
920 892 1095 949 ΠΕΙΡΩΝ.

280 988 629 1074 Ἀρέςιιρχσς-βσιρύνσν
651 989 855 1068 ἀναγινώσκει
880 990 1016 1073 (πείρων)
1038 991 1078 1062 ὥς
1103 990 1217 1073 κείρειν.
1241 989 1311 1072 φησὶ
1338 991 1396 1066 potu

236 1093 311 1162 οὕτω
335 1095 499 1176 γενόμενος
524 1095 573 1160 ἐπὶ
597 1101 670 1161 τοῦ·

236 1203 392 1285 πιινννχέη
424 1201 481 1280 μέν
511 1200 537 1282 ῥ’
563 1200 622 1281 ἥγε
647 1201 699 1267 eal
725 1204 764 1278 ἠῶ
789 1209 874 1284 πεῖρε
898 1200 1047 1267 κέλενένν.
1074 1202 1129 1281 „rt
1154 1211 1270 1284 πεῖρε
1289 1198 1399 1267 διδάσκει

237 1310 321 1394 ἡμᾶς
353 1308 406 1374 aa>
437 1309 492 1384 την
520 1309 666 1390 πείρων
690 1311 829 1388 μετοχὴν
852 1307 1015 1390 βαρύνειν,
1040 1308 1077 1381 ὡς
1101 1309 1164 1390 γὰρ
1196 1307 1316 1390 ἔκειρε
1342 1303 1400 1370 νεί-

236 1440 322 1500 ρων,
351 1411 444 1489 οὕτως
477 1413 615 1497 ἔπειρε
640 1414 709 1480 πεέ
715 1438 795 1496 ρων.
820 1416 845 1480 εἰ
870 1414 934 1496 γὰρ
958 1417 1145 1494 περιεσπᾶτο
1170 1411 1204 1489 ἦν
1227 1415 1265 1480 ἐν
1286 1417 1298 1480 c‘
1320 1435 1399 1492 τνρν·

236 1523 362 1594 τιιτιηὸς
395 1521 570 1600 terrica?
616 1518 669 1586 Sic
701 1526 813 1586 cautus
844 1522 1065 1606 ctperspicax
1088 1521 1219 1609 linguae
1241 1521 1401 1586 Homericae

236 1651 333 1696 usum
352 1634 386 1695 et
404 1629 561 1694 rationem
580 1628 755 1716 indagabat
774 1648 899 1714 semper
919 1650 958 1693 ex
978 1631 1071 1693 certis
1089 1631 1211 1695 incerte
1226 1630 1400 1695 constituens.

282 1838 334 1904 Ad
366 1837 458 1904 lliad.
492 1847 539 1902 Ω.
576 1834 652 1903 235.
690 1837 807 1915 ἐξεσίην
842 1835 968 1904 ἐλθόντι.
1026 1836 1209 1924 Didymus:
1244 1837 1401 1920 Ἀρίςιιρχιι

239 1943 360 2010 tarsae
399 1946 454 2020 την
488 1941 630 2025 δεντέριιν
663 1943 838 2022 συλλαβήν.
879 1942 987 2025 »παρὰ
1023 1942 1086 2024 νέιρ
1121 1942 1157 2007 τὸ
1193 1939 1279 2028 ἵημι,
1311 1936 1401 2024 dcciv,

138 2028 148 2046 ⁰
238 2050 371 2130 ἐγένετο.
396 2051 534 2134 ἐπιφέρει
556 2055 647 2129 γοῦν·
748 2061 751 2066 “

320 2154 323 2158 ’
470 2156 526 2238 πρὸ
549 2156 613 2237 γὰρ
634 2154 687 2234 ἧκε
712 2156 814 2237 πιιτέρρ
839 2153 929 2222 ἄλλοι
953 2180 989 2222 τε
1013 2154 1165 2238 νέριντες.

239 2267 327 2347 πιιριὶ
357 2263 389 2329 δέ
421 2263 472 2328 τὸν
497 2261 569 2339 ἥσω
593 2262 753 2344 μέλλοντα
779 2265 796 2337 ἡ
821 2262 914 2328 iria
938 2249 1059 2341 ἐγένετο
1084 2261 1136 2327 xci
1161 2264 1179 2338 ἡ
1204 2259 1354 2338 ἐξεσέιι,
1372 2256 1401 2324 ὣς

192 2411 193 2416 1
239 2369 740 2453 ιιιιὶπσιρὰτέθέσωέεσέσι·

510 2487 554 2560 τῇ
577 2476 613 2553 δη
638 2477 792 2543 σννέεσέιιι
817 2475 849 2541 δέ
876 2474 924 2564 (Β.
952 2473 1044 2561 339).

238 2583 274 2648 τὸ
297 2584 375 2650 αὐτὸ
399 2582 452 2650 cal
477 2581 528 2649 ἐπὶ
553 2586 622 2648 τοῦ·

511 2695 570 2754 τῶν
593 2685 671 2753 ἕνεκ’
695 2686 814 2764 ἐξεσίην
837 2686 909 2774 (οᾶ.
937 2696 972 2753 Φ.
999 2685 1088 2774 20).”

251 2833 255 2844 -
283 2794 332 2861 Ex
354 2797 406 2861 his
429 2797 539 2881 paucis
562 2779 751 2883 fragmentis
775 2793 868 2859 facile
889 2793 1076 2880 colligimus
1095 2813 1161 2877 quo
1182 2796 1273 2878 pacto
1290 2791 1403 2856 Aristar·

239 2903 317 2967 chus
339 2904 374 2967 in
398 2902 636 2966 commentariis
659 2900 832 2966 scribendis
857 2902 899 2965 sit
923 2905 1077 2967 versatus.
1113 2898 1264 2964 Vertebat
1285 2899 1403 2983 priscum

239 3029 416 3074 sermonem
442 3010 568 3093 epicum
591 3010 625 3071 in
647 3007 794 3094 lingnam
817 3005 1004 3092 popularem
1029 3009 1060 3070 et
1083 3005 1312 3072 observationes
1330 3018 1403 3068 omne

238 3135 340 3201 genus
383 3115 421 3180 de
455 3114 560 3179 verbis
594 3113 749 3198 rebusque
784 3110 965 3178 Homericis
999 3111 1170 3177 intexebat.
1232 3110 1403 3176 Aristonicus

238 3240 338 3304 quum
371 3219 414 3284 ret
445 3223 498 3284 τοῦ
523 3218 710 3301 Ἀριςιέρχιν
734 3226 851 3296 σημεῖιι
876 3220 1039 3304 exipsius
1062 3219 1189 3303 scriptis
1215 3221 1248 3282 et
1270 3233 1404 3282 commen·

237 3328 328 3391 taliis
350 3326 397 3411 (ἐκ
421 3330 479 3390 τῶν
504 3323 767 3408 συγγραμμάτων
792 3325 844 3390 est
869 3331 927 3390 τῶν
948 3322 1189 3409 ὑπομνημάτων)
1211 3325 1404 3409 interpretare

238 3436 293 3497 tur
322 3432 419 3499 verbe
445 3434 515 3518 ipsa
538 3435 658 3497 summi
683 3429 796 3497 Oritiei
820 3433 978 3515 serravit,
1001 3433 1110 3516 itaque
1132 3432 1241 3515 ipsum
1264 3435 1404 3512 tamquam

238 3543 436 3621 praesentem
461 3538 611 3604 audimus
635 3542 667 3603 et
691 3539 851 3602 cernimus
870 3537 1141 3622 quemadmodum
1161 3533 1293 3624 linguae
1310 3533 1405 3599 Home·

239 3645 323 3708 ricae
355 3642 535 3732 analogiam
565 3643 784 3710 sollertissime
814 3643 969 3731 indagans
999 3647 1067 3708 tam
1099 3645 1191 3708 acute
1219 3663 1315 3731 quam
1335 3637 1405 3703 cauto

240 3768 280 3814 ex
307 3751 401 3816 certis
422 3752 543 3816 incerta
566 3751 772 3815 const‘tueret
795 3755 827 3814 et
852 3754 1019 3814 contentus
1041 3751 1081 3813 iis
1105 3769 1185 3833 quae
1208 3751 1283 3813 seiri
1303 3743 1405 3834 possent

240 3858 444 3920 oontemserit
472 3855 582 3921 futiles
602 3854 827 3921 hariolationes
850 3854 1065 3940 reliquorum,
1090 3875 1171 3939 qnae
1194 3855 1332 3920 fructum
1350 3844 1405 3916 nul·

239 3959 310 4025 lum
338 3959 462 4046 ferunt,
493 3962 548 4027 sed
579 3983 653 4027 seno
684 3962 809 4028 homini
839 3962 1006 4027 fastidium
1040 3967 1072 4027 et
1106 3982 1259 4028 nauseam
1292 3955 1405 4048 pariunt·

239 4058 324 4132 Raro
353 4068 388 4130 in
415 4067 539 4133 lubrico
571 4068 685 4153 pedem
715 4070 807 4153 ponit
830 4073 933 4134 certae
957 4073 989 4133 et
1013 4067 1170 4133 evidentis
1193 4067 1342 4149 ocolopioe
1359 4056 1404 4124 sub

240 4171 366 4260 aegide,
388 4177 488 4238 tutus.
547 4173 763 4254 Quaerebatur
796 4175 874 4260 quid
908 4177 989 4239 esset
1024 4181 1170 4238 reNTo
1206 4175 1240 4238 in
1273 4172 1354 4252 ρὲντι
1382 4159 1403 4227 δ’

200 4327 202 4332 -
239 4277 406 4360 ἱμάσθλην.
455 4281 657 4367 Argutentur
688 4280 745 4346 alii
776 4280 850 4360 alie3
886 4280 964 4366 quid
985 4277 1211 4347 Aristarchus?
1257 4269 1405 4347 Annotaril
