3052 4970
817 265 882 336 ³50

389 459 443 526 σὺν
467 460 499 526 δὲ
523 459 619 534 πόδας
643 457 754 542 χεῖρας
778 484 813 525 τε
838 457 924 525 δέον
947 455 1111 535 θυμαλγέϊ
1133 455 1242 538 δεσμῷ.

252 587 315 632 non
346 567 410 643 sic,
440 567 494 632 sed
527 576 723 632 AIAeNTO
749 571 782 632 et
804 573 939 632 Amani
962 568 1090 650 potitam
1115 562 1253 640 dedisse,
1276 563 1312 624 ut
1329 575 1414 624 emen-

255 671 328 736 date
352 670 474 758 legitur
496 683 537 736 Λ.
566 672 639 738 105.

619 788 723 843 ΔΙΔΗ
747 777 894 860 μόσχοισι
919 777 1049 855 λύγοισι.

298 882 393 968 Apud
412 882 615 971 Hesychium
634 889 785 951 notantur
803 884 863 950 hae
882 885 1019 950 formae:
1041 881 1184 956 Διδὲασι,
1206 880 1293 957 Λίδη,
1307 875 1417 952 Atinas,

253 988 413 1054 Διδέντων.
461 990 662 1058 vitiaverant
689 990 855 1078 plerasque
876 989 1018 1068 librarii,
1044 987 1100 1055 sed
1121 985 1256 1052 feliciter
1274 985 1419 1050 restitutae

253 1099 328 1163 sunt
351 1115 471 1160 omnes.

779 1307 914 1374 XXXV.

717 1488 820 1556 nnn.
844 1501 879 1556 Β.
904 1487 980 1555 558.

301 1675 402 1742 Fama
431 1680 478 1741 est
502 1676 542 1742 ab
564 1671 639 1760 ipso
658 1671 773 1740 Solone
796 1675 831 1740 in
852 1671 945 1740 Iliad.
968 1683 1002 1738 Β.
1029 1667 1106 1739 558.
1130 1669 1354 1758 interpolatum
1374 1685 1427 1732 esse

255 1801 385 1849 versum
408 1780 513 1847 hunc:

437 1893 513 1960 ςῆσε
537 1886 563 1951 δ’
588 1882 674 1965 ἄγαν
698 1881 736 1950 ἵν’
760 1885 928 1960 Ἀθηναίων
951 1883 1055 1955 ἵςαντο
1078 1883 1266 1968 <Delaman

258 2015 355 2082 quam
374 1992 519 2060 fraudem
536 1989 742 2058 Aristarchus
763 1998 854 2058 acute
873 1995 1033 2079 perspexit
1050 1991 1308 2077 versiculumque
1326 1991 1429 2057 invicto

260 2104 450 2187 argumento
474 2099 638 2164 damnavit
661 2102 693 2162 et
716 2101 878 2184 expunxit.
914 2097 1080 2164 ASolone
1099 2098 1184 2162 hunc
1201 2096 1309 2162 locum
1330 2119 1430 2188 rapae

257 2206 436 2284 βεβλῆσθαι
471 2210 567 2270 testes
599 2209 674 2269 sunt
705 2210 737 2269 et
768 2203 825 2270 alii
857 2208 889 2269 et
915 2203 1107 2268 Plutarchus
1130 2206 1164 2272 in
1187 2202 1292 2294 Solone
1314 2224 1376 2288 cap.
1396 2199 1430 2266 X.

257 2310 320 2376 Sed
354 2313 497 2396 quisquis
528 2311 661 2374 inseruit
688 2309 857 2374 manifesto
882 2308 1032 2394 deprensa
1054 2309 1140 2374 fraus
1164 2314 1220 2373 est.
1267 2309 1319 2373 Ad
1340 2311 1431 2393 ipsum

256 2416 363 2481 locum
395 2413 478 2479 nihil
503 2420 690 2480 annotatum
714 2415 869 2481 videmus.
920 2415 1064 2480 Fortasse
1086 2415 1290 2481 Aristarchus
1312 2416 1432 2482 version·

256 2521 326 2586 lum
350 2520 520 2585 manifesto
544 2523 690 2605 spurium
713 2519 776 2584 οὐδ’
803 2518 950 2603 ἔγραφεν.
998 2519 1061 2584 Sed
1086 2521 1125 2586 nd
1148 2530 1181 2586 Γ.
1208 2519 1286 2587 230.
1308 2521 1433 2587 confutat

257 2646 394 2692 errorem
425 2624 590 2710 multoque
621 2628 778 2720 copiosius
808 2627 895 2692 idem
926 2626 1002 2718 fecit
1032 2625 1145 2692 Strabo
1177 2626 1235 2691 IX.
1268 2648 1342 2714 pag.
1369 2623 1431 2691 394.

256 2721 433 2798 Aristarchi
458 2733 697 2797 commentariis
720 2752 807 2797 usus.
846 2728 1071 2818 Compluribus
1094 2735 1180 2798 enim
1202 2732 1339 2799 Homeri
1355 2732 1433 2813 locis,

256 2858 335 2924 quos
364 2835 477 2902 Strabo
509 2839 691 2922 enumerat,
723 2837 926 2903 Aristarchus
950 2837 1198 2904 demonstravit:
1221 2835 1267 2902 ὅτι
1293 2841 1345 2903 οὐκ
1369 2837 1434 2914 ἦσαν

225 3015 228 3020 ,
257 2941 385 3017 πλησίον
408 2941 540 3014 Αἴαντος
566 2943 729 3016 Ἀθηναῖοι.
765 2943 969 3009 Aristarchus
994 2943 1230 3029 interpolatoris
1252 2966 1368 3012 nomen
1383 2964 1435 3009 non

256 3053 414 3114 memorat
437 3048 488 3113 τὸν
510 3047 613 3129 ςίχον,
638 3050 758 3133 inquit,
781 3049 832 3112 τὸν
857 3047 931 3112 ὑπό
952 3073 1068 3114 τινων
1092 3049 1302 3129 γραφόμενον.
1337 3049 1435 3115 Strabo

257 3159 381 3220 contra:
406 3154 459 3217 aa!
481 3159 581 3235 φασιν
604 3155 629 3218 οἱ
655 3154 710 3231 μὲν
733 3155 934 3235 Πεισίςρατον
959 3157 984 3221 oi
1009 3156 1039 3219 δὲ
1065 3154 1192 3220 Σόλωνα
1217 3154 1433 3236 παρεγγράψαι

257 3259 292 3324 ri
326 3259 411 3331 ἔπος.
437 3262 553 3324 caeteri
577 3280 686 3324 omnes
710 3259 858 3325 Solonem
881 3282 983 3325 unum
1006 3264 1180 3326 nominant.
1230 3263 1379 3348 Quisquis
1397 3264 1435 3326 in·

257 3365 427 3451 terpolavit
457 3369 541 3430 certe
564 3365 627 3428 suit
650 3366 853 3430 Atheniensis
879 3365 1010 3450 aliquis,
1035 3370 1119 3433 circa
1142 3367 1268 3434 Solonis
1291 3373 1348 3433 aut
1367 3369 1434 3432 Pisi·

257 3474 350 3538 strati
368 3475 524 3555 aetatem,
543 3492 645 3556 neque
665 3475 834 3557 quisquam
855 3477 929 3536 ante
947 3467 1433 3541 Aristarchumsensit'fraudem.

257 3577 375 3644 Versus
406 3579 474 3668 ipse
496 3582 544 3642 est
567 3576 704 3656 ὁμηρικός
730 3583 762 3643 et
785 3576 928 3648 Homero
955 3579 1083 3666 dignus,
1111 3579 1220 3664 quales
1244 3584 1275 3644 et
1299 3578 1391 3645 Solon
1409 3583 1434 3643 et

258 3683 446 3749 Pisistratus
469 3680 796 3770 commode'pangere
819 3684 914 3748 ambo
938 3688 1093 3769 poterant.

777 3905 927 3976 XXXVI.

618 4088 738 4184 ὯΡΗΙ
767 4088 834 4153 ’eN
857 4097 1084 4156 FGIAPINHI.

305 4269 421 4335 Tribus
451 4273 535 4357 apud
561 4270 742 4337 Homerum
765 4271 844 4337 locis
865 4269 1031 4337 Behherus
1056 4271 1156 4337 edidit
1174 4269 1234 4354 aa„
1257 4273 1286 4336 ἐν
1311 4279 1434 4354 crispat.

260 4385 299 4445 ΙΙ.
325 4373 403 4444 643.
