3096 4972
697 267 762 336 557

130 463 184 529 sed
215 459 344 534 ταύτην.
391 461 503 528 Orator
535 462 675 527 dixerat:
708 462 733 525 εἰ
765 455 878 539 νομίζει
911 457 993 522 τοῦτ’
1024 458 1197 535 ἀσεβεῖν
1233 451 1324 520 εἶναι.

176 567 268 648 Quod
291 573 400 633 autom
425 569 503 634 dioit
525 589 597 654 pag.
625 564 701 633 761.
726 565 780 631 21.
806 567 835 629 ἓν
854 564 948 645 τρισὶν
967 562 1214 645 ἐξελεγχθέντας
1236 561 1320 624 δικα-

131 674 241 755 ςνρῖοις
272 671 432 760 signifieat
464 674 498 737 οἰο
522 673 627 750 maia,
651 674 685 736 ιἰο
708 672 845 736 concione
868 678 896 736 et
918 672 951 735 ιἰο
976 670 1106 746 iudicio,
1125 675 1169 733 'ut
1193 671 1322 752 apparet

132 802 171 844 ex
199 799 275 867 pag.
309 777 385 845 702.
418 778 472 844 23.
505 785 620 858 πρῶτον
650 780 707 856 μὲν
739 787 793 852 τῆς
825 777 940 855 βουλῆς
972 776 1220 852 κατεγνωκυίας,
1250 767 1321 836 εἶτα

132 891 185 951 τοῦ
210 886 305 962 δύμου
328 885 406 963 μίαν
431 885 544 965 ἡμέραν
563 880 635 968 όλνν
655 884 705 949 ieri
726 884 841 955 τούτοις
862 885 967 954 αὐτοῖς
986 881 1204 952 ἀναλώσαντος
1216 931 1224 960 ,
1247 874 1319 955 τρδς

133 991 164 1056 δὲ
199 992 315 1063 τούτοις
352 991 531 1068 διιιαςνρῖοιν
567 990 645 1055 δυοῖν
680 991 722 1060 εἰς
757 986 811 1053 ἕνα
846 988 899 1052 καὶ
933 988 1056 1069 χιλόους
1089 987 1318 1067 ἐψηφισμένων.

133 1095 241 1162 Simul
263 1103 392 1182 apparet
416 1098 493 1182 quid
515 1099 558 1162 sit
581 1097 763 1176 διιοαςνρρίοιν
787 1095 876 1159 δυοῖν.
922 1095 993 1160 Non
1017 1095 1103 1160 enim
1128 1096 1187 1159 duo
1205 1094 1322 1159 οάιόίοόα

133 1203 330 1280 factasunt,
356 1204 411 1270 sed
435 1205 493 1267 όιιο
516 1204 642 1267 coasilia
665 1203 830 1277 iudicum,
855 1201 975 1267 iudices
999 1188 1089 1265 mille
1113 1207 1145 1265 et
1168 1222 1266 1278 unus,
1291 1203 1325 1264 in

134 1308 194 1375 heo
217 1328 313 1375 eausa
329 1309 486 1374 iudicasse
505 1309 663 1372 dicuntur.
699 1305 753 1373 Sie
771 1309 874 1394 igitur
894 1305 994 1394 legati
1013 1309 1048 1370 in
1067 1306 1188 1391 triplici
1206 1308 1325 1374 iudicio

135 1414 216 1478 furti
247 1417 383 1480 convicti
414 1420 488 1480 sunt
519 1416 553 1479 in
584 1412 720 1492 Senatu,
754 1413 839 1500 apud
862 1412 1018 1498 populum
1042 1417 1074 1477 et
1098 1414 1183 1498 apud
1204 1413 1326 1480 iudices

136 1520 228 1586 mille
251 1525 284 1586 et
306 1542 417 1586 unum.

182 1777 264 1865 Peg.
296 1776 371 1845 761.
403 1777 459 1844 25.
491 1779 555 1844 οὔτ’
579 1777 682 1850 ἄλλοις
708 1784 802 1861 τρρῖος
827 1778 879 1842 καὶ
903 1774 1113 1857 φιλύνόροιτος
1138 1775 1175 1840 σύ
1199 1800 1246 1846 τις
1269 1780 1327 1839 τῶν

139 1882 244 1948 ἄλλων
275 1883 474 1964 διαφόρως
507 1884 544 1949 cio
569 1886 666 1956 ἐλεεῖς
692 1884 816 1954 αύτούς.
862 1883 924 1947 Pro
948 1881 1097 1958 διαφόρως
1121 1879 1196 1946 libri
1219 1901 1327 1947 omnes

140 1988 281 2070 διάφορος
326 1990 493 2068 exhibent,
538 1990 592 2055 sed
632 2011 733 2075 neque
771 1989 831 2054 hoe
864 2008 979 2053 sanum
1014 1991 1062 2052 est
1095 2007 1195 2071 neque
1232 1986 1327 2051 iDud.

139 2096 265 2177 Ερνοροῗο
287 2102 412 2178 praeter
443 2103 571 2160 οαοόονοι
601 2097 708 2161 Attice
741 2095 858 2160 dieitur
890 2090 1092 2172 διαφερόντως
1125 2099 1184 2155 τῶν
1207 2090 1329 2177 ἄλλων,

139 2200 223 2284 quod
254 2221 345 2286 saepe
375 2200 460 2284 apud
489 2200 658 2266 Platonem
680 2199 802 2288 legitur
825 2204 857 2264 et
880 2199 979 2273 alios,
1002 2198 1098 2282 idque
1122 2199 1330 2264 Demostheni

138 2306 344 2371 reddendum.
393 2305 547 2387 Διύφορος
578 2311 610 2370 et
638 2306 788 2385 διαφόρως
821 2303 904 2385 ἔχειν
935 2311 967 2370 et
999 2305 1147 2384 διαφοραὶ,
1181 2306 1331 2390 quemad-

138 2412 272 2478 modum
307 2412 521 2493 διαφέρεσθαι,
556 2413 641 2497 apud
674 2413 799 2477 Atticos
832 2415 866 2477 in
900 2412 1055 2478 discordia
1086 2419 1119 2477 et
1148 2401 1327 2476 inimicitiis

139 2523 260 2584 certam
284 2518 391 2584 sedem
414 2519 521 2584 habet.

186 2759 266 2847 Peg.
292 2756 367 2825 763.
391 2758 443 2824 15.
465 2768 576 2840 προῖκα
597 2759 660 2840 γὰρ
683 2758 776 2845 [οὐδὲν
797 2756 1021 2838 ὠφελούμενος]
1041 2758 1112 2830 ὑμῖν
1133 2753 1331 2833 Τιμοκράτης

141 2864 369 2943 οῖτεχόύνεται.
416 2865 514 2930 Reate
537 2867 679 2950 quisquis
704 2869 752 2930 est
774 2871 886 2941 προῖκα
909 2864 1135 2946 interpretatur
1158 2881 1225 2924 esse
1248 2856 1330 2922 οὐδὲν

142 2969 364 3051 ὠφελούμενος.
414 2970 476 3036 Sed
506 2970 731 3043 Demosthenis
764 2970 922 3035 auditores
945 2967 1167 3032 huiuscemodi
1189 2965 1332 3030 admoni-

141 3079 228 3142 tione
252 3098 314 3143 non
337 3077 544 3165 indigebant,
569 3077 646 3162 quid
666 3080 751 3142 enim
772 3077 878 3142 notius
898 3095 995 3160 quam
1016 3081 1126 3154 τροῖιια
1143 3071 1203 3136 hoe
1221 3067 1332 3135 sensui

143 3187 176 3247 et
199 3181 358 3260 additam,
382 3188 420 3248 ut
442 3185 568 3269 opinor,
593 3185 747 3248 risissent.

188 3288 373 3355 Promissus
396 3289 626 3355 Demosthenes
649 3291 753 3353 utitur
774 3287 938 3352 vocabulis
962 3294 1071 3367 προῖκα
1097 3289 1128 3349 et
1152 3280 1330 3359 ύδωροδοκή·

142 3417 218 3478 τος,
243 3400 280 3460 ut
302 3416 375 3482 pag.
404 3394 480 3459 342.
505 3394 557 3460 18.
573 3394 808 3473 οῖδυροδοκύτυς
834 3394 850 3469 ἢ
874 3393 934 3471 μύ,
959 3397 991 3457 et
1010 3397 1201 3478 postpauca
1220 3388 1331 3452 eodem

142 3521 236 3566 sensu
269 3522 343 3588 pag.
379 3498 456 3564 343.
494 3500 524 3565 3.
558 3508 667 3581 erpoino
699 3501 716 3574 d
747 3500 802 3576 μύ.
836 3518 910 3585 pag.
944 3495 1019 3562 390.
1060 3494 1111 3561 18.
1145 3497 1177 3559 οὐ
1210 3501 1333 3573 προῖκα.

143 3603 220 3669 429.
253 3604 305 3669 10.
339 3615 448 3687 τροῖκα
473 3607 489 3682 ἢ
514 3607 567 3682 μή.
617 3605 702 3670 Hine
726 3607 873 3692 arguitur
896 3602 1054 3670 emblema
1077 3623 1151 3688 pag.
1177 3599 1253 3665 413.
1278 3598 1332 3663 20.

143 3709 266 3791 τότερον
294 3713 465 3793 χρημάτων
496 3715 631 3794 αἰσχρῶς
665 3711 737 3788 ὑπὲρ
762 3717 818 3777 τῶν
845 3711 955 3790 ἐχθρῶν
979 3708 1160 3789 πρεσβεύειν
1184 3703 1332 3776 όύταντας

144 3819 286 3898 προσήκει
310 3819 327 3894 ἢ
353 3826 462 3896 προῖκα
487 3819 559 3899 ὑπὲρ
583 3819 664 3895 ὑμῶν
689 3818 729 3882 roi
755 3815 891 3893 βέλτιτα
919 3814 1196 3902 [ύδωροδοιιύτως];

188 3926 347 4013 Arguitur
369 3926 528 3991 emblema
550 3923 633 3990 οὐδὲν
657 3924 868 4007 ὠφελούμενος
893 3923 991 3987 etiam
1013 3922 1088 3986 hino
1113 3920 1196 4006 quod
1225 3918 1332 4005 paullo

143 4037 218 4096 ante
245 4051 319 4117 pag.
355 4029 428 4095 761.
456 4030 497 4095 12
522 4032 559 4096 de
583 4030 693 4096 eadem
716 4052 750 4096 re
773 4030 856 4095 dixit
878 4027 1123 4094 Demosthenes:
1146 4027 1179 4091 ού
1204 4033 1330 4107 τροῖαα,

144 4132 165 4200 ὦ
190 4135 402 4218 Τιμόκρατες,
422 4176 463 4185 -
482 4135 591 4212 ἓύνιιας
615 4137 667 4202 τόν
691 4135 787 4213 νόμον.

190 4375 270 4462 Peg.
296 4372 372 4441 763.
399 4374 429 4440 1.
453 4373 504 4439 τόν
528 4371 648 4453 τιατόρα
668 4375 720 4438 ούκ
741 4373 837 4445 ε’λεεῖς
857 4372 882 4437 εἰ
902 4370 1011 4436 -διόο
1032 4371 1136 4453 μικρὸν
1155 4371 1332 4454 ἀρχύρΙΟΝ
