<?xml version="1.0" encoding="UTF-8"?>
<!DOCTYPE html PUBLIC "-//W3C//DTD XHTML 1.0 Transitional//EN"
    "http://www.w3.org/TR/xhtml1/DTD/xhtml1-transitional.dtd">
<html xmlns="http://www.w3.org/1999/xhtml" xml:lang="en" lang="en">
 <head>
  <title>
</title>
<meta http-equiv="Content-Type" content="text/html;charset=utf-8" />
  <meta name='ocr-system' content='tesseract 3.04.00' />
  <meta name='ocr-capabilities' content='ocr_page ocr_carea ocr_par ocr_line ocrx_word'/>
</head>
<body>
  <div class='ocr_page' id='page_1' title='image "./miscellaneacrit02cobegoog_0388.png"; bbox 0 0 3052 4970; ppageno 0'>
   <div class='ocr_carea' id='block_1_1' title="bbox 825 251 890 322">
    <p class='ocr_par' dir='ltr' id='par_1_1' title="bbox 825 251 890 322">
     <span class='ocr_line' id='line_1_1' title="bbox 825 251 890 322; baseline -0.031 0"><span class='ocrx_word' id='word_1_1' title='bbox 825 251 890 322; x_wconf 81' lang='lat'><strong>356</strong></span> 
     </span>
    </p>
   </div>
   <div class='ocr_carea' id='block_1_2' title="bbox 259 431 1498 2508">
    <p class='ocr_par' dir='ltr' id='par_1_2' title="bbox 259 431 1420 1049">
     <span class='ocr_line' id='line_1_2' title="bbox 268 431 1417 531; baseline -0.01 -23"><span class='ocrx_word' id='word_1_2' title='bbox 268 445 322 508; x_wconf 88' lang='lat' dir='ltr'><strong>tur</strong></span> <span class='ocrx_word' id='word_1_3' title='bbox 351 449 389 508; x_wconf 90' lang='lat' dir='ltr'><strong>ut</strong></span> <span class='ocrx_word' id='word_1_4' title='bbox 418 445 502 528; x_wconf 92' lang='lat' dir='ltr'><strong>apud</strong></span> <span class='ocrx_word' id='word_1_5' title='bbox 525 443 734 531; x_wconf 72' lang='lat' dir='ltr'><strong>Stephanum.</strong></span> <span class='ocrx_word' id='word_1_6' title='bbox 781 443 829 508; x_wconf 82' lang='lat' dir='ltr'><strong>Ex</strong></span> <span class='ocrx_word' id='word_1_7' title='bbox 851 440 984 521; x_wconf 77' lang='grc' dir='ltr'><em>εὐννναι</em></span> <span class='ocrx_word' id='word_1_8' title='bbox 1006 443 1147 508; x_wconf 88' lang='lat' dir='ltr'><strong>nascitur</strong></span> <span class='ocrx_word' id='word_1_9' title='bbox 1173 441 1258 518; x_wconf 73' lang='grc' dir='ltr'><em>αὐγή,</em></span> <span class='ocrx_word' id='word_1_10' title='bbox 1282 433 1362 516; x_wconf 71' lang='lat' dir='ltr'><strong>type</strong></span> <span class='ocrx_word' id='word_1_11' title='bbox 1381 431 1417 520; x_wconf 87' lang='lat' dir='ltr'><strong>(ut</strong></span> 
     </span>
     <span class='ocr_line' id='line_1_3' title="bbox 270 540 1418 634; baseline -0.009 -20"><span class='ocrx_word' id='word_1_12' title='bbox 270 552 420 634; x_wconf 71' lang='grc' dir='ltr'><em>πρᾶγμα)</em></span> <span class='ocrx_word' id='word_1_13' title='bbox 451 555 465 614; x_wconf 91' lang='lat' dir='ltr'><strong>t</strong></span> <span class='ocrx_word' id='word_1_14' title='bbox 477 550 594 629; x_wconf 75' lang='grc' dir='ltr'><em>α’γμύς.</em></span> <span class='ocrx_word' id='word_1_15' title='bbox 620 549 719 625; x_wconf 77' lang='grc' dir='ltr'><em>Ἀγαέ</em></span> <span class='ocrx_word' id='word_1_16' title='bbox 731 550 1001 634; x_wconf 70' lang='lat' dir='ltr'><strong>suutfreqmeato,</strong></span> <span class='ocrx_word' id='word_1_17' title='bbox 1015 545 1161 625; x_wconf 78' lang='grc' dir='ltr'><em>οὐοικοέτοον</em></span> <span class='ocrx_word' id='word_1_18' title='bbox 1174 547 1257 624; x_wconf 69' lang='grc' dir='ltr'><em>αὐγαί</em></span> <span class='ocrx_word' id='word_1_19' title='bbox 1267 544 1340 630; x_wconf 90' lang='lat' dir='ltr'><strong>apud</strong></span> <span class='ocrx_word' id='word_1_20' title='bbox 1348 540 1418 607; x_wconf 74' lang='lat' dir='ltr'><strong>Ann-</strong></span> 
     </span>
     <span class='ocr_line' id='line_1_4' title="bbox 266 647 1418 741; baseline -0.005 -23"><span class='ocrx_word' id='word_1_21' title='bbox 266 655 375 740; x_wconf 87' lang='lat' dir='ltr'><strong>pidem</strong></span> <span class='ocrx_word' id='word_1_22' title='bbox 398 660 430 722; x_wconf 92' lang='lat' dir='ltr'><strong>et</strong></span> <span class='ocrx_word' id='word_1_23' title='bbox 452 657 564 734; x_wconf 70' lang='grc' dir='ltr'><em>εὐχαῖσι</em></span> <span class='ocrx_word' id='word_1_24' title='bbox 588 661 695 720; x_wconf 75' lang='grc' dir='ltr'><em>κωπῶν</em></span> <span class='ocrx_word' id='word_1_25' title='bbox 713 657 748 718; x_wconf 91' lang='lat' dir='ltr'><strong>in</strong></span> <span class='ocrx_word' id='word_1_26' title='bbox 770 654 922 741; x_wconf 80' lang='lat' dir='ltr'><strong>Aeschyli</strong></span> <span class='ocrx_word' id='word_1_27' title='bbox 940 657 1161 735; x_wconf 70' lang='lat' dir='ltr'><strong>Aycmemaoac.</strong></span> <span class='ocrx_word' id='word_1_28' title='bbox 1211 651 1293 717; x_wconf 89' lang='lat' dir='ltr'><strong>Hinc</strong></span> <span class='ocrx_word' id='word_1_29' title='bbox 1310 647 1418 724; x_wconf 84' lang='grc' dir='ltr'><em>κύματοε</em></span> 
     </span>
     <span class='ocr_line' id='line_1_5' title="bbox 268 749 1419 843; baseline -0.012 -19"><span class='ocrx_word' id='word_1_30' title='bbox 268 761 334 836; x_wconf 72' lang='lat' dir='ltr'><strong>tyri</strong></span> <span class='ocrx_word' id='word_1_31' title='bbox 358 765 390 825; x_wconf 91' lang='lat' dir='ltr'><strong>et</strong></span> <span class='ocrx_word' id='word_1_32' title='bbox 411 762 557 827; x_wconf 90' lang='lat' dir='ltr'><strong>Atticum</strong></span> <span class='ocrx_word' id='word_1_33' title='bbox 581 762 767 838; x_wconf 72' lang='grc' dir='ltr'><em>κνματοιχύ.</em></span> <span class='ocrx_word' id='word_1_34' title='bbox 788 763 952 837; x_wconf 68' lang='grc' dir='ltr'><em>Ἀγμασα</em></span> <span class='ocrx_word' id='word_1_35' title='bbox 971 764 1004 824; x_wconf 90' lang='lat' dir='ltr'><strong>et</strong></span> <span class='ocrx_word' id='word_1_36' title='bbox 1021 755 1123 837; x_wconf 72' lang='grc' dir='ltr'><em>αὐχμοί</em></span> <span class='ocrx_word' id='word_1_37' title='bbox 1145 759 1231 843; x_wconf 89' lang='lat' dir='ltr'><strong>apud</strong></span> <span class='ocrx_word' id='word_1_38' title='bbox 1254 757 1374 823; x_wconf 87' lang='lat' dir='ltr'><strong>medicos</strong></span> <span class='ocrx_word' id='word_1_39' title='bbox 1391 749 1419 812; x_wconf 89' lang='lat' dir='ltr'><strong>de</strong></span> 
     </span>
     <span class='ocr_line' id='line_1_6' title="bbox 259 856 1420 952; baseline -0.004 -24"><span class='ocrx_word' id='word_1_40' title='bbox 259 867 415 951; x_wconf 78' lang='lat' dir='ltr'><strong>fractorio</strong></span> <span class='ocrx_word' id='word_1_41' title='bbox 444 873 612 951; x_wconf 90' lang='lat' dir='ltr'><strong>ponuntur.</strong></span> <span class='ocrx_word' id='word_1_42' title='bbox 660 866 833 952; x_wconf 77' lang='lat' dir='ltr'><strong>Eleganter</strong></span> <span class='ocrx_word' id='word_1_43' title='bbox 864 867 877 931; x_wconf 80' lang='lat' dir='ltr'><strong>i</strong></span> <span class='ocrx_word' id='word_1_44' title='bbox 910 867 1074 942; x_wconf 73' lang='grc' dir='ltr'><em>κατεαγὼς</em></span> <span class='ocrx_word' id='word_1_45' title='bbox 1108 864 1151 928; x_wconf 73' lang='grc' dir='ltr'><strong>τοὶ</strong></span> <span class='ocrx_word' id='word_1_46' title='bbox 1182 861 1246 928; x_wconf 82' lang='grc' dir='ltr'><strong>ὦσα</strong></span> <span class='ocrx_word' id='word_1_47' title='bbox 1277 865 1312 928; x_wconf 89' lang='lat' dir='ltr'><strong>ab</strong></span> <span class='ocrx_word' id='word_1_48' title='bbox 1331 856 1420 925; x_wconf 73' lang='lat' dir='ltr'><strong>Atticis</strong></span> 
     </span>
     <span class='ocr_line' id='line_1_7' title="bbox 268 965 1402 1049; baseline -0.008 -15"><span class='ocrx_word' id='word_1_49' title='bbox 268 969 458 1046; x_wconf 73' lang='grc' dir='ltr'><em>ὠτοκάταξις</em></span> <span class='ocrx_word' id='word_1_50' title='bbox 482 972 616 1048; x_wconf 88' lang='lat' dir='ltr'><strong>dicitur,</strong></span> <span class='ocrx_word' id='word_1_51' title='bbox 640 976 677 1036; x_wconf 91' lang='lat' dir='ltr'><strong>ut</strong></span> <span class='ocrx_word' id='word_1_52' title='bbox 696 969 952 1049; x_wconf 70' lang='grc' dir='ltr'><em>βορβοροτάραξις</em></span> <span class='ocrx_word' id='word_1_53' title='bbox 977 971 990 1034; x_wconf 78' lang='lat' dir='ltr'><strong>i</strong></span> <span class='ocrx_word' id='word_1_54' title='bbox 1015 970 1065 1034; x_wconf 79' lang='grc' dir='ltr'><strong>τὸν</strong></span> <span class='ocrx_word' id='word_1_55' title='bbox 1088 970 1234 1048; x_wconf 75' lang='grc' dir='ltr'><strong>βόρβορον</strong></span> <span class='ocrx_word' id='word_1_56' title='bbox 1258 965 1402 1048; x_wconf 76' lang='grc' dir='ltr'><em>ταρύτταν.</em></span> 
     </span>
    </p>

    <p class='ocr_par' dir='ltr' id='par_1_3' title="bbox 270 1074 1419 1268">
     <span class='ocr_line' id='line_1_8' title="bbox 313 1074 1419 1161; baseline -0.005 -19"><span class='ocrx_word' id='word_1_57' title='bbox 313 1077 472 1142; x_wconf 88' lang='lat' dir='ltr'><strong>Praemisi</strong></span> <span class='ocrx_word' id='word_1_58' title='bbox 491 1078 569 1142; x_wconf 83' lang='lat' dir='ltr'><strong>haec</strong></span> <span class='ocrx_word' id='word_1_59' title='bbox 589 1080 696 1142; x_wconf 88' lang='lat' dir='ltr'><strong>omnia</strong></span> <span class='ocrx_word' id='word_1_60' title='bbox 715 1082 752 1140; x_wconf 91' lang='lat' dir='ltr'><strong>ut</strong></span> <span class='ocrx_word' id='word_1_61' title='bbox 771 1077 850 1140; x_wconf 90' lang='lat' dir='ltr'><strong>duos</strong></span> <span class='ocrx_word' id='word_1_62' title='bbox 862 1077 946 1161; x_wconf 91' lang='lat' dir='ltr'><strong>apud</strong></span> <span class='ocrx_word' id='word_1_63' title='bbox 957 1075 1138 1141; x_wconf 88' lang='lat' dir='ltr'><strong>Homerum</strong></span> <span class='ocrx_word' id='word_1_64' title='bbox 1149 1074 1235 1140; x_wconf 91' lang='lat' dir='ltr'><strong>locos</strong></span> <span class='ocrx_word' id='word_1_65' title='bbox 1246 1077 1419 1156; x_wconf 80' lang='lat' dir='ltr'><strong>inintegrum</strong></span> 
     </span>
     <span class='ocr_line' id='line_1_9' title="bbox 270 1179 1002 1268; baseline -0.005 -20"><span class='ocrx_word' id='word_1_66' title='bbox 270 1185 482 1249; x_wconf 79' lang='lat' dir='ltr'><strong>restituerem.</strong></span> <span class='ocrx_word' id='word_1_67' title='bbox 529 1182 644 1247; x_wconf 77' lang='lat' dir='ltr'><strong>Editur</strong></span> <span class='ocrx_word' id='word_1_68' title='bbox 666 1184 700 1245; x_wconf 92' lang='lat' dir='ltr'><strong>in</strong></span> <span class='ocrx_word' id='word_1_69' title='bbox 723 1180 835 1268; x_wconf 89' lang='lat' dir='ltr'><strong>Odyss.</strong></span> <span class='ocrx_word' id='word_1_70' title='bbox 860 1191 901 1246; x_wconf 88' lang='lat' dir='ltr'><strong>T.</strong></span> <span class='ocrx_word' id='word_1_71' title='bbox 926 1179 1002 1245; x_wconf 85' lang='lat'><strong>539.</strong></span> 
     </span>
    </p>

    <p class='ocr_par' dir='ltr' id='par_1_4' title="bbox 268 1282 1424 1792">
     <span class='ocr_line' id='line_1_10' title="bbox 632 1282 1055 1367; baseline 0 -17"><span class='ocrx_word' id='word_1_72' title='bbox 632 1290 710 1352; x_wconf 78' lang='grc' dir='ltr'><strong>ποῖσι</strong></span> <span class='ocrx_word' id='word_1_73' title='bbox 733 1291 805 1350; x_wconf 85' lang='grc' dir='ltr'><em>κατ’</em></span> <span class='ocrx_word' id='word_1_74' title='bbox 829 1285 967 1367; x_wconf 89' lang='grc' dir='ltr'><em>αὐχένας</em></span> <span class='ocrx_word' id='word_1_75' title='bbox 992 1282 1055 1367; x_wconf 75' lang='grc' dir='ltr'><em>ἦξε.</em></span> 
     </span>
     <span class='ocr_line' id='line_1_11' title="bbox 269 1389 1421 1477; baseline -0.004 -17"><span class='ocrx_word' id='word_1_76' title='bbox 269 1395 324 1460; x_wconf 86' lang='lat' dir='ltr'><strong>sed</strong></span> <span class='ocrx_word' id='word_1_77' title='bbox 345 1414 446 1477; x_wconf 87' lang='lat' dir='ltr'><strong>neque</strong></span> <span class='ocrx_word' id='word_1_78' title='bbox 470 1401 497 1455; x_wconf 89' lang='lat' dir='ltr'>H</span> <span class='ocrx_word' id='word_1_79' title='bbox 521 1397 605 1458; x_wconf 85' lang='lat' dir='ltr'><strong>recte</strong></span> <span class='ocrx_word' id='word_1_80' title='bbox 627 1392 740 1468; x_wconf 83' lang='lat' dir='ltr'><strong>habet,</strong></span> <span class='ocrx_word' id='word_1_81' title='bbox 764 1395 855 1457; x_wconf 87' lang='lat' dir='ltr'><strong>utin</strong></span> <span class='ocrx_word' id='word_1_82' title='bbox 878 1391 1001 1466; x_wconf 75' lang='grc' dir='ltr'><em>συνέαξε</em></span> <span class='ocrx_word' id='word_1_83' title='bbox 1023 1398 1055 1457; x_wconf 87' lang='lat' dir='ltr'><strong>et</strong></span> <span class='ocrx_word' id='word_1_84' title='bbox 1077 1390 1277 1469; x_wconf 76' lang='grc' dir='ltr'><em>κατεήξαικεν</em></span> <span class='ocrx_word' id='word_1_85' title='bbox 1294 1389 1421 1455; x_wconf 47' lang='lat' dir='ltr'><strong>vidimus</strong></span> 
     </span>
     <span class='ocr_line' id='line_1_12' title="bbox 269 1485 1422 1586; baseline -0.002 -24"><span class='ocrx_word' id='word_1_86' title='bbox 269 1505 301 1570; x_wconf 88' lang='lat' dir='ltr'><strong>et</strong></span> <span class='ocrx_word' id='word_1_87' title='bbox 322 1519 379 1583; x_wconf 88' lang='lat' dir='ltr'><strong>pro</strong></span> <span class='ocrx_word' id='word_1_88' title='bbox 403 1498 540 1576; x_wconf 79' lang='grc' dir='ltr'><em>αὐχένας</em></span> <span class='ocrx_word' id='word_1_89' title='bbox 563 1499 736 1583; x_wconf 84' lang='lat' dir='ltr'><strong>requiritur</strong></span> <span class='ocrx_word' id='word_1_90' title='bbox 758 1498 929 1586; x_wconf 73' lang='lat' dir='ltr'><strong>singularis</strong></span> <span class='ocrx_word' id='word_1_91' title='bbox 948 1497 1088 1578; x_wconf 87' lang='grc' dir='ltr'><em>αὐχένα,</em></span> <span class='ocrx_word' id='word_1_92' title='bbox 1113 1496 1267 1574; x_wconf 78' lang='grc' dir='ltr'><em>κατέαξεν</em></span> <span class='ocrx_word' id='word_1_93' title='bbox 1286 1493 1371 1570; x_wconf 67' lang='lat' dir='ltr'><strong>incise</strong></span> <span class='ocrx_word' id='word_1_94' title='bbox 1386 1485 1422 1548; x_wconf 53' lang='lat' dir='ltr'><strong>‘ll</strong></span> 
     </span>
     <span class='ocr_line' id='line_1_13' title="bbox 268 1598 1424 1685; baseline -0.004 -21"><span class='ocrx_word' id='word_1_95' title='bbox 268 1604 391 1682; x_wconf 79' lang='grc' dir='ltr'><em>αὐχένα</em></span> <span class='ocrx_word' id='word_1_96' title='bbox 415 1607 447 1666; x_wconf 87' lang='lat' dir='ltr'><strong>et</strong></span> <span class='ocrx_word' id='word_1_97' title='bbox 470 1601 604 1678; x_wconf 80' lang='grc' dir='ltr'><em>κατέαξε</em></span> <span class='ocrx_word' id='word_1_98' title='bbox 626 1606 702 1666; x_wconf 70' lang='grc' dir='ltr'><em>πᾶσι</em></span> <span class='ocrx_word' id='word_1_99' title='bbox 723 1605 774 1668; x_wconf 80' lang='grc' dir='ltr'><strong>τὸν</strong></span> <span class='ocrx_word' id='word_1_100' title='bbox 793 1607 934 1683; x_wconf 83' lang='grc' dir='ltr'><em>αὐχένα,</em></span> <span class='ocrx_word' id='word_1_101' title='bbox 955 1603 1101 1684; x_wconf 71' lang='lat' dir='ltr'><strong>diopolis,</strong></span> <span class='ocrx_word' id='word_1_102' title='bbox 1121 1603 1254 1666; x_wconf 76' lang='grc' dir='ltr'><em>οτανιέύαε</em></span> <span class='ocrx_word' id='word_1_103' title='bbox 1263 1598 1358 1685; x_wconf 75' lang='lat' dir='ltr'><strong>frcpit</strong></span> <span class='ocrx_word' id='word_1_104' title='bbox 1371 1607 1424 1658; x_wconf 80' lang='lat' dir='ltr'><strong>cnu-</strong></span> 
     </span>
     <span class='ocr_line' id='line_1_14' title="bbox 269 1707 1239 1792; baseline -0.002 -20"><span class='ocrx_word' id='word_1_105' title='bbox 269 1725 377 1772; x_wconf 78' lang='lat' dir='ltr'><strong>vrcmr.</strong></span> <span class='ocrx_word' id='word_1_106' title='bbox 410 1707 534 1791; x_wconf 50' lang='lat' dir='ltr'><strong>&gt;Itaque</strong></span> <span class='ocrx_word' id='word_1_107' title='bbox 557 1707 713 1772; x_wconf 85' lang='lat' dir='ltr'><strong>facillima</strong></span> <span class='ocrx_word' id='word_1_108' title='bbox 735 1715 845 1792; x_wconf 87' lang='lat' dir='ltr'><strong>parate</strong></span> <span class='ocrx_word' id='word_1_109' title='bbox 869 1709 1049 1774; x_wconf 82' lang='lat' dir='ltr'><strong>emendatio</strong></span> <span class='ocrx_word' id='word_1_110' title='bbox 1072 1709 1149 1773; x_wconf 89' lang='lat' dir='ltr'><strong>baec</strong></span> <span class='ocrx_word' id='word_1_111' title='bbox 1173 1713 1239 1773; x_wconf 89' lang='lat' dir='ltr'><strong>est:</strong></span> 
     </span>
    </p>

    <p class='ocr_par' dir='ltr' id='par_1_5' title="bbox 269 1813 1093 1983">
     <span class='ocr_line' id='line_1_15' title="bbox 607 1813 1093 1895; baseline 0 -19"><span class='ocrx_word' id='word_1_112' title='bbox 607 1817 685 1878; x_wconf 78' lang='grc' dir='ltr'><em>πῖοσι</em></span> <span class='ocrx_word' id='word_1_113' title='bbox 709 1813 781 1877; x_wconf 89' lang='grc' dir='ltr'><em>κατ’</em></span> <span class='ocrx_word' id='word_1_114' title='bbox 806 1815 930 1895; x_wconf 91' lang='grc' dir='ltr'><em>αὐχέΝ’</em></span> <span class='ocrx_word' id='word_1_115' title='bbox 949 1813 1093 1891; x_wconf 62' lang='lat' dir='ltr'><strong>”erate</strong></span> 
     </span>
     <span class='ocr_line' id='line_1_16' title="bbox 269 1917 444 1983; baseline -0.011 0"><span class='ocrx_word' id='word_1_116' title='bbox 269 1923 307 1983; x_wconf 91' lang='lat' dir='ltr'><strong>ut</strong></span> <span class='ocrx_word' id='word_1_117' title='bbox 330 1929 363 1983; x_wconf 87' lang='lat' dir='ltr'><strong>P.</strong></span> <span class='ocrx_word' id='word_1_118' title='bbox 392 1917 444 1983; x_wconf 88' lang='grc'><strong>63.</strong></span> 
     </span>
    </p>

    <p class='ocr_par' dir='ltr' id='par_1_6' title="bbox 630 2022 1058 2102">
     <span class='ocr_line' id='line_1_17' title="bbox 630 2022 1058 2102; baseline 0.002 -15"><span class='ocrx_word' id='word_1_119' title='bbox 630 2032 684 2098; x_wconf 76' lang='grc' dir='ltr'><strong>τῆς</strong></span> <span class='ocrx_word' id='word_1_120' title='bbox 711 2023 738 2086; x_wconf 87' lang='grc' dir='ltr'><strong>δ’</strong></span> <span class='ocrx_word' id='word_1_121' title='bbox 765 2022 798 2099; x_wconf 83' lang='grc' dir='ltr'><strong>ἐξ</strong></span> <span class='ocrx_word' id='word_1_122' title='bbox 825 2023 936 2102; x_wconf 88' lang='grc' dir='ltr'><em>αὐχέν’</em></span> <span class='ocrx_word' id='word_1_123' title='bbox 962 2022 1058 2098; x_wconf 79' lang='grc' dir='ltr'><em>ἔταξε.</em></span> 
     </span>
    </p>

    <p class='ocr_par' dir='ltr' id='par_1_7' title="bbox 270 2115 1498 2508">
     <span class='ocr_line' id='line_1_18' title="bbox 314 2115 1498 2195; baseline -0.003 0"><span class='ocrx_word' id='word_1_124' title='bbox 314 2129 405 2195; x_wconf 85' lang='lat' dir='ltr'><strong>Alter</strong></span> <span class='ocrx_word' id='word_1_125' title='bbox 434 2128 522 2194; x_wconf 91' lang='lat' dir='ltr'><strong>locus</strong></span> <span class='ocrx_word' id='word_1_126' title='bbox 546 2135 593 2194; x_wconf 88' lang='lat' dir='ltr'><strong>est</strong></span> <span class='ocrx_word' id='word_1_127' title='bbox 617 2139 658 2194; x_wconf 79' lang='grc' dir='ltr'><strong>Ψ.</strong></span> <span class='ocrx_word' id='word_1_128' title='bbox 684 2129 760 2194; x_wconf 84' lang='grc'><strong>392.</strong></span> <span class='ocrx_word' id='word_1_129' title='bbox 784 2130 841 2195; x_wconf 89' lang='lat' dir='ltr'><strong>ubi</strong></span> <span class='ocrx_word' id='word_1_130' title='bbox 865 2131 941 2195; x_wconf 87' lang='lat' dir='ltr'><strong>libri</strong></span> <span class='ocrx_word' id='word_1_131' title='bbox 964 2129 1131 2195; x_wconf 82' lang='lat' dir='ltr'><strong>exhibent:</strong></span> <span class='ocrx_word' id='word_1_132' title='bbox 1154 2126 1274 2194; x_wconf 77' lang='grc' dir='ltr'><strong>ἵππειον</strong></span> <span class='ocrx_word' id='word_1_133' title='bbox 1297 2125 1325 2192; x_wconf 82' lang='grc' dir='ltr'><em>δέ</em></span> <span class='ocrx_word' id='word_1_134' title='bbox 1347 2126 1368 2190; x_wconf 79' lang='grc' dir='ltr'><strong>οἱ</strong></span> <span class='ocrx_word' id='word_1_135' title='bbox 1386 2115 1425 2192; x_wconf 60' lang='lat' dir='ltr'><strong>tte</strong></span> <span class='ocrx_word' id='word_1_136' title='bbox 1497 2121 1498 2142; x_wconf 61' lang='lat'>¹</span> 
     </span>
     <span class='ocr_line' id='line_1_19' title="bbox 271 2221 1428 2320; baseline -0.003 -22"><span class='ocrx_word' id='word_1_137' title='bbox 271 2235 325 2299; x_wconf 75' lang='grc' dir='ltr'><em>ὐεοδ</em></span> <span class='ocrx_word' id='word_1_138' title='bbox 350 2234 459 2318; x_wconf 75' lang='grc' dir='ltr'><em>ζυγὸν,</em></span> <span class='ocrx_word' id='word_1_139' title='bbox 482 2233 647 2300; x_wconf 84' lang='lat' dir='ltr'><strong>Beklxerus</strong></span> <span class='ocrx_word' id='word_1_140' title='bbox 671 2235 702 2299; x_wconf 82' lang='grc' dir='ltr'><em>δέ</em></span> <span class='ocrx_word' id='word_1_141' title='bbox 723 2237 877 2320; x_wconf 82' lang='lat' dir='ltr'><strong>expunxit</strong></span> <span class='ocrx_word' id='word_1_142' title='bbox 900 2240 931 2300; x_wconf 90' lang='lat' dir='ltr'><strong>et</strong></span> <span class='ocrx_word' id='word_1_143' title='bbox 960 2235 1078 2300; x_wconf 85' lang='lat' dir='ltr'><strong>edidit:</strong></span> <span class='ocrx_word' id='word_1_144' title='bbox 1103 2231 1223 2299; x_wconf 75' lang='grc' dir='ltr'><em>ἵππειον</em></span> <span class='ocrx_word' id='word_1_145' title='bbox 1247 2258 1284 2298; x_wconf 79' lang='grc' dir='ltr'><strong>τοι</strong></span> <span class='ocrx_word' id='word_1_146' title='bbox 1306 2229 1370 2312; x_wconf 74' lang='grc' dir='ltr'><em>ἦξε,</em></span> <span class='ocrx_word' id='word_1_147' title='bbox 1388 2221 1428 2290; x_wconf 79' lang='lat' dir='ltr'><strong>sed</strong></span> 
     </span>
     <span class='ocr_line' id='line_1_20' title="bbox 270 2331 1429 2426; baseline -0.004 -23"><span class='ocrx_word' id='word_1_148' title='bbox 270 2340 316 2404; x_wconf 87' lang='lat' dir='ltr'><strong>ite</strong></span> <span class='ocrx_word' id='word_1_149' title='bbox 345 2338 408 2404; x_wconf 91' lang='lat' dir='ltr'><strong>loci</strong></span> <span class='ocrx_word' id='word_1_150' title='bbox 439 2342 664 2406; x_wconf 83' lang='lat' dir='ltr'><strong>correctionem</strong></span> <span class='ocrx_word' id='word_1_151' title='bbox 694 2362 757 2406; x_wconf 90' lang='lat' dir='ltr'><strong>non</strong></span> <span class='ocrx_word' id='word_1_152' title='bbox 788 2341 930 2426; x_wconf 84' lang='lat' dir='ltr'><strong>perfecit.</strong></span> <span class='ocrx_word' id='word_1_153' title='bbox 979 2341 1168 2426; x_wconf 86' lang='lat' dir='ltr'><strong>Repositum</strong></span> <span class='ocrx_word' id='word_1_154' title='bbox 1199 2341 1384 2426; x_wconf 77' lang='lat' dir='ltr'><strong>oportuerat,</strong></span> <span class='ocrx_word' id='word_1_155' title='bbox 1401 2331 1429 2393; x_wconf 79' lang='lat' dir='ltr'><strong>ut</strong></span> 
     </span>
     <span class='ocr_line' id='line_1_21' title="bbox 271 2443 422 2508; baseline -0.013 0"><span class='ocrx_word' id='word_1_156' title='bbox 271 2443 422 2508; x_wconf 80' lang='lat' dir='ltr'><strong>arbitror:</strong></span> 
     </span>
    </p>
   </div>
   <div class='ocr_carea' id='block_1_3' title="bbox 585 2547 1358 2633">
    <p class='ocr_par' dir='ltr' id='par_1_8' title="bbox 585 2511 1497 2832">
     <span class='ocr_line' id='line_1_22' title="bbox 585 2547 1358 2633; baseline 0.007 -19"><span class='ocrx_word' id='word_1_157' title='bbox 585 2547 704 2615; x_wconf 82' lang='grc' dir='ltr'><em>ἵππειύν</em></span> <span class='ocrx_word' id='word_1_158' title='bbox 727 2575 765 2616; x_wconf 80' lang='grc' dir='ltr'><strong>τοι</strong></span> <span class='ocrx_word' id='word_1_159' title='bbox 786 2549 894 2628; x_wconf 73' lang='grc' dir='ltr'><em>ἜΑξε</em></span> <span class='ocrx_word' id='word_1_160' title='bbox 919 2553 974 2617; x_wconf 75' lang='lat' dir='ltr'><strong>teci</strong></span> <span class='ocrx_word' id='word_1_161' title='bbox 998 2551 1102 2633; x_wconf 75' lang='grc' dir='ltr'><em>ζυγέν.</em></span> <span class='ocrx_word' id='word_1_162' title='bbox 1352 2613 1358 2625; x_wconf 93' lang='grc'><em>,</em></span> 
     </span>
    </p>
   </div>
   <div class='ocr_carea' id='block_1_4' title="bbox 811 2861 911 2929">
    <p class='ocr_par' dir='ltr' id='par_1_9' title="bbox 811 2861 911 2929">
     <span class='ocr_line' id='line_1_23' title="bbox 811 2861 911 2929; baseline 0 -1"><span class='ocrx_word' id='word_1_163' title='bbox 811 2861 911 2929; x_wconf 87' lang='lat' dir='ltr'><strong>XLV.</strong></span> 
     </span>
    </p>
   </div>
   <div class='ocr_carea' id='block_1_5' title="bbox 766 3075 970 3136">
    <p class='ocr_par' dir='ltr' id='par_1_10' title="bbox 766 2945 1496 3198">
     <span class='ocr_line' id='line_1_24' title="bbox 766 3075 970 3136; baseline -0.003 -3"><span class='ocrx_word' id='word_1_164' title='bbox 766 3079 804 3136; x_wconf 80' lang='lat' dir='ltr'><strong>el</strong></span> <span class='ocrx_word' id='word_1_165' title='bbox 818 3075 970 3136; x_wconf 75' lang='grc' dir='ltr'>-ἝΤΙ,</span> 
     </span>
    </p>
   </div>
   <div class='ocr_carea' id='block_1_6' title="bbox 247 3381 1425 4408">
    <p class='ocr_par' dir='ltr' id='par_1_11' title="bbox 426 3381 1274 3675">
     <span class='ocr_line' id='line_1_25' title="bbox 426 3381 1274 3467; baseline 0.005 -21"><span class='ocrx_word' id='word_1_166' title='bbox 426 3381 514 3467; x_wconf 81' lang='grc' dir='ltr'><em>ξεῖν’,</em></span> <span class='ocrx_word' id='word_1_167' title='bbox 535 3382 623 3448; x_wconf 74' lang='grc' dir='ltr'><strong>ἝΤΙ</strong></span> <span class='ocrx_word' id='word_1_168' title='bbox 648 3382 699 3447; x_wconf 77' lang='grc' dir='ltr'><strong>καὶ</strong></span> <span class='ocrx_word' id='word_1_169' title='bbox 725 3388 775 3447; x_wconf 86' lang='grc' dir='ltr'><strong>νύν</strong></span> <span class='ocrx_word' id='word_1_170' title='bbox 799 3381 897 3448; x_wconf 75' lang='grc' dir='ltr'><em>ἔνθαδ’</em></span> <span class='ocrx_word' id='word_1_171' title='bbox 922 3385 1054 3460; x_wconf 76' lang='grc' dir='ltr'><em>ὐνιύσεις</em></span> <span class='ocrx_word' id='word_1_172' title='bbox 1077 3385 1163 3450; x_wconf 73' lang='grc' dir='ltr'><em>κατὰ</em></span> <span class='ocrx_word' id='word_1_173' title='bbox 1186 3385 1274 3463; x_wconf 77' lang='grc' dir='ltr'><em>δῶμα</em></span> 
     </span>
     <span class='ocr_line' id='line_1_26' title="bbox 428 3485 1177 3580; baseline 0.003 -28"><span class='ocrx_word' id='word_1_174' title='bbox 428 3485 537 3568; x_wconf 81' lang='grc' dir='ltr'><em>ὐνέρας</em></span> <span class='ocrx_word' id='word_1_175' title='bbox 562 3487 703 3568; x_wconf 71' lang='grc' dir='ltr'><em>αἰτίζων,</em></span> <span class='ocrx_word' id='word_1_176' title='bbox 727 3489 808 3569; x_wconf 72' lang='grc' dir='ltr'><em>αὐτὰρ</em></span> <span class='ocrx_word' id='word_1_177' title='bbox 829 3490 881 3554; x_wconf 91' lang='grc' dir='ltr'><em>οὐκ</em></span> <span class='ocrx_word' id='word_1_178' title='bbox 906 3487 1027 3564; x_wconf 83' lang='grc' dir='ltr'><em>ἔξεισύα</em></span> <span class='ocrx_word' id='word_1_179' title='bbox 1051 3489 1177 3580; x_wconf 60' lang='grc' dir='ltr'><em>ὐύχαζετ</em></span> 
     </span>
     <span class='ocr_line' id='line_1_27' title="bbox 430 3592 1062 3675; baseline 0.002 -17"><span class='ocrx_word' id='word_1_180' title='bbox 430 3592 554 3664; x_wconf 79' lang='grc' dir='ltr'><em>τιούντιος</em></span> <span class='ocrx_word' id='word_1_181' title='bbox 577 3593 676 3659; x_wconf 88' lang='grc' dir='ltr'><em>οὐκέτι</em></span> <span class='ocrx_word' id='word_1_182' title='bbox 701 3599 753 3660; x_wconf 79' lang='grc' dir='ltr'><strong>νῶϊ</strong></span> <span class='ocrx_word' id='word_1_183' title='bbox 773 3595 989 3675; x_wconf 72' lang='grc' dir='ltr'><em>διακρινέεσθαι</em></span> <span class='ocrx_word' id='word_1_184' title='bbox 1013 3595 1062 3660; x_wconf 74' lang='lat' dir='ltr'><strong>aa</strong></span> 
     </span>
    </p>

    <p class='ocr_par' dir='ltr' id='par_1_12' title="bbox 427 3699 837 3780">
     <span class='ocr_line' id='line_1_28' title="bbox 427 3699 837 3780; baseline 0.007 -18"><span class='ocrx_word' id='word_1_185' title='bbox 427 3700 495 3780; x_wconf 75' lang='grc' dir='ltr'><strong>πρὶν</strong></span> <span class='ocrx_word' id='word_1_186' title='bbox 519 3706 627 3779; x_wconf 80' lang='grc' dir='ltr'><em>χειρῶν</em></span> <span class='ocrx_word' id='word_1_187' title='bbox 652 3699 837 3778; x_wconf 74' lang='grc' dir='ltr'><em>γεύσασύαι.</em></span> 
     </span>
    </p>

    <p class='ocr_par' dir='ltr' id='par_1_13' title="bbox 247 3703 1494 4408">
     <span class='ocr_line' id='line_1_29' title="bbox 247 3793 1425 3893; baseline -0.004 -23"><span class='ocrx_word' id='word_1_188' title='bbox 247 3853 250 3860; x_wconf 42' lang='grc' dir='ltr'><em>ι</em></span> <span class='ocrx_word' id='word_1_189' title='bbox 315 3804 517 3890; x_wconf 79' lang='lat' dir='ltr'><strong>Quamquam</strong></span> <span class='ocrx_word' id='word_1_190' title='bbox 539 3827 603 3870; x_wconf 92' lang='lat' dir='ltr'><strong>non</strong></span> <span class='ocrx_word' id='word_1_191' title='bbox 621 3827 673 3870; x_wconf 90' lang='lat' dir='ltr'><strong>mo</strong></span> <span class='ocrx_word' id='word_1_192' title='bbox 692 3807 794 3893; x_wconf 80' lang='lat' dir='ltr'><strong>fugit,</strong></span> <span class='ocrx_word' id='word_1_193' title='bbox 814 3811 852 3871; x_wconf 92' lang='lat' dir='ltr'><strong>ut</strong></span> <span class='ocrx_word' id='word_1_194' title='bbox 871 3807 1048 3872; x_wconf 82' lang='lat' dir='ltr'><strong>Aristarchi</strong></span> <span class='ocrx_word' id='word_1_195' title='bbox 1064 3806 1171 3872; x_wconf 72' lang='lat' dir='ltr'><strong>uerbis</strong></span> <span class='ocrx_word' id='word_1_196' title='bbox 1190 3811 1275 3884; x_wconf 84' lang='lat' dir='ltr'><strong>utar,</strong></span> <span class='ocrx_word' id='word_1_197' title='bbox 1297 3803 1345 3891; x_wconf 89' lang='lat' dir='ltr'><strong>(ad</strong></span> <span class='ocrx_word' id='word_1_198' title='bbox 1354 3793 1425 3865; x_wconf 78' lang='lat' dir='ltr'><strong>md·</strong></span> 
     </span>
     <span class='ocr_line' id='line_1_30' title="bbox 267 3905 1424 3998; baseline -0.006 -23"><span class='ocrx_word' id='word_1_199' title='bbox 267 3920 307 3976; x_wconf 94' lang='lat' dir='ltr'><strong>N.</strong></span> <span class='ocrx_word' id='word_1_200' title='bbox 333 3910 422 3998; x_wconf 76' lang='lat'><strong>172.)</strong></span> <span class='ocrx_word' id='word_1_201' title='bbox 445 3907 489 3974; x_wconf 74' lang='lat' dir='ltr'><strong>dr:</strong></span> <span class='ocrx_word' id='word_1_202' title='bbox 511 3910 648 3987; x_wconf 71' lang='grc' dir='ltr'><strong>’Ὀμοςρος</strong></span> <span class='ocrx_word' id='word_1_203' title='bbox 672 3911 831 3976; x_wconf 74' lang='grc' dir='ltr'><em>διακόπτει</em></span> <span class='ocrx_word' id='word_1_204' title='bbox 856 3913 914 3983; x_wconf 73' lang='grc' dir='ltr'><em>τοὶς</em></span> <span class='ocrx_word' id='word_1_205' title='bbox 935 3911 1064 3993; x_wconf 78' lang='grc' dir='ltr'><em>Φρύσεις</em></span> <span class='ocrx_word' id='word_1_206' title='bbox 1087 3909 1136 3977; x_wconf 79' lang='grc' dir='ltr'><strong>ἵνα</strong></span> <span class='ocrx_word' id='word_1_207' title='bbox 1156 3915 1200 3989; x_wconf 65' lang='grc' dir='ltr'><strong>μὴ</strong></span> <span class='ocrx_word' id='word_1_208' title='bbox 1223 3905 1424 3991; x_wconf 75' lang='grc' dir='ltr'><em>μακροπερέοδον</em></span> 
     </span>
     <span class='ocr_line' id='line_1_31' title="bbox 267 4015 1424 4102; baseline -0.003 -21"><span class='ocrx_word' id='word_1_209' title='bbox 267 4016 415 4100; x_wconf 73' lang='grc' dir='ltr'><em>γένηται,</em></span> <span class='ocrx_word' id='word_1_210' title='bbox 439 4020 548 4080; x_wconf 86' lang='lat' dir='ltr'><strong>tamen</strong></span> <span class='ocrx_word' id='word_1_211' title='bbox 569 4016 630 4080; x_wconf 92' lang='lat' dir='ltr'><strong>hoc</strong></span> <span class='ocrx_word' id='word_1_212' title='bbox 652 4015 721 4082; x_wconf 91' lang='lat' dir='ltr'><strong>loco</strong></span> <span class='ocrx_word' id='word_1_213' title='bbox 744 4020 884 4102; x_wconf 89' lang='lat' dir='ltr'><strong>suspicor</strong></span> <span class='ocrx_word' id='word_1_214' title='bbox 907 4018 985 4082; x_wconf 89' lang='lat' dir='ltr'><strong>duas</strong></span> <span class='ocrx_word' id='word_1_215' title='bbox 1008 4019 1180 4083; x_wconf 88' lang='lat' dir='ltr'><strong>sententias</strong></span> <span class='ocrx_word' id='word_1_216' title='bbox 1205 4015 1424 4095; x_wconf 68' lang='lat' dir='ltr'><strong>interecepto</strong></span> 
     </span>
     <span class='ocr_line' id='line_1_32' title="bbox 267 4117 1423 4208; baseline -0.006 -20"><span class='ocrx_word' id='word_1_217' title='bbox 267 4129 300 4188; x_wconf 90' lang='lat' dir='ltr'><strong>et</strong></span> <span class='ocrx_word' id='word_1_218' title='bbox 330 4142 425 4186; x_wconf 89' lang='lat' dir='ltr'><strong>nexas</strong></span> <span class='ocrx_word' id='word_1_219' title='bbox 455 4121 551 4198; x_wconf 80' lang='lat' dir='ltr'><strong>fuisse</strong></span> <span class='ocrx_word' id='word_1_220' title='bbox 582 4126 614 4186; x_wconf 94' lang='lat' dir='ltr'><strong>et</strong></span> <span class='ocrx_word' id='word_1_221' title='bbox 645 4142 701 4207; x_wconf 93' lang='lat' dir='ltr'><strong>pro</strong></span> <span class='ocrx_word' id='word_1_222' title='bbox 722 4122 811 4186; x_wconf 75' lang='lat' dir='ltr'><strong>”eTl</strong></span> <span class='ocrx_word' id='word_1_223' title='bbox 842 4143 906 4186; x_wconf 92' lang='lat' dir='ltr'><strong>una</strong></span> <span class='ocrx_word' id='word_1_224' title='bbox 928 4121 1058 4188; x_wconf 86' lang='lat' dir='ltr'><strong>literula</strong></span> <span class='ocrx_word' id='word_1_225' title='bbox 1082 4127 1239 4206; x_wconf 87' lang='lat' dir='ltr'><strong>expuncta</strong></span> <span class='ocrx_word' id='word_1_226' title='bbox 1260 4125 1374 4208; x_wconf 80' lang='lat' dir='ltr'><strong>poetam</strong></span> <span class='ocrx_word' id='word_1_227' title='bbox 1395 4117 1423 4172; x_wconf 74' lang='grc' dir='ltr'><strong>ΕΙ</strong></span> 
     </span>
     <span class='ocr_line' id='line_1_33' title="bbox 270 4221 1423 4306; baseline -0.01 -12"><span class='ocrx_word' id='word_1_228' title='bbox 270 4228 408 4294; x_wconf 88' lang='lat' dir='ltr'><strong>dedisse:</strong></span> <span class='ocrx_word' id='word_1_229' title='bbox 442 4228 467 4290; x_wconf 80' lang='lat' dir='ltr'><strong>ei</strong></span> <span class='ocrx_word' id='word_1_230' title='bbox 500 4226 551 4290; x_wconf 79' lang='lat' dir='ltr'><strong>act</strong></span> <span class='ocrx_word' id='word_1_231' title='bbox 584 4233 634 4291; x_wconf 82' lang='grc' dir='ltr'><strong>νῦν</strong></span> <span class='ocrx_word' id='word_1_232' title='bbox 664 4229 796 4303; x_wconf 74' lang='grc' dir='ltr'><em>οὐνιῆσεις</em></span> <span class='ocrx_word' id='word_1_233' title='bbox 819 4267 859 4276; x_wconf 97' lang='grc'>-</span> <span class='ocrx_word' id='word_1_234' title='bbox 881 4227 1003 4300; x_wconf 73' lang='grc' dir='ltr'><em>πάντας</em></span> <span class='ocrx_word' id='word_1_235' title='bbox 1035 4229 1134 4293; x_wconf 87' lang='grc' dir='ltr'><em>οὐκέτι</em></span> <span class='ocrx_word' id='word_1_236' title='bbox 1165 4231 1217 4293; x_wconf 80' lang='grc' dir='ltr'><strong>νῶϊ</strong></span> <span class='ocrx_word' id='word_1_237' title='bbox 1240 4221 1423 4306; x_wconf 71' lang='grc' dir='ltr'><em>διακρινέεσθαι</em></span> 
     </span>
     <span class='ocr_line' id='line_1_34' title="bbox 270 4331 785 4408; baseline -0.01 -7"><span class='ocrx_word' id='word_1_238' title='bbox 270 4337 337 4408; x_wconf 78' lang='grc' dir='ltr'><strong>ὀΐω,</strong></span> <span class='ocrx_word' id='word_1_239' title='bbox 360 4336 398 4397; x_wconf 93' lang='lat' dir='ltr'><strong>ut</strong></span> <span class='ocrx_word' id='word_1_240' title='bbox 421 4334 455 4395; x_wconf 93' lang='lat' dir='ltr'><strong>in</strong></span> <span class='ocrx_word' id='word_1_241' title='bbox 477 4338 551 4396; x_wconf 92' lang='lat' dir='ltr'><strong>noto</strong></span> <span class='ocrx_word' id='word_1_242' title='bbox 575 4331 644 4398; x_wconf 87' lang='lat' dir='ltr'><strong>loco</strong></span> <span class='ocrx_word' id='word_1_243' title='bbox 667 4342 706 4397; x_wconf 88' lang='grc' dir='ltr'><strong>Α.</strong></span> <span class='ocrx_word' id='word_1_244' title='bbox 733 4331 785 4397; x_wconf 82' lang='lat'><strong>59.</strong></span> 
     </span>
    </p>
   </div>
   <div class='ocr_carea' id='block_1_7' title="bbox 231 4505 591 4944">
    <p class='ocr_par' dir='ltr' id='par_1_14' title="bbox 231 4505 591 4944">
     <span class='ocr_line' id='line_1_35' title="bbox 231 4505 591 4944; baseline -0.006 -407"><span class='ocrx_word' id='word_1_245' title='bbox 231 4505 591 4944; x_wconf 26' lang='lat' dir='ltr'><strong>„X</strong></span> 
     </span>
    </p>
   </div>
   <div class='ocr_carea' id='block_1_8' title="bbox 314 3275 868 3364">
    <p class='ocr_par' dir='ltr' id='par_1_15' title="bbox 314 3275 1495 3566">
     <span class='ocr_line' id='line_1_36' title="bbox 314 3275 868 3364; baseline -0.005 -20"><span class='ocrx_word' id='word_1_246' title='bbox 314 3277 430 3344; x_wconf 78' lang='lat' dir='ltr'><strong>Editur</strong></span> <span class='ocrx_word' id='word_1_247' title='bbox 453 3279 488 3343; x_wconf 93' lang='lat' dir='ltr'><strong>in</strong></span> <span class='ocrx_word' id='word_1_248' title='bbox 512 3277 652 3364; x_wconf 83' lang='lat' dir='ltr'><strong>Odyssea</strong></span> <span class='ocrx_word' id='word_1_249' title='bbox 675 3302 692 3342; x_wconf 89' lang='grc' dir='ltr'><em>ν</em></span> <span class='ocrx_word' id='word_1_250' title='bbox 713 3299 761 3344; x_wconf 83' lang='lat' dir='ltr'><strong>vs.</strong></span> <span class='ocrx_word' id='word_1_251' title='bbox 785 3275 868 3343; x_wconf 76' lang='lat'><strong>178:</strong></span> 
     </span>
    </p>
   </div>
   <div class='ocr_carea' id='block_1_9' title="bbox 0 0 1540 4970">
    <p class='ocr_par' dir='ltr' id='par_1_16' title="bbox 0 0 1540 4970">
     <span class='ocr_line' id='line_1_37' title="bbox 0 0 1540 4970; baseline 0 0"><span class='ocrx_word' id='word_1_252' title='bbox 0 0 1540 4970; x_wconf 95' lang='lat' dir='ltr'><strong> </strong></span> 
     </span>
    </p>
   </div>
  </div>
 </body>
</html>
