3096 4972
789 235 854 308 544

220 433 303 500 οὐδὲν
325 433 471 499 οῖντεῖπον
495 435 527 497 et
549 431 643 510 λίνον
668 427 860 508 ἐποιησάμην
884 428 1002 496 οὐδένα.
1049 427 1122 495 Ηοο
1144 429 1232 495 enim
1255 430 1319 517 ipsi
1338 430 1406 497 obii·

222 541 306 605 citur
337 561 420 618 „cur
453 538 570 602 tandem
600 559 689 623 quum
720 537 790 600 daec
817 543 975 618 προνομίαν
998 533 1185 602 υλυῦῑετῑί”
1208 541 1241 602 et
1264 538 1310 603 sic
1333 541 1408 624 post·
1521 550 1522 580 ί

221 665 319 730 quom
352 643 473 710 silentii
503 645 554 708 sui
583 645 721 709 rationes
751 642 889 708 reddidit
919 645 966 708 ite
996 643 1080 708 dixit
1108 662 1183 729 pag.
1208 640 1283 708 684.
1309 643 1342 708 8.
1366 643 1407 709 διὰ

220 751 314 815 ταῦτ’
339 748 389 815 ἐπ’
415 748 536 819 ε’κείνοις
561 748 644 814 οὐδὲν
667 748 757 814 εἰπὼν
781 751 832 811 νῦν
856 747 951 826 λέγω.
1108 763 1114 772 ·

265 856 348 945 Peg.
383 853 460 921 684.
496 855 549 921 10.
582 853 628 924 ἔτι
659 855 757 920 τοίνυν
789 877 835 927 τις
860 857 966 929 αὐτοῖς
989 859 1120 931 τοιοῦτος
1144 854 1238 933 λόγος
1257 891 1299 902 -
1316 856 1356 928 ὡς
1373 892 1408 904 -

220 961 291 1032 ίσως
323 961 449 1026 ἐναντία
483 956 634 1042 ἔπραττον
665 970 705 1043 τῇ
735 958 824 1026 πόλει
855 959 916 1026 τίδ’
940 958 983 1026 ὅτ’
1006 958 1085 1036 ἦσαν
1109 961 1228 1046 ε’χίροί,
1253 964 1304 1024 νῦν
1328 957 1361 1025 δέ
1381 963 1409 1039 γ’

221 1068 277 1134 sici
311 1067 410 1150 φίλοι.
432 1105 474 1116 -
493 1069 525 1133 οὐ
557 1067 592 1140 δὴ
617 1076 688 1132 ΔΕΙ
712 1075 923 1145 μνησικακεῖν.
972 1068 1047 1133 Fert
1071 1064 1265 1134 Graecorum
1289 1087 1409 1133 consue·

220 1175 299 1240 tudo
329 1179 368 1239 ut
398 1176 432 1238 in
462 1174 648 1240 huiusmodi
679 1175 906 1260 compositione
935 1171 1114 1240 infinitivus
1143 1175 1298 1259 ponetur:
1322 1175 1356 1238 οὐ
1378 1175 1408 1248 δὴ

223 1289 326 1345 ΔΕΙΝ
351 1289 561 1361 μνησικακεῖν.

268 1385 427 1452 Similiter
449 1408 522 1475 pag.
551 1383 625 1450 108.
652 1383 683 1450 2.
709 1384 763 1462 ἤδη
787 1384 885 1451 τοίνυν
909 1387 988 1457 τινὸς
1012 1387 1126 1462 ἤκουσα
1150 1384 1203 1450 καὶ
1227 1383 1363 1450 τοιοῦτόν
1383 1409 1409 1450 τι

223 1492 366 1570 λέγοντος
386 1494 424 1563 ὥς
449 1490 510 1571 σ’ίρα
535 1492 594 1570 ἐγὼ
619 1489 702 1570 λέγω
726 1491 784 1568 μὲν
808 1492 855 1556 elsi
882 1491 925 1556 rel
948 1492 1085 1570 βέλτιςα
1096 1540 1106 1570 ,
1125 1488 1168 1559 ἔτι
1190 1490 1216 1554 δ’
1238 1491 1321 1556 οὐδὲν
1342 1493 1409 1557 ἀλλ’

224 1599 241 1676 ἢ
274 1598 360 1676 λίνον
392 1598 435 1663 τοὶ
468 1601 541 1680 παρ’
572 1599 662 1677 ἐμοῦ,
697 1607 769 1664 nel
802 1598 830 1664 δ’
861 1595 956 1679 ἔργων
986 1608 1024 1681 τῇ
1053 1596 1156 1675 πόλει,
1180 1598 1410 1665 emendandum
1524 1589 1525 1640 f

226 1712 342 1771 ΔΕΙΝ.

268 1915 348 2004 Peg.
385 1914 461 1981 684.
500 1913 552 1980 15.
585 1913 652 1980 οὐδὲ
686 1914 749 1996 γὰρ
779 1914 1041 1992 Λακεδαιμονίους
1073 1911 1118 1979 ὅτ’
1151 1912 1302 1996 ε’σιίζομεν
1337 1916 1411 2005 [οὐκ]
1525 1971 1526 1992 ,

225 2021 517 2101 οῖνεμιμνυσκίμεία
547 2020 577 2086 εί
606 2045 636 2087 τι
668 2027 770 2094 κακοῖς
802 2021 946 2096 ἐποίησαν
982 2021 1078 2098 ἡμεῖς.
1122 2020 1214 2108 Tolle
1245 2023 1411 2089 molestam

227 2130 449 2215 negationem,
476 2149 556 2214 quse
578 2128 640 2194 loci
664 2130 925 2214 compositionem
949 2132 1055 2213 aperte
1074 2128 1181 2193 vitiet.
1227 2128 1412 2195 Rectissime

226 2237 312 2300 enim
342 2235 460 2301 dicitnr
481 2239 519 2300 ut
540 2255 615 2321 pag.
642 2233 719 2300 661.
745 2233 776 2300 2.
801 2237 834 2300 οὐ
857 2234 952 2299 τοίνυν
977 2231 1078 2311 ἔγωγε
1105 2233 1202 2298 οΤΔ’
1227 2236 1320 2300 ε’κεῖνο
1345 2237 1411 2302 ἰδεῖν

225 2341 376 2418 δύναμαι,
411 2341 466 2406 eed
497 2340 555 2405 ubi
587 2339 653 2405 οὐδὲ
684 2339 844 2426 praecedit
875 2341 976 2405 altere
1005 2341 1134 2426 negatio
1166 2340 1199 2405 οὐ
1226 2339 1333 2405 locum
1354 2361 1411 2405 non

225 2448 321 2513 habet
344 2446 576 2532 dicendumque
600 2452 664 2513 est:
690 2447 749 2512 οὐδ’
775 2447 867 2511 ἐκεῖνο
891 2447 988 2512 τοίνυν
1013 2443 1116 2524 ἔγωγε
1141 2444 1213 2510 ἰδεῖν
1235 2445 1380 2524 δύναμιν.

270 2655 351 2742 Pag.
385 2651 461 2720 686.
497 2654 550 2721 14.
583 2656 608 2721 εί
639 2656 710 2735 μετ’
733 2655 879 2731 οίλκίείοις
903 2655 1012 2727 ιὶπλῶς
1037 2650 1069 2730 ἦν
1095 2659 1167 2734 ἡμῖν
1189 2655 1283 2737 Φίλος
1307 2656 1358 2721 καὶ
1381 2654 1412 2730 νίς

226 2760 290 2826 Δία
323 2759 448 2827 ποίνΤΑ
480 2763 621 2841 Τοξνοιίοὶ
647 2762 782 2839 ἤμελλεν
809 2766 891 2842 ἡμᾶς
917 2765 1064 2838 ποιήσειν.
1113 2764 1303 2852 Legendum
1326 2762 1412 2827 πάντ’

225 2866 354 2952 ἀγαθοί,
379 2873 416 2932 ut
441 2871 523 2934 ratio
548 2869 697 2955 postulet.
734 2870 807 2935 Non
830 2870 1009 2955 infrequens
1031 2871 1091 2936 hoc
1110 2870 1220 2936 mendi
1238 2891 1340 2957 genus
1360 2873 1412 2934 est.

271 2972 358 3038 Idem
382 2973 540 3059 placuisse
560 2974 654 3040 video
672 2973 834 3054 chreeo,
856 2978 912 3061 qui
930 2975 1044 3041 multis
1064 2976 1225 3042 similibus
1241 2975 1319 3042 locis
1338 2976 1411 3042 henc

227 3081 453 3146 correctionem
478 3078 688 3147 confirmarit.

270 3289 400 3377 Insigne
423 3289 586 3378 flagitium
610 3291 782 3357 sciolorum
805 3312 879 3379 pag.
905 3290 981 3360 687.
1009 3290 1060 3359 17.
1081 3292 1261 3358 maculavit
1278 3290 1411 3357 luculen-

225 3403 297 3462 tum
327 3395 453 3480 locum,
486 3400 521 3461 in
549 3418 611 3482 quo
633 3397 807 3463 vehemens
826 3404 930 3464 orator
952 3397 1097 3483 ἤςραπτ’,
1121 3396 1254 3478 ε’βρίντα
1278 3400 1312 3463 in
1332 3397 1410 3461 hunc

227 3503 361 3570 modum
395 3502 612 3586 (emendatum
646 3504 732 3568 enim
755 3503 863 3568 locum
887 3504 1093 3591 describem):
1118 3508 1151 3570 οὐ
1176 3504 1266 3582 μόνον
1288 3505 1313 3568 δ’
1335 3499 1410 3574 αὕτη

224 3617 278 3684 τοῖς
311 3606 430 3682 πόλεως
464 3611 480 3683 ἡ
513 3608 609 3689 δωρεὰ
641 3609 913 3689 προπεπηλάκιςαι
946 3610 997 3676 καί
1021 3613 1133 3692 Φαύλη
1158 3612 1306 3690 γέγονεν,
1329 3606 1410 3674 οῖλλοὶ

226 3715 277 3782 καί
301 3717 402 3779 ποῖσαι
428 3713 479 3779 δια
500 3716 555 3789 τὴν
578 3720 636 3779 τοῖν
658 3715 842 3796 καταροίτων
867 3717 919 3782 καὶ
944 3719 1020 3790 ίεοῖς
1045 3718 1158 3799 ἐχθρῶν
1181 3715 1307 3798 ῥητόρων
1329 3736 1410 3784 πονοι·

225 3823 309 3905 ρίαν,
334 3814 360 3885 οἳ
384 3818 539 3895 τοσαύτην
565 3821 735 3900 ὑπερβολὴν
760 3821 943 3897 πεποίηνται
966 3831 1022 3896 τῆς
1046 3824 1146 3887 αὑτῶν
1170 3818 1408 3902 αἰσχροκερδείας

225 3927 282 3997 ὥτε
306 3926 365 3999 τοὶς
389 3927 485 4004 τιμοὶς
510 3927 562 3992 καί
588 3925 647 3999 τοῖς
671 3930 744 4008 παρ’
770 3928 853 4005 ὑμῶν
877 3927 987 4009 δωρεαῖς
1014 3925 1113 4008 σ’ίσπερ
1137 3929 1163 3992 οῖ
1186 3929 1232 3993 τοὶ
1252 3925 1343 4008 μικροὶ
1360 3920 1408 3989 καὶ

226 4032 334 4113 κομιδῇ
366 4037 482 4115 φαῦλα
512 4032 775 4116 ἀποκηρύττοντες
808 4031 883 4099 οὕτω
916 4038 1067 4098 πωλοῦσιν
1104 4033 1331 4116 ἐπευωνίζοντες
1359 4027 1406 4094 καὶ

227 4147 353 4212 πολλοῖς
377 4139 441 4203 ciet
464 4145 522 4205 τῶν
547 4142 647 4205 αὐτῶν
672 4138 848 4219 λκμμοίποον
872 4139 1047 4222 γράφοντες
1074 4137 1092 4204 ὅ
1112 4165 1143 4205 τι
1167 4138 1206 4206 ἂν
1235 4142 1405 4220 βούλωνται.

228 4245 310 4309 Scin'
334 4245 411 4328 quid
435 4247 470 4308 in
492 4244 584 4311 libris
607 4245 755 4334 legatur?
801 4249 925 4334 Nempe
947 4247 1025 4313 hoc:
1050 4248 1101 4312 δια
1126 4249 1180 4322 τὴν
1205 4255 1264 4314 τῶν
1282 4239 1406 4322 κατορέ-

229 4375 287 4416 των
312 4346 364 4413 καί
389 4349 463 4418 ίεοῖς
488 4350 600 4432 ἐχθροῖν
618 4352 745 4434 ρ’ντίρων
766 4357 838 4436 [τῶν
858 4353 901 4418 τοὶ
921 4357 1052 4419 τοιαῦτα
1073 4353 1257 4438 γραφόντων
1276 4344 1402 4433 ἑτοίμως]
