3034 4970
812 243 879 310 226

408 437 451 512 μη
478 459 510 499 νο
534 459 563 499 τι
590 438 643 500 σεῦ
669 433 776 510 ἀέκητι
801 432 899 509 δέμων
924 434 959 498 εἰι
983 438 1092 507 κτῆμα
1117 430 1259 513 φέρηται.

248 545 355 609 οέθετεῖ
384 540 590 621 'spermatum
626 542 675 606 ἐπὶ
709 540 914 621 σμικρολογία
944 544 1116 610 παντελῶς.
1167 537 1278 626 Odyss.
1305 547 1344 608 Ο.
1372 535 1416 600 82.

251 649 418 715 Menelaus
441 648 480 713 ad
505 647 734 714 Telemachum
757 650 804 711 ita
828 646 926 710 dicit:

355 823 358 830 ,
411 754 492 822 ciera
516 755 541 819 δ’
567 756 726 829 ἀνθρώπιον
751 753 926 828 ἡγήσομαι·
953 750 1019 816 οὐδέ
1042 761 1088 821 τιςΙ
1114 748 1214 826 ἡμέας

413 861 513 929 αὔτως
539 859 726 943 ἀππέμψει,
752 859 837 922 δώσει
863 858 894 921 δέ
919 878 965 921 τοι
989 853 1019 920 έν
1044 878 1083 934 γε
1107 856 1264 935 Φέρεσθκι.

297 965 463 1032 Scholion:
496 964 548 1029 αα1
582 969 687 1030 ταῦτα
719 965 844 1042 οὶπρεπη
878 964 1074 1027 διδάσκεσθαι
1103 962 1175 1041 πρὸς
1209 958 1360 1027 Μενελοέον
1379 957 1419 1022 τὸν

252 1072 445 1152 Τηλέμαχον
470 1073 631 1136 Ἐπαιτεῖν
656 1070 859 1157 (mendicare).
896 1066 945 1134 Of.
969 1068 1129 1134 Mnemos.
1156 1067 1254 1134 1873.
1276 1089 1345 1154 pag.
1368 1063 1393 1129 6.

297 1177 410 1265 Odyss.
437 1187 475 1243 0.
501 1174 555 1240 88.

412 1282 567 1361 βούλομαι
593 1280 648 1356 ἤδη
674 1283 790 1346 νεῖσθαι
816 1281 869 1362 ἐφ’
893 1280 1050 1361 ἡμέτερα,
1078 1319 1120 1330 -

412 1391 456 1468 μη
481 1386 590 1468 πατέρ’
614 1388 749 1453 οέντέθεον
772 1388 928 1468 διζήμενος
955 1387 1046 1460 αὐτὸς
1071 1386 1209 1472 θλοηιαι,

414 1497 431 1572 η’
456 1495 488 1560 τθ
510 1518 561 1572 μοι
587 1495 621 1558 ἐκ
645 1493 790 1573 μεγαρων
815 1494 972 1570 κειμήλιον
997 1492 1103 1558 ἐσθλὸν
1127 1492 1245 1568 θληται.

299 1599 462 1668 Scholion:
488 1601 582 1672 αὐτὸς
611 1598 786 1676 θλοιροαιε
819 1599 887 1664 dori
912 1605 966 1665 τοῦ
989 1599 1040 1664 τὸν
1064 1599 1132 1677 βίον
1157 1623 1215 1676 μον
1248 1594 1425 1664 ιὀπολέοοι.

254 1711 343 1772 τοῦτο
364 1708 394 1772 δέ
415 1707 623 1786 οέρνοθσαντές
643 1730 722 1778 τινες
743 1707 930 1785 προσέθηκαν
950 1705 1001 1770 τὸν
1021 1703 1101 1781 ἑξῆς.
1118 1726 1195 1770 nam
1207 1701 1425 1791 siclegendum.

255 1810 304 1880 Of.
329 1812 487 1879 Mnemos.
514 1811 613 1880 1873.
637 1833 713 1900 pag.
739 1810 770 1879 7.

414 1919 444 2005 (ἥ
468 1919 501 1985 τέ
524 1943 575 1996 μοι
598 1921 633 1982 έκ
657 1917 804 1996 μενοέροιν
829 1919 986 1994 κειμήλιον
1011 1917 1116 1982 έοθλθν
1140 1915 1264 1997 θληται)

253 2021 272 2088 d'
293 2025 336 2093 let
361 2023 586 2105 ομικρολθγον,
612 2026 650 2095 ὦς
679 2022 886 2103 Ἀριςοφοθνης
910 2026 1016 2103 φησίν.
1066 2023 1178 2111 Odyss.
1205 2033 1243 2089 Σ.
1271 2021 1344 2089 281.

598 2130 729 2208 γήθησεν
754 2129 785 2194 δέ
810 2131 971 2200 πολυτλοὶς
995 2131 1054 2202 δῖος
1079 2130 1248 2201 Ὀδυσσεύς

414 2231 522 2300 οὕνεκα
546 2238 605 2297 τῶν
631 2235 688 2310 μὲν
721 2236 824 2310 δῶρα
857 2236 1099 2311 παρέλκετο.

299 2339 464 2407 Scholion:
490 2340 612 2411 εὐτελές
636 2345 736 2405 τοῦτο.
764 2341 806 2406 διὸ
831 2341 884 2405 καὶ
911 2342 1063 2430 κεραύνιον
1087 2341 1255 2419 παρέθηκεν
1280 2336 1428 2421 ’Apsced-

254 2472 316 2519 νης.
362 2435 468 2526 θοντο
499 2445 641 2511 multum
672 2445 728 2512 ille
752 2448 860 2512 aberat
884 2448 923 2512 ab
946 2447 1137 2514 Homericae
1162 2451 1275 2514 aetatis
1299 2439 1429 2514 candore!

254 2555 470 2637 Antiquorum
494 2551 684 2636 simplicitas
707 2573 771 2618 non
794 2552 910 2636 fallax,
935 2575 998 2620 non
1019 2555 1143 2620 erudita
1164 2553 1298 2620 artificio
1319 2550 1431 2620 simula

253 2661 364 2734 tionis,
385 2659 466 2724 dona
486 2663 518 2724 et
537 2679 671 2723 munera
690 2679 753 2724 non
765 2661 873 2723 minus
884 2659 1030 2725 lubenter
1042 2663 1217 2746 accipiebat
1230 2682 1324 2745 quam
1338 2660 1431 2726 dabat:

254 2766 308 2832 sed
329 2767 540 2852 grammatico
560 2767 593 2828 in
619 2765 692 2830 aula
715 2769 804 2852 regia
828 2767 940 2850 opibus
965 2765 1105 2831 affluenti
1130 2767 1300 2830 νἰοοθεοοοιιιο
1322 2767 1433 2832 ridetur

253 2874 380 2958 regium
408 2875 560 2936 invenem
592 2891 611 2936 a
641 2892 717 2958 rege
749 2870 895 2936 Menelao
919 2873 1082 2936 mendicare
1106 2873 1223 2941 doceri.
1248 2875 1383 2937 iactaris
1402 2871 1433 2932 dr·
1502 2949 1503 2960 ἵ

255 2975 440 3044 adenrodae!
475 2976 597 3042 Metuit
628 2977 837 3042 Telemachus
866 2998 906 3043 ne
942 2997 1005 3062 qua
1036 2977 1098 3041 sibi
1128 2980 1267 3062 pretiosa
1288 2975 1434 3064 suppellex
1502 2969 1503 2974 ’

255 3086 350 3151 domo
382 3084 544 3149 auferatur
572 3078 608 3148 ac
640 3089 765 3167 pereat:
798 3084 918 3165 οιιριιιθέ
949 3085 1043 3147 animi
1073 3084 1303 3168 (ομικρολθνοο)
1328 3083 1434 3150 homini

254 3191 357 3256 aulico
380 3188 437 3255 ille
459 3195 565 3254 metus
591 3208 658 3253 esse
681 3184 819 3253 videtur.
859 3188 1065 3255 Ptolemaeus
1089 3191 1217 3273 quidem
1240 3191 1324 3256 nihil
1342 3193 1436 3256 huius·

254 3297 378 3363 cemodi
413 3295 588 3360 metuebat.
634 3293 792 3379 Penelope
825 3315 843 3360 a
872 3298 975 3380 procis
1005 3298 1088 3381 petit
1119 3318 1252 3364 munera
1282 3304 1315 3364 et
1346 3300 1359 3363 i
1390 3295 1435 3373 μὲν
1501 3331 1502 3336 ι

254 3403 426 3473 Ὀδυσσεὺς
450 3401 617 3477 ἐγήθησεν.
638 3401 652 3465 d
674 3401 705 3464 δέ
727 3399 933 3475 ἈριςοΦοένης
957 3402 1149 3481 δυσχεραίνει
1167 3410 1199 3469 et
1211 3405 1334 3474 εὐτελὲς
1346 3407 1434 3472 τοῦτο,

252 3511 367 3593 inquit.
400 3507 524 3578 εὐτελὲς
558 3506 595 3571 ἂν
621 3500 654 3579 ἦν
679 3508 707 3570 si
729 3506 764 3570 id
787 3506 937 3573 Berenice
962 3508 1069 3593 aliqua
1092 3514 1148 3573 aut
1171 3511 1303 3577 Arsinoe
1327 3511 1436 3576 fecisset

232 3602 397 3701 'Aegypti
424 3614 545 3700 regina.
594 3611 748 3677 Eiusdem
774 3616 899 3700 generis
925 3619 958 3678 et
982 3614 1021 3678 ab
1046 3615 1156 3679 eodem
1178 3617 1335 3700 prolectas
1357 3633 1438 3702 agno

253 3740 320 3785 sces
344 3728 375 3783 et
398 3719 492 3784 hasce
515 3719 783 3804 reprehensiones.
832 3718 945 3807 Odyss.
970 3731 1011 3784 A.
1038 3719 1113 3785 523.

355 3825 455 3903 αὐτὰρ
479 3819 524 3888 ὅτ’
550 3826 592 3896 εἰς
616 3820 712 3890 ἵππον
737 3827 983 3904 κατεβαίνομεν,
1009 3823 1039 3892 ὃν
1065 3826 1145 3904 κάμ’
1171 3826 1312 3907 Ἐπειός,

344 3930 491 4008 ’Λρνεέαν
515 3933 540 3996 οἱ
566 3931 682 4010 ἄριτοι,
707 3933 774 4006 ἐμοὶ
800 3933 827 3998 δ’
853 3933 904 3997 ἐπὶ
929 3932 1024 3997 πέντ’
1047 3933 1198 3999 ἐτέταλτο

357 4037 432 4111 ηαὲν
456 4025 622 4101 ἀνακλῖναι
648 4044 769 4103 πυκινὸν
794 4040 889 4120 λόχον
914 4041 959 4114 ἠδ’
984 4042 1143 4105 ε’πιθεῖναι.

300 4140 449 4207 Scholion
479 4143 518 4207 ad
550 4164 597 4207 vs.
633 4143 715 4208 525:
750 4148 973 4223 περιγραπτέον
1006 4149 1044 4216 ὡς
1076 4149 1210 4227 οὶπρεπιῖ.
1240 4148 1363 4225 θυρωροῦ
1386 4141 1438 4221 γὰρ

255 4247 351 4331 ἔργον.
397 4247 515 4314 Hercle
549 4251 584 4313 in
616 4248 794 4317 Ptolemaei
824 4254 915 4340 regia
943 4251 1008 4318 vile
1039 4258 1107 4318 erat
1135 4253 1276 4318 νὀιιίθοοὶο
1309 4253 1438 4318 ministe

252 4358 338 4422 rium
362 4358 492 4420 ianuam
518 4355 666 4421 claudere
688 4363 720 4422 et
743 4358 923 4436 recludere,
944 4360 998 4424 sed
1018 4359 1097 4438 alia,
1118 4362 1241 4444 opinor,
1266 4380 1316 4425 res
1336 4357 1438 4426 eratin
