3080 4972
698 223 759 278 xm

130 431 209 500 tulit
238 431 386 507 Platoni,
416 431 472 517 qni
501 433 634 518 putatur
662 430 779 498 dixisse
806 433 840 498 in
863 432 993 499 Μσιισιισ
1014 452 1088 522 pag.
1113 431 1198 501 941.
1222 431 1322 519 θρίδιθν

131 556 175 626 ἒςι
199 561 303 628 κακῶς
327 559 423 618 ποιεῖν
446 553 615 635 ἀνθρώπους
641 552 657 630 ἢ
683 548 727 620 εὖ.
751 553 790 620 ci.
815 555 853 620 de
879 554 941 640 Rep
978 574 1052 644 pag.
1078 553 1186 622 34811.
1211 553 1323 624 etos.

176 674 213 742 Si
236 677 309 762 quis
331 673 416 739 mihi
437 694 514 742 rere
534 673 613 740 haec
634 695 700 741 esse
720 677 922 754 concesserit,
943 695 1059 762 quaero
1077 697 1174 763 quem
1193 677 1323 744 tandem

131 819 225 865 nsum
248 795 474 863 Demosthenis
497 800 554 862 ant
571 795 716 863 Platonis
734 795 906 864 lectoribus
929 799 1055 884 ineptae
1077 798 1137 865 hee
1161 804 1193 866 et
1217 805 1324 886 aperte

131 919 302 986 mendosae
331 919 505 1005 scripturae
537 922 695 1003 praestare
725 914 867 1005 possint?
913 919 1025 985 Nonne
1047 919 1174 986 fetuum
1197 925 1246 987 est
1268 922 1326 988 nbi

131 1040 254 1128 liquido
285 1044 407 1107 constet
435 1038 683 1105 Demosthenem
713 1046 860 1122 συνερεῖν,
893 1039 1012 1118 ώμσσε,
1044 1045 1115 1127 ρρῑσν
1141 1044 1323 1128 scripsisse,

133 1163 285 1230 lectorem
325 1161 436 1228 dooere
476 1162 512 1226 in
551 1159 643 1227 libris
684 1160 893 1228 deterioribus
927 1162 1093 1246 συναίρειν,
1128 1163 1325 1245 ώμσλθγησε,

134 1285 231 1371 ῥᾴδιον
263 1303 329 1350 esse
359 1278 537 1368 scriptum?
583 1279 668 1348 Setis
701 1282 922 1350 huiuscemodi
956 1286 1151 1373 ineptiarum
1185 1306 1224 1352 ex
1258 1289 1327 1373 ipso

135 1407 250 1474 (lodice
272 1403 296 1471 S
319 1403 480 1490 pmletum
502 1402 676 1489 habemns,
699 1407 755 1490 qni
778 1425 875 1491 quam
894 1408 937 1471 sit
956 1409 1076 1493 passim
1096 1408 1220 1476 mendis
1239 1429 1327 1496 aper·

134 1530 268 1594 tissimis
301 1527 535 1593 contaminatus
566 1545 628 1591 non
658 1525 758 1592 semol
785 1526 824 1592 de
846 1526 1004 1594 industrie
1027 1528 1326 1599 demonstravimus.

135 1649 255 1716 l'amen
286 1651 362 1714 sunt
391 1648 447 1733 qni
479 1646 587 1713 dicant
617 1647 711 1712 omnic
736 1648 807 1714 citii
830 1655 974 1732 ιιιρσσίσιιι
996 1649 1082 1716 hunc
1103 1649 1225 1717 librum
1248 1673 1327 1720 esse.

135 1772 241 1838 Pauca
270 1770 356 1836 mihi
380 1768 459 1836 haee
481 1766 573 1836 vide:
596 1788 671 1856 peg.
697 1766 796 1835 1342.
824 1767 877 1836 19.
903 1773 937 1836 in
960 1769 983 1836 S
1006 1770 1145 1859 legitur:
1169 1774 1239 1846 τοὺς
1263 1774 1327 1840 δεν-

137 1892 276 1977 ρεσρθισισ
307 1887 549 1974 Φυλαξαμθνσνς
581 1889 789 1957 διασώσασθαι
819 1893 875 1969 σὺν
905 1891 1094 1972 ἐπιβουλήν,
1123 1914 1181 1981 pro
1206 1895 1276 1970 τοὺς
1302 1895 1329 1962 δ’

137 2015 179 2082 ἔνι’
196 2013 237 2096 ri
253 2038 298 2095 σῳ
313 2010 413 2096 σρθιιιρ
427 2049 470 2062 -
482 2011 657 2080 διώσασθαι.
691 2011 824 2079 Reislrio
840 2013 973 2082 debetur
989 2013 1170 2090 διώσασθαι,
1186 2022 1218 2084 et
1234 2038 1330 2106 supra

137 2137 279 2204 diximus
310 2133 502 2212 διεσωσάμην
533 2134 679 2220 frequens
709 2155 776 2201 esse
799 2136 834 2200 in
856 2134 948 2202 libris
970 2158 1028 2225 pro
1051 2136 1234 2219 διεωσώμην.
1280 2139 1329 2208 lix

137 2256 251 2327 (lodice
276 2258 305 2323 A
328 2256 457 2323 affertur
479 2254 505 2321 δ’
529 2255 600 2328 ἴσως
625 2253 774 2322 ἱώσιισθαι
797 2260 967 2346 nugatoria
990 2258 1095 2327 lectio.
1131 2259 1239 2328 Multa
1256 2266 1330 2328 sunt

135 2380 254 2446 indicia
284 2377 369 2443 nnde
391 2375 525 2465 colliges
547 2372 698 2444 Oodicem
722 2375 745 2443 S
768 2398 807 2443 ex
828 2377 910 2445 libro
933 2378 1113 2446 uncialibus
1136 2382 1236 2450 literis
1259 2403 1331 2450 exe·
1458 2401 1463 2414 ·

136 2505 203 2568 rato
239 2499 435 2584 descriptum
470 2517 536 2564 esse
571 2498 611 2564 ab
645 2497 775 2564 homine
809 2499 893 2566 nihil
928 2519 1038 2566 eornm
1070 2523 1150 2588 quae
1181 2505 1331 2572 scriberet

135 2621 348 2710 intelligente.
394 2619 475 2707 Peg.
508 2616 586 2685 313.
616 2617 647 2685 4.
679 2616 737 2688 oisc
766 2618 844 2698 μηδὲ
874 2619 945 2696 τοὺς
980 2621 1104 2705 ἐχθροὺς
1129 2624 1210 2705 decia
1234 2628 1273 2699 ώι
1297 2629 1330 2693 οὔ

136 2743 222 2811 καλώ
254 2741 292 2822 γ’
324 2740 359 2820 ἦν
388 2737 411 2809 ἃ
436 2741 618 2824 πραειλθαιιν
644 2742 809 2825 ἐπιχειρεῖν
833 2731 946 2823 λέγειν.
994 2743 1143 2813 Habebat
1165 2749 1268 2816 scribe
1292 2750 1331 2816 ob

136 2865 243 2935 oculos
267 2863 817 2947 ΩΕΟΤΚΑΛΑΓΗΝΑΠρσειλθμην
841 2864 991 2952 deditque
1014 2867 1052 2940 ώε
1078 2869 1131 2933 οὐκ
1150 2871 1332 2951 ώλλανῆνιιι

136 2986 330 3072 προειλόμην.
376 2985 414 3052 In
447 2986 594 3053 Midioen
627 3005 701 3075 pag.
737 2984 815 3054 531.
851 2984 908 3054 29.
939 2989 974 3052 in
1004 2989 1130 3056 oraculo
1165 2991 1334 3061 Dodonaeo

135 3110 321 3200 legebatur:
353 3116 778 3175 KA16A61NT61NM1AN
799 3146 841 3158 -
864 3116 1055 3176 ΗΜΕΡΑΝ.
1102 3109 1213 3180 Scribe
1242 3117 1277 3181 in
1310 3114 1334 3182 S

139 3231 226 3299 dedit
262 3230 316 3296 καὶ
352 3229 509 3296 θλεεινώειν
541 3228 619 3310 μθαν
654 3228 780 3314 inipso.
827 3226 953 3299 (laeteri
987 3246 1178 3300 consecrarat
1212 3235 1334 3304 scilicet

62 3349 68 3357 ’
138 3355 239 3440 inepti
271 3351 368 3418 ἐλεεῖν
393 3350 482 3418 θώειν.
529 3352 661 3418 Acutior
683 3373 767 3418 unns
790 3353 824 3418 in
847 3351 874 3418 B
896 3374 1012 3421 verum
1035 3354 1119 3423 vidit
1142 3361 1174 3423 et
1197 3381 1248 3440 γρ.
1274 3357 1334 3426 θλι-

139 3475 216 3543 νώειν
248 3475 285 3540 in
314 3476 461 3563 margine
493 3472 670 3561 edscripsit.
718 3472 802 3554 Quid
833 3494 871 3540 eo
901 3475 1031 3542 homine
1061 3476 1159 3543 facias
1182 3481 1238 3564 qni
1260 3500 1333 3570 pag.

140 3596 216 3665 980.
249 3593 307 3662 25.
337 3597 372 3662 in
401 3595 507 3664 verbis
537 3575 637 3661 καθσσι
668 3602 1007 3664 ΤΟΟΟΤΤΟΤΔΕΙΟ
1039 3597 1124 3664 tatae
1149 3600 1227 3677 τινὸς
1251 3600 1336 3682 eboc

142 3716 236 3798 elect,
261 3718 343 3784 serio
366 3715 489 3783 dederit
511 3717 545 3782 in
569 3715 592 3782 S
610 3716 731 3783 σσσσώσ’
752 3713 869 3790 σθδεθς1
915 3716 987 3784 Non
1004 3717 1231 3809 intelligebant
1251 3726 1338 3792 enim

145 3839 296 3909 Graeculi
318 3837 395 3925 quid
419 3843 501 3907 esset
523 3838 668 3906 σοσσθσσν
693 3840 753 3913 δεῖς
777 3836 861 3916 ώξισι
885 3834 964 3905 εἶναι
987 3841 1027 3907 oi.
1051 3842 1130 3910 Noc.
1149 3845 1244 3912 cccc.
1263 3866 1338 3936 pag.

149 3960 223 4029 528.
251 3961 334 4051 Peg.
365 3959 441 4028 615.
466 3959 496 4028 7.
522 3961 657 4047 tereste
681 3962 733 4028 καὶ
758 3970 858 4044 κλοπῇ
884 3960 935 4028 καὶ
959 3971 1060 4029 unct
1083 3973 1188 4033 TOIC
1208 3967 1340 4035 δεινσσώ·

146 4107 205 4158 ισις
228 4083 292 4155 irio
315 4081 432 4166 θνσχσι.
477 4081 540 4150 Pro
563 4092 664 4150 neci
688 4091 791 4150 Totc
815 4080 838 4148 S
863 4082 1020 4158 σιιεθσσσιι
1042 4084 1130 4152 dedit
1149 4088 1217 4154 sine
1235 4110 1338 4158 sensu.

148 4201 198 4272 Sit
226 4205 305 4274 aHbi
336 4212 510 4272 nAemN
529 4241 570 4256 -
590 4212 760 4272 ΗΔΕΙΩΝ
783 4239 825 4254 -·
846 4212 1018 4273 HAemN
1050 4208 1287 4279 oonfimdunttlr
1308 4219 1342 4281 et

148 4329 352 4396 nnetc't'm
366 4363 409 4378 -
423 4333 610 4396 Helenor.
657 4327 740 4415 Peg.
765 4324 864 4396 1152.
891 4325 922 4396 ’7.
947 4327 1022 4396 Set
1042 4349 1154 4398 omnes
1174 4332 1343 4418 exhibent:
