3080 4972
803 235 846 308 40

755 430 832 518 Gap.
856 431 913 497 ΠΙ.

629 652 747 711 ΚΑΤΑ
772 654 980 710 ΦΙΛΙΠΠΟΤ
1006 654 1046 709 Δ.

287 859 367 948 Pag.
402 858 477 925 142.
512 857 564 923 18.
596 859 662 937 ἐμοὶ
694 859 757 941 γὰρ
789 858 883 930 οὐδεὶς
916 855 1011 931 οὕτως
1035 855 1139 931 ἄθλιος
1164 855 1226 921 οὐδ’
1253 856 1328 933 ὠμὸς
1349 847 1413 918 εἶναι
1514 833 1516 906 1

244 967 326 1033 δοκεῖ
358 968 413 1042 τὴν
449 966 592 1044 γνώμην,
625 962 728 1030 οὔκουν
760 964 926 1040 Ἀθηναίων
959 990 1019 1042 γε,
1056 959 1154 1052 [οἶμαι
1186 965 1262 1028 ἀλλ’
1285 959 1414 1026 00010ον
1513 955 1515 1018 ᾗ

243 1073 363 1159 ἄλλων]
402 1068 460 1138 dise
494 1072 658 1137 avariciae
694 1076 800 1136 rubra
832 1069 1058 1149 λαμβάνοντας
1092 1072 1160 1149 ὁρῶν
1192 1071 1263 1141 τοὺς
1293 1065 1416 1145 dedecor.

246 1178 349 1258 Quam
380 1179 522 1263 primum
553 1176 726 1242 absurdum
758 1177 918 1244 emblema
949 1199 1106 1266 expunge.
1154 1175 1280 1242 Mirum
1301 1194 1359 1239 non
1378 1171 1417 1236 vi·
1513 1183 1515 1220 ⁴

246 1285 328 1350 disse
351 1283 497 1348 Editores
519 1283 596 1348 haec
620 1282 760 1348 adversis
782 1283 941 1349 frontibus
963 1287 1047 1349 inter
1070 1305 1103 1349 se
1125 1303 1280 1370 pugnare.
1322 1278 1419 1344 Orator
1514 1271 1515 1304 r

246 1392 285 1456 de
309 1389 458 1456 omnibus
475 1389 661 1455 hominibus
681 1389 714 1453 id
735 1390 837 1455 dicere
856 1392 1056 1467 instituerat,
1078 1390 1191 1455 sedne
1210 1389 1312 1452 nimia
1330 1385 1418 1449 dicere

245 1495 425 1572 videretur,
438 1495 479 1560 ad
493 1494 575 1560 solos
588 1495 796 1560 Athenienses
807 1496 888 1561 hanc
900 1496 1109 1583 benignitatis
1121 1493 1251 1560 laudem
1263 1489 1418 1557 revocavit.

246 1599 438 1686 Supervenit
470 1607 580 1686 postea
613 1600 712 1667 lector
747 1601 879 1687 aliquis,
916 1601 1048 1666 candida
1081 1603 1204 1677 anima,
1239 1618 1301 1684 quo
1329 1593 1420 1661 iudice
1513 1657 1514 1660 ,

245 1707 303 1774 1110
325 1708 395 1773 1000
419 1708 568 1773 omnibus
590 1707 775 1772 hominibus
798 1709 958 1794 impertiri
982 1707 1125 1773 debebat.

291 1889 328 1956 In
347 1893 469 1976 optimo
489 1889 512 1956 S
531 1911 594 1956 non
613 1894 661 1956 est
679 1890 776 1954 huius
795 1890 1005 1956 additamenti
1023 1910 1081 1954 nec
1095 1888 1237 1955 volanec
1249 1886 1420 1973 vestigium·
1514 1879 1516 1882 ¹

291 2071 407 2138 Mirari
436 2072 522 2137 soleo
551 2092 648 2157 quam
678 2091 791 2155 parum
821 2070 967 2144 Editores
999 2071 1033 2134 in
1055 2071 1239 2134 testimonio
1265 2060 1422 2134 CodicisS
1513 2117 1514 2158 .

245 2176 299 2243 vel
328 2176 524 2243 admittendo
554 2177 607 2243 vel
629 2197 692 2242 non
714 2174 912 2242 admittendo
936 2175 998 2240 sibi
1023 2179 1175 2240 constent.
1224 2173 1321 2239 Modo
1344 2171 1419 2236 enim

248 2281 399 2348 lectiones
429 2284 597 2349 manifesto
623 2285 772 2360 vitiosas,
805 2302 884 2366 quae
915 2283 949 2345 10
979 2280 1044 2346 0010
1076 2278 1098 2345 S
1130 2279 1293 2357 feruntur,
1325 2273 1424 2360 cupide
1513 2287 1514 2320 ³

248 2391 420 2474 recipiunt,
445 2390 540 2455 modo
564 2391 752 2474 scripturas,
778 2408 856 2473 quae
879 2407 988 2452 omnes
1012 2386 1131 2451 habent
1153 2405 1302 2450 numeros
1324 2383 1425 2449 verita-
1514 2461 1515 2480 Χ

249 2497 308 2571 010,
340 2515 358 2558 0
391 2491 505 2560 Codice
535 2494 658 2560 oblatas
680 2499 896 2579 aspernantur.
943 2491 1118 2577 Utriusque
1141 2493 1253 2558 erroris
1276 2487 1426 2574 complura

250 2599 395 2684 exempla
417 2600 499 2664 infra
524 2600 731 2685 proferemus.
1514 2595 1515 2612 ¹

294 2706 401 2771 Etiam
433 2707 524 2790 peius
559 2710 607 2770 est
639 2726 740 2790 quum
774 2704 882 2769 futilia
917 2703 1127 2780 emblemata,
1162 2706 1261 2769 etiam
1293 2724 1330 2769 ea
1358 2718 1426 2785 quae

249 2817 356 2896 aperte
375 2832 449 2877 cum
468 2810 690 2876 Demosthenis
709 2813 865 2876 sententia
884 2816 1047 2896 pugnant,
1065 2830 1261 2895 quamquam
1272 2812 1307 2873 in
1318 2810 1427 2893 optimo

250 2920 331 2982 teste
350 2937 506 3002 nusquam
526 2922 725 3003 comparent,
746 2921 855 2982 tamen
875 2918 1079 3002 pertinaciter
1096 2920 1132 2980 ut
1151 2916 1211 2981 hoe
1228 2916 1298 2982 loco
1313 2917 1429 2981 haerere

250 3022 409 3088 videmus.

294 3203 510 3270 simillimum
531 3205 607 3270 huic
630 3204 886 3270 additamentum
909 3203 1031 3269 latebat
1053 3204 1135 3289 apud
1160 3203 1323 3270 Iulianum
1347 3205 1374 3268 ἕν
1394 3199 1429 3280 τῷ
1516 3135 1518 3280 l

250 3311 444 3390 μνσνπώγωνν
467 3332 539 3399 pag.
568 3307 643 3375 337.
668 3329 698 3375 Β.
723 3310 789 3386 ἐμοὶ
816 3310 847 3374 δὲ
867 3297 1056 3389 0000000000εο
1075 3309 1089 3373 ὁ
1110 3309 1198 3388 νόμος
1219 3311 1270 3374 ἐντ’
1291 3309 1428 3388 ὀνόματος
1515 3321 1518 3476 p

250 3417 363 3501 [ὥσπερ
396 3412 482 3496 cluat
513 3416 566 3482 001
590 3424 654 3488 τοῖς
679 3413 787 3488 ἄλλοις
812 3413 944 3504 ἅπασιν]
972 3417 1141 3482 eiciendas.
1188 3417 1300 3484 Nonne
1323 3415 1430 3501 perspl—
1515 3413 1516 3418 ’

168 3605 169 3608 ¹
192 3537 195 3542 “
249 3545 347 3606 cuum
371 3530 418 3590 est
442 3525 520 3589 duos
543 3524 596 3588 hic
618 3523 765 3588 homines
788 3520 899 3608 100011

295 3705 374 3792 Peg.
401 3704 476 3770 142.
502 3704 554 3770 24.
581 3699 655 3770 irae
677 3705 712 3771 00
736 3704 799 3770 ἀπὸ
823 3711 881 3771 τῶν
906 3711 1006 3769 κοινῶν
1030 3703 1093 3776 ἔθος
1118 3704 1167 3769 ἐπὶ
1192 3705 1234 3770 τὰ
1259 3707 1320 3771 tac
1341 3725 1430 3784 μετνν-

250 3811 442 3892 βιβάζοντας
475 3810 561 3890 ὁρῶσί
590 3835 677 3884 τινας
710 3811 761 3877 καὶ
794 3811 899 3890 μέγαν
930 3812 986 3889 μὲν
1017 3809 1090 3875 ὄντα
1123 3813 1197 3892 παρ’
1230 3813 1302 3890 ὑμῖν
1333 3810 1430 3878 εὐθέως

251 3919 302 3983 νόν
326 3918 478 3995 λέγοντα,
504 3915 655 3984 ἀθάνατον
678 3918 704 3981 δ’
730 3914 805 3983 ἕνεκ’
830 3917 1030 4001 despectrice,
1055 3918 1161 3998 ἕτέρνιν
1182 3919 1212 3984 δὲ
1232 3919 1288 3994 τὴν
1308 3916 1431 3995 0001βὸον

250 4033 357 4107 ψῆφον
383 4028 435 4088 τοῦ
459 4030 596 4105 φανερῶς
621 4025 757 4103 θορύβου.
805 4023 1018 4089 Perdiderunt
1039 4024 1146 4090 oleum
1170 4031 1202 4090 et
1225 4045 1350 4111 operam
1371 4044 1431 4088 om·

250 4154 322 4209 nes,
358 4133 413 4217 qui
435 4130 521 4195 hunc
542 4128 650 4194 locum
673 4132 875 4216 interpretari
897 4133 1003 4196 000001
1024 4136 1109 4195 sunt.
1156 4133 1236 4196 Atra
1258 4137 1348 4197 noete
1369 4149 1430 4214 pre-

249 4243 383 4304 muntur
405 4239 512 4303 omnia
534 4240 661 4320 propter
683 4238 779 4300 unius
798 4235 947 4303 vocabuli
963 4235 1087 4320 labem,
1108 4257 1206 4321 quam
1226 4240 1255 4302 si
1274 4235 1432 4302 sustuleris

249 4345 307 4412 lux
337 4347 406 4413 erit.
453 4341 614 4408 linenda:
646 4341 699 4406 καὶ
730 4341 835 4421 μέγαν
867 4343 922 4422 μὲν
954 4341 1028 4407 ὄντα
1047 4323 1133 4425 1000
1166 4343 1237 4423 ὑμῖν
1260 4342 1362 4417 εὐθέως
1385 4340 1432 4406 0ον
