3034 4968
737 207 783 282 76

218 399 326 468 Etiam
358 402 436 468 alibi
466 404 510 468 sio
539 403 658 470 scribae
690 403 774 488 apud
805 401 1054 468 Demosthenem
1083 405 1272 486 peccarunt,
1297 392 1365 466 vid.

172 530 245 596 pag.
272 507 449 590 lotias.
473 514 505 573 et
527 530 600 596 pag.
628 507 726 573 1281.
748 508 802 572 26.
827 509 883 572 ubi
905 529 962 594 pro
986 505 1083 586 ἕτερον
1109 508 1256 585 ἐγκαλεῖν
1281 507 1365 571 οὐδὲν

172 612 315 694 ἔχοντες,
343 613 365 678 S
389 615 477 679 dedit
500 614 604 693 ἑτέραν
624 615 694 679 τινόι
715 612 813 687 ἄλλο,
835 605 871 679 ¹et
891 612 973 678 alius
994 610 1090 694 ἕτερόν
1114 637 1143 677 τι
1165 612 1261 690 ὀολλο,
1284 632 1366 697 quae

171 725 286 786 merito
308 741 402 786 nemo
430 724 563 787 curavit.

216 935 294 1021 Pag.
321 931 397 998 198.
423 930 475 996 23.
498 931 630 1015 (πόλεις)
658 933 731 1012 ὑπὲρ
755 927 792 996 ὧν
814 931 946 1002 πολλοὺς
968 931 1147 1016 [κινδύνους]
1172 929 1224 996 καί
1246 933 1364 1002 καλοὺς

172 1043 298 1114 σὀνῶνας
324 1041 350 1103 οἱ
375 1040 446 1102 κατ’
471 1037 597 1108 ἐκείνους
622 1037 691 1108 τοὺς
715 1037 841 1118 χρόνους
860 1038 1010 1113 Ἕλληνες
1031 1039 1221 1113 ἐποιήσαντο.
1247 1038 1364 1103 Nescio

170 1146 254 1210 unde
284 1145 459 1210 molestum
491 1148 523 1208 et
554 1146 775 1227 importunum
804 1143 952 1217 κινδύνους
984 1149 1097 1209 natum
1129 1146 1188 1222 sit,
1222 1144 1277 1208 sed
1303 1144 1364 1209 hoo

171 1255 235 1317 seio
259 1254 326 1316 sine
348 1271 439 1316 mora
462 1271 528 1315 esse
553 1250 818 1337 expungendum,
842 1255 880 1315 ut
900 1254 1132 1338 coniungantur
1151 1249 1287 1322 πολλοὺς
1308 1251 1362 1315 καί

170 1357 285 1427 καλοὺς
317 1359 455 1435 οίχῶνας.
504 1355 694 1420 Rectissime
725 1359 811 1421 enim
843 1357 961 1422 dieitur
983 1357 1134 1421 ποιεῖσθαι
1156 1358 1283 1435 οίγῶνα,
1307 1357 1365 1422 sed

170 1463 300 1528 κίνδυνον
323 1463 472 1534 ποιεῖσθαι
495 1461 577 1526 nihil
600 1467 657 1527 est.

214 1676 294 1762 Pag.
318 1673 393 1739 200.
421 1671 451 1739 7.
478 1675 569 1754 ε’χρῶν
593 1673 778 1754 γαρ-τίον
802 1676 899 1749 αὐτὴν
923 1672 1008 1755 ἔχειν
1032 1673 1164 1739 διοίνοιαν
1189 1676 1271 1753 ὑμῶς
1293 1675 1364 1755 περὶ

169 1791 224 1858 τῆς
249 1783 278 1845 ε’ν
299 1791 336 1864 τῇ
357 1781 498 1864 πολιτεία
518 1779 636 1857 τοίξεως
659 1777 748 1859 ἥνπερ
769 1781 835 1859 περί
858 1788 912 1854 τῆς
934 1781 963 1844 ἒν
982 1788 1054 1853 ταῖς
1075 1782 1233 1861 ςρατείαις
1255 1779 1364 1860 έχετε.

168 1889 215 1961 τίς
240 1886 289 1955 οὖν
321 1887 382 1955 ε’ςίν
413 1882 508 1964 adom
543 1889 630 1961 ὑμεῖς
663 1887 714 1951 τόν
746 1895 920 1951 ΛΘΙποντα
950 1887 1005 1959 τὴν
1037 1885 1095 1950 ὑπὸ
1119 1891 1172 1950 τοῦ
1200 1889 1365 1968 ςρατνγοῦ

168 1993 257 2071 τοίξιν
287 1995 461 2073 ταχθεῖσαν
494 1991 605 2068 ίίτιμον
642 1991 736 2056 οίεσόε
770 1995 930 2071 προσήκειν
960 1989 1036 2057 εἶναι
1068 1991 1119 2057 καί
1150 1993 1277 2070 μηδενὸς
1301 2002 1366 2060 τῶν

168 2102 266 2165 κοινῶν
305 2099 462 2177 μετέχειν.
509 2106 589 2162 ΧΡΗ
621 2098 717 2162 τοίνυν
749 2097 801 2162 καί
837 2099 906 2172 τοὺς
939 2099 994 2170 τῶν
1026 2100 1084 2163 ὑπὸ
1116 2099 1173 2164 τῶν
1205 2098 1366 2180 προχόνων

167 2203 257 2280 τοίξιν
291 2205 320 2268 έν
351 2213 389 2286 τῇ
414 2204 558 2286 πολιτεία
582 2212 771 2276 ΛΕΙποντας
797 2199 858 2268 καίΙ
876 2204 1124 2282 πολιτευομένους
1148 2206 1364 2286 ὀλιγαρχικῶς

168 2312 298 2390 οότίμους
330 2315 383 2375 τοῦ
415 2309 640 2387 συμβουλεύειν
672 2311 743 2386 ὑμῖν
775 2312 879 2384 αὐτοῖς
901 2313 1061 2377 ποιεῖσόοιι.
1108 2321 1199 2378 ΝΤΝ
1232 2312 1263 2378 δέ
1292 2315 1363 2381 κτὲ.

165 2417 272 2483 Faoile
305 2421 353 2482 est
376 2416 415 2481 ad
434 2415 695 2508 ‘intelligendum
720 2417 868 2482 ΛΙτόντα
892 2420 945 2492 τὴν
970 2416 1058 2494 τοίξιν
1079 2419 1143 2483 diei
1166 2419 1295 2494 debere,
1319 2426 1364 2485 ut

166 2526 259 2606 ῥίψας
291 2525 345 2596 τὴν
374 2523 513 2596 annito,
548 2523 720 2599 ἀποβαλὼν
751 2527 793 2588 τοὶ
820 2520 904 2588 ὀπλα
937 2529 969 2589 et
992 2527 1064 2589 sim.
1088 2523 1248 2589 Dicuntur
1270 2526 1364 2590 enim

166 2632 243 2696 haee
275 2629 313 2694 de
343 2631 384 2693 iis
414 2631 469 2713 qui
491 2630 647 2713 praesidio
678 2637 842 2708 οοοοοικικό,
876 2630 1025 2717 elypeum
1057 2631 1243 2706 obiecerunt,
1267 2649 1364 2696 arma

165 2737 343 2814 οιαίοονιινιί,
375 2755 438 2800 non
470 2736 508 2799 de
540 2756 575 2800 eo
600 2741 742 2822 tempore
766 2757 828 2821 quo
852 2739 922 2821 quis
947 2737 1103 2822 praesidio
1125 2736 1220 2813 cedit,
1245 2735 1364 2800 abiicit

166 2845 312 2929 οίρροννι,
346 2863 435 2908 arma
462 2842 582 2905 amittit.
629 2842 812 2907 Haerebant
843 2842 973 2907 fortasse
1006 2843 1040 2905 in
1070 2862 1134 2926 sqq.
1163 2841 1232 2912 τοὺς
1257 2841 1311 2914 τῶν
1338 2877 1362 2890 -

166 2945 256 3023 τοίξιν
278 2948 442 3018 λείποντας
464 2947 515 3013 καί
537 2946 797 3024 πολιτευομένους.
831 2948 903 3014 Non
922 2948 1100 3013 sentiebant
1122 2950 1208 3013 enim
1229 2969 1267 3012 ex
1286 2949 1363 3032 ipsa

166 3057 213 3120 rei
232 3060 345 3120 natura
363 3055 506 3118 norisium
526 3075 599 3119 oum
612 3069 771 3136 praesente
789 3059 914 3136 tempore
934 3074 1016 3117 nuno
1036 3055 1181 3138 componi
1200 3053 1360 3120 debuisse.

166 3161 323 3245 Loquitur
353 3163 438 3226 enim
472 3160 510 3224 de
541 3161 581 3224 iis
606 3160 662 3243 qui
684 3158 826 3228 λιτόντες
850 3161 905 3234 τὴν
928 3157 1017 3235 τοίξιν
1040 3161 1248 3240 ὀλιγαρχικῶς
1269 3174 1363 3224 πολι-

166 3260 318 3332 τεύονται.
365 3268 532 3340 Praeterea
566 3267 635 3350 ipsa
670 3267 955 3351 argumentationis
989 3267 1070 3330 ratio
1106 3269 1138 3330 et
1173 3266 1361 3350 oppositum

165 3382 256 3440 NTN
291 3373 323 3438 δέ
357 3372 521 3458 postulant
552 3374 588 3435 ut
619 3391 675 3456 pro
708 3380 787 3434 XPH
819 3370 916 3435 τοίνυν
946 3370 1171 3456 imperfectum
1202 3370 1359 3434 ’eXPHN

165 3484 360 3546 rest'tuatur.
408 3543 409 3548 ,

212 3585 303 3665 Quod
327 3584 476 3648 continuo
507 3584 668 3667 sequitur:
703 3587 752 3646 νῦν
784 3581 814 3647 δὲ
845 3589 903 3646 τῶν
928 3581 984 3659 μὲν
1007 3581 1187 3661 σνμμιίχων
1210 3583 1279 3653 τοὺς
1303 3580 1360 3646 τὸν

167 3689 260 3756 αὐτὸν
292 3689 397 3770 ἐχίρόυ
431 3689 482 3753 καί
515 3690 608 3767 Φίλον
642 3688 713 3765 ὑμῖν
745 3687 945 3767 ὀμωμοκότας
976 3688 1115 3769 νομίζετε
1138 3680 1357 3765 εὐνονεοίτους,

167 3803 225 3862 τῶν
258 3796 288 3860 δέ
322 3793 561 3872 πολιτευομένων
592 3789 639 3864 οὓς
671 3793 717 3861 ίςε
750 3801 859 3872 σαφῶς
893 3793 962 3866 τοὺς
994 3801 1050 3868 τῆς
1081 3792 1197 3866 πόλεως
1230 3793 1359 3873 ε’χόροὺς

167 3900 328 3986 ᾑρημένους
359 3887 484 3972 τούτους
516 3900 698 3972 πιςοτοίτους
732 3897 865 3978 ἡγεῖσθε.
913 3901 1004 3966 Aeris
1035 3922 1070 3965 ao
1092 3901 1265 3965 vehemens
1287 3920 1360 3964 sen-

166 4010 267 4076 tentia
285 4006 400 4072 lacuna
415 4005 546 4071 laborat.
585 4005 686 4091 Periit
705 4008 856 4085 verbum,
878 4007 962 4072 unde
981 4006 1159 4091 pendebant
1183 4007 1360 4072 accusativi

166 4117 217 4183 τὸν
242 4113 334 4179 αὐτὸν
369 4112 473 4193 ἕχόρόν
506 4111 557 4176 καί
588 4111 688 4190 Φίλον.
739 4112 828 4178 Olim
860 4111 993 4178 Wolfius
1027 4113 1160 4177 coniecit
1189 4115 1260 4197 post
1284 4111 1360 4188 ὑμῖν

167 4222 318 4290 excidisse
342 4217 429 4297 ἕξειν.
466 4219 539 4284 Alio
562 4219 695 4285 meliore
718 4221 813 4286 verbo
837 4224 904 4284 erat
926 4218 1083 4283 utendum
1132 4217 1283 4283 Nondum
1302 4237 1359 4282 me

166 4330 306 4418 poenitet
329 4326 525 4412 supplevisse
548 4325 599 4390 τὸν
622 4324 714 4390 αὐτὸν
745 4326 851 4408 ἐχόρόν
875 4325 928 4389 καί
952 4326 1044 4408 Φίλον
1069 4325 1141 4403 ὑμῖν
1164 4330 1358 4389 ΝΟΜΙΕΙΝ
