3080 4972
718 217 753 264 11

180 420 356 487 ποιεῖσθΑΙ.
380 418 580 494 ποιήσεσθΑΙ.
600 419 795 494 cecinerim
812 455 851 468 -
866 421 1020 489 astricte.
1040 423 1219 498 reticente.
1244 421 1328 500 ποιιὶ·

138 543 250 610 narde,

179 664 285 744 Quum
318 665 360 728 sit
395 663 504 729 eadem
537 665 710 730 formarum
741 667 879 734 varietas
904 669 938 732 in
964 688 1153 754 unoquoque
1175 670 1273 736 verbo
1296 673 1329 736 et

137 791 258 852 tantum
284 806 346 851 non
368 786 488 870 ubique
513 807 587 851 vera
610 785 705 852 lectio
729 791 894 874 perspicua
917 795 949 855 et
972 795 1057 855 certa
1079 794 1139 866 sit,
1163 791 1256 858 facile
1279 796 1328 858 est

137 909 172 973 ad
200 905 452 996 intelligendum
483 912 634 992 quantam
659 911 816 974 sentinam
839 911 981 976 sordium
1005 917 1037 977 et
1058 914 1250 998 ineptiarum
1276 914 1327 979 his

138 1031 265 1097 abiectis
288 1029 499 1095 exhausturus
523 1032 576 1096 sis.
613 1030 745 1096 Accedit
768 1030 852 1117 quod
876 1033 993 1100 formas
1011 1036 1095 1099 inter
1113 1054 1146 1101 se
1165 1036 1326 1100 miscendo

136 1153 272 1219 multam
308 1153 487 1218 barbariem
521 1155 662 1241 gignunt
696 1153 888 1233 σιεισῶμεθιι,
926 1153 1109 1242 Φεύξωμοιι,
1141 1154 1327 1238 ἀφέξομαι,

138 1274 282 1358 triturat,
307 1275 401 1358 λήσρ,
428 1274 560 1353 λύσωσι,
587 1274 650 1340 alia
672 1280 835 1361 sexcenta,
861 1297 940 1362 quae
963 1299 1063 1363 neque
1086 1279 1204 1344 scribas
1226 1299 1328 1364 neque

137 1401 322 1464 correctores
354 1397 523 1462 offendunt.
571 1395 608 1462 In
640 1398 690 1463 his
722 1399 870 1464 omnihus
899 1401 1003 1487 igitur
1024 1402 1119 1485 periti
1140 1399 1267 1466 lectoris
1289 1398 1329 1464 li-

137 1521 207 1584 bera
243 1520 331 1604 optio
367 1522 431 1596 est,
467 1524 499 1583 et
534 1519 611 1604 quid
645 1521 688 1584 sit
722 1521 840 1606 ubique
872 1543 984 1587 verum
1016 1543 1055 1587 ex
1085 1521 1222 1609 singulis
1248 1520 1326 1587 locis

136 1641 254 1726 liquido
291 1639 465 1728 colligitur.
514 1639 598 1720 Quid
634 1661 709 1729 ergo
744 1645 859 1708 attinet
893 1645 973 1708 scire
1007 1643 1083 1728 quid
1118 1642 1326 1710 dormitantes

137 1764 253 1828 scribae
287 1764 322 1826 in
353 1759 451 1827 Godd.
483 1763 522 1828 A.
553 1761 592 1827 B.
624 1758 658 1829 G.
683 1762 726 1830 D.
752 1762 789 1828 Ε.
814 1763 849 1828 F.
875 1761 915 1829 G.
941 1767 997 1828 aut
1019 1763 1161 1828 dederint
1183 1769 1239 1828 aut
1262 1781 1323 1827 non

138 1881 301 1950 dederint?
347 1883 385 1948 ln
416 1883 560 1948 Midicca
592 1882 714 1972 legitur
743 1904 815 1971 pag.
851 1882 926 1949 579.
960 1881 1013 1948 28.
1045 1883 1100 1960 ἐμὲ
1135 1882 1230 1948 οἴεσθε
1255 1881 1328 1960 ὑμῖν

138 2007 292 2082 εἰσοίσειν,
329 2006 416 2083 ὑμεῖς
451 2005 481 2069 δὲ
521 2007 687 2082 νεμεῖσθθς
724 2006 780 2084 ἐμὲ
814 2009 1060 2088 τριηραρχήσειν,
1099 2006 1186 2084 ὑμεῖς
1221 2005 1246 2070 δ’
1273 2005 1327 2070 οὖν

138 2129 341 2206 ἕμβιὶσεσθθς
378 2126 430 2192 Sic
461 2147 570 2193 omnes
602 2127 641 2192 ed
668 2149 769 2193 unum
793 2130 909 2213 optimi
932 2131 1079 2214 pessimi:
1103 2133 1190 2194 estne
1214 2146 1328 2212 quaeso

135 2252 319 2316 testimonio
352 2270 431 2334 opus
461 2253 499 2313 ut
530 2254 613 2314 certo
637 2251 717 2315 scias
739 2251 905 2327 νεμεῖσθΑΙ
931 2255 963 2316 et
987 2250 1190 2329 iudicarint
1212 2247 1328 2314 Domo·

137 2373 280 2438 sthenem
317 2367 455 2437 dixisset
500 2369 594 2437 Solus
630 2376 738 2437 contra
771 2378 880 2457 peccat
916 2370 939 2437 S
969 2393 1043 2460 pag.
1076 2369 1151 2436 130.
1186 2367 1216 2433 4.
1249 2368 1274 2434 εἴ
1299 2367 1326 2432 δ’

137 2493 228 2559 οἴεσθε
255 2491 432 2562 Χοιλκιδέοιε
456 2493 511 2566 τὴν
537 2493 678 2558 Ἐλλάδα
703 2498 828 2572 σώσειν,
855 2495 942 2573 ὑμεῖς
965 2492 992 2558 δ’
1016 2492 1252 2572 accordante,
1274 2491 1328 2556 circ

137 2616 219 2697 ὀρθῶς
247 2615 352 2680 οἴεσθε.

182 2738 341 2804 Similiter
363 2741 438 2802 sunt
460 2740 493 2802 in
517 2738 665 2802 omnibus
688 2739 834 2803 omnium
859 2735 1028 2803 Oodioibus
1051 2741 1154 2803 certae
1173 2735 1329 2821 quaedam

138 2867 168 2926 et
198 2865 371 2947 perpetuae
401 2860 572 2925 verborum
596 2859 809 2936 confusiones,
833 2860 889 2924 ubi
912 2879 1005 2926 nemo
1028 2863 1182 2944 punctum
1207 2861 1330 2941 tempo·

138 2985 179 3047 ris
210 2984 248 3048 de
276 3003 352 3048 vera
375 2981 510 3048 lectione
534 2982 710 3058 dubitabit,
737 2980 792 3047 sed
814 2982 985 3048 mirabitur
1007 2985 1135 3045 tantum
1158 2979 1275 3045 scribas
1298 2982 1330 3043 et

139 3109 324 3170 correctores
360 3103 443 3168 nihil
476 3106 606 3169 omnino
641 3106 799 3191 cogitare,
835 3102 919 3167 nihil
953 3095 1079 3167 sentire.
1133 3099 1180 3166 De
1210 3119 1330 3186 magno

140 3247 247 3292 acervo
279 3246 381 3311 pauca
410 3225 488 3290 haec
519 3225 604 3290 vide.
652 3223 897 3291 Contunduntur
919 3225 1038 3309 ubique
1062 3223 1160 3286 etiam
1182 3224 1216 3288 in
1239 3219 1329 3285 libris

139 3349 433 3432 praestantissimis:
544 3349 551 3359 '

183 3469 368 3547 σἰδιιιῆσομοιι
382 3507 424 3517 -
437 3471 659 3548 dilaniatorum
684 3474 716 3536 et
740 3471 813 3534 sim.

184 3592 361 3656 circuncisio
374 3629 415 3639 —-
428 3591 617 3657 ἀποκτείνειν
643 3596 675 3657 et
698 3591 818 3656 similia
845 3593 953 3656 omnia
971 3593 1006 3655 in
1024 3591 1131 3656 verbis
1149 3590 1329 3677 liquidatis,

142 3714 366 3790 ἀννέλλειν-
380 3714 551 3798 ἀγγελεῖν,
584 3712 774 3793 βοὶλλειν-
787 3714 901 3793 βσιλεῖν
929 3717 987 3777 cst.
1016 3716 1048 3777 et
1073 3714 1171 3778 iniis
1194 3734 1274 3799 quae
1296 3716 1331 3778 in

144 3836 246 3910 -εύω,
280 3833 422 3910 -εύομοιι
456 3840 572 3901 exeunt
599 3834 788 3914 ςροιτεύομοιι
819 3855 876 3920 pro
906 3832 1138 3911 ςροοτεύσομοιι,
1172 3834 1331 3912 βουλεύειν

143 3975 196 4038 pro
219 3957 396 4034 βουλεύσειν
421 3962 480 4021 cet.
527 3956 637 4022 Unum
660 3955 842 4042 exemplum
866 3956 941 4022 ride
963 3977 1037 4044 pag.
1062 3953 1116 4020 95.
1144 3954 1196 4020 19.
1220 3957 1246 4019 εἱ
1268 3959 1331 4035 γὰρ

147 4076 222 4151 μήτε
261 4086 483 4144 elcmceTe
514 4081 594 4154 μήτε
625 4079 711 4144 circi
743 4086 988 4157 ςροιτΕΥθΕΘΕ
1022 4079 1104 4156 μήτε
1139 4083 1197 4142 τῶν
1231 4082 1331 4143 κοινῶν

150 4197 347 4278 οὶφέξθοθε.
394 4199 573 4265 Recurrunt
594 4200 672 4266 talia
693 4202 823 4286 passim.

194 4324 337 4389 ἐσόλωλοο
353 4359 395 4372 -
408 4321 595 4386 ἀπολώλεκε
610 4360 651 4370 -
666 4320 857 4388 ἀποδέδωκε.
