3052 4970
656 247 721 316 403

90 444 142 505 tur
176 443 210 505 et
242 460 294 502 ενο
323 436 394 504 loco
423 439 521 524 positi
548 442 677 503 etcum
701 440 748 503 rei
771 441 884 503 natura
907 438 1036 502 omnino
1063 443 1279 525 congruentes.

89 545 125 609 In
149 546 282 610 caeteris
304 542 383 609 locis
406 547 511 610 nescio
531 545 608 628 quid
631 547 732 611 coacti
751 545 868 610 habent
887 549 920 608 et
937 546 1172 630 intempestivi,
1191 563 1281 628 prae·

89 655 201 717 sertim
224 653 258 714 in
282 649 331 714 Od
369 675 399 714 ω.
427 652 484 716 ubi
508 651 637 714 οοννοοιιδ
659 653 764 716 nescio
788 653 875 735 quis:

226 756 313 820 ἀλλά
339 757 377 821 cd
400 761 433 836 ν’
459 758 639 823 εἰσελθοῦσα
663 759 705 823 τά
730 763 759 821 τ’
783 759 880 832 αὐτῆς
900 756 992 838 εέργα
1015 755 1132 839 κθμιζε.

89 867 120 927 et
142 883 192 928 vs.
219 859 296 926 360.

226 969 243 1041 ἦ
268 967 324 1044 μέν
348 966 544 1043 θαμβήσασα
569 965 664 1032 πάλιν
689 967 926 1046 θάλαμθνδε
949 969 1095 1047 βεβήκει.

87 1093 142 1158 pro
175 1073 273 1138 πάλιν
304 1069 429 1138 εοῖκθνδε
460 1073 608 1151 βεβήκει,
639 1077 804 1158 quoniam,
829 1081 867 1139 ut
890 1078 953 1159 ait,
978 1077 1107 1155 ληρῶδες
1130 1073 1200 1138 οθκοι
1224 1076 1279 1150 τὴν

87 1178 268 1255 Πηνελόπην
297 1174 389 1244 οὖσαν
425 1180 670 1260 προοτάοοεοθαι
709 1178 812 1245 οἴκαδε
847 1181 1010 1256 ἀπελθεῖν,
1046 1181 1130 1265 quod
1163 1181 1280 1268 frigide

88 1286 233 1351 confutat
256 1285 371 1369 aliquis
398 1286 436 1351 de
459 1307 516 1351 suo
541 1291 741 1351 commentus
764 1290 802 1359 ὡς
826 1287 963 1365 ’Όμηρος
987 1287 1038 1350 τὸν
1070 1282 1175 1350 οἷκον
1205 1286 1280 1374 ποτὲ

88 1399 218 1474 μερικῶς
250 1391 412 1468 λαμβάνει
445 1392 494 1456 ε’πδ
523 1397 577 1456 τοῦ
602 1392 743 1471 ἀνδρῶνος
767 1393 784 1466 ἢ
809 1398 863 1466 τῆς
887 1391 1142 1471 γυναικωνθτιδος.
1178 1389 1282 1455 Veris-

87 1502 169 1564 simc
202 1498 285 1563 dixit
315 1496 429 1563 Strabo
461 1498 581 1564 alicubi
612 1499 636 1562 oi
665 1498 883 1578 γραμματικοὶ
908 1498 1133 1576 εὑρετιλονοῦοι
1156 1499 1279 1574 μᾶλλον

89 1606 106 1680 ἢ
131 1606 241 1670 λύουσι
265 1603 307 1668 τά
330 1603 514 1685 ζητούμενα.
562 1603 644 1684 Quid
669 1602 891 1670 Aristarchus?
914 1605 1020 1668 ἀθετεῖ
1037 1601 1160 1680 ἀμεινον
1180 1601 1280 1681 λέγων

88 1711 201 1782 αὐτοὺς
229 1706 313 1790 ἔχειν
336 1711 367 1774 ε’ν
390 1709 498 1775 Ἰλιάδι
523 1710 575 1774 καὶ
601 1711 631 1774 έν
656 1720 694 1792 τῇ
719 1707 824 1793 τοξεθρι
848 1715 905 1774 τῶν
929 1710 1035 1790 ἡρώων.
1073 1709 1178 1790 Quam
1197 1708 1279 1774 nihil

86 1820 131 1883 sio
156 1813 304 1902 proficias
325 1815 434 1901 palam
457 1821 513 1881 est.
937 1819 940 1824 '

134 1923 264 1990 Addam
289 1921 391 1986 alium
414 1921 522 1987 locum
545 1926 578 1986 et
601 1921 795 2006 exemplum.
830 1922 963 1987 Duobus
985 1925 1020 1985 in
1044 1921 1183 2008 Odyssea
1204 1919 1283 1985 locis

87 2055 120 2108 γ.
149 2031 190 2094 71
203 2025 206 2029 ’
219 2033 251 2092 et
274 2053 294 2092 ι.
321 2027 401 2093 252.
427 2027 580 2113 leguntur
601 2027 637 2090 hi
659 2026 867 2113 pulcherrimi
889 2045 1015 2092 versus:

227 2130 248 2198 ὦ
273 2131 381 2210 ξεῖνοι,
408 2132 487 2203 τίνες
511 2133 585 2217 ε’ςέ;’
606 2131 694 2197 πόθεν
719 2135 821 2199 πλεῖθ’
848 2133 928 2213 θνρά
952 2133 1098 2211 κέλενθα;

229 2233 247 2312 ἦ
269 2264 299 2304 τι
324 2239 411 2303 κατά
435 2238 540 2318 πρῆξιν
565 2232 584 2312 ἦ
605 2239 760 2319 μαψιδίως
785 2240 945 2315 ἀλάλντθε

231 2342 280 2410 οἷά
302 2371 338 2410 τε
361 2349 502 2424 ληϊςῆρες
527 2345 612 2425 ὑπεὶρ
638 2343 706 2410 ἀλα
713 2365 722 2423 ;
747 2344 795 2410 τοέ
818 2347 848 2410 τ’
873 2345 1025 2412 ἀλόωνται

228 2451 340 2531 ψνχάς
363 2449 544 2530 παρθέμενοι
569 2452 663 2516 κακὸν
685 2453 891 2518 ἀλλοδαποῖσι
915 2452 1075 2534 φέροντας

133 2559 341 2624 Dissentiunt
362 2558 400 2622 de
420 2558 523 2621 tribus
540 2557 667 2622 ultimis
687 2559 831 2624 versibus
850 2561 1076 2644 Aristophanes
1096 2562 1128 2622 et
1146 2559 1283 2623 Aristar-

85 2667 176 2731 chus.
224 2663 394 2727 Retincbat
425 2683 477 2727 eos
506 2663 732 2747 Aristophanes
758 2667 792 2728 in
822 2668 917 2730 tertio
948 2665 1048 2737 libro,
1080 2664 1283 2751 expurgabat

87 2773 123 2835 in
147 2790 248 2844 nono,
273 2766 474 2833 Aristarchus
498 2773 615 2832 contra.
653 2767 736 2833 Sunt
758 2772 792 2833 in
816 2779 950 2854 utroque
974 2770 1042 2835 loco
1062 2769 1283 2854 difficultates,

87 2897 170 2962 quas
191 2874 394 2940 Aristarchus
414 2872 541 2938 elevans
562 2874 659 2938 δοτέον
680 2874 729 2949 δέ,
750 2877 872 2959 inquit,
893 2877 934 2954 τῷ
954 2886 1063 2957 ποιντρῑ
1082 2875 1283 2958 τὰτοιαῦτα,

86 2987 123 3048 in
156 2981 229 3046 aliis
261 2981 399 3046 severior
427 2983 459 3043 et
481 2979 564 3043 nihil
588 2983 699 3046 veniae
722 2980 849 3045 habens.
900 2980 990 3059 Quod
1014 2980 1053 3045 de
1075 2981 1284 3065 praedonibus

87 3092 169 3154 dicit
192 3085 328 3173 Cyclops
347 3085 393 3150 τοέ
413 3083 441 3148 τ’
465 3083 616 3149 ἀλόωνται
641 3087 752 3167 ψυχὰς
778 3087 983 3165 παρθέμενοι,
1005 3086 1040 3150 id
1063 3091 1110 3150 est
1134 3085 1282 3164 παραβα-

87 3193 213 3273 λθμενοι
243 3195 294 3258 καὶ
320 3190 536 3262 κινδυνεύοντες
562 3193 628 3270 περὶ
654 3200 709 3266 τῆς
734 3197 862 3273 ψυχῆς,
886 3212 949 3257 non
972 3192 1010 3255 de
1033 3190 1111 3260 belli
1134 3191 1283 3276 periculis

90 3299 316 3385 accipiendum
347 3298 401 3363 sed
432 3297 470 3361 de
500 3297 673 3381 supplicio,
701 3318 763 3382 quo
783 3301 869 3383 capti
892 3297 1125 3374 afficiebantur,
1149 3297 1204 3362 sed
1226 3319 1285 3361 un·

91 3410 209 3472 denam
228 3405 362 3470 huiusce
379 3405 427 3468 rei
448 3402 648 3489 Polyphemo
668 3401 804 3469 notitia?
828 3403 914 3469 Mihi
934 3404 1063 3488 quidem
1084 3405 1196 3468 eximii
1217 3423 1285 3468 ver·

91 3534 146 3579 sus
179 3532 281 3596 neque
304 3510 364 3575 hoc
386 3509 456 3574 loco
478 3530 580 3594 neque
603 3509 660 3574 illo
683 3510 749 3574 coti
772 3510 938 3586 videntur,
966 3509 1021 3574 sed
1045 3529 1083 3573 ex
1107 3510 1285 3592 antiquiore

91 3620 234 3684 carmine
256 3619 357 3681 sumti
379 3637 436 3700 per
458 3617 673 3680 imitationem
695 3620 728 3680 et
747 3616 810 3680 huc
831 3620 863 3680 et
881 3615 960 3680 illue
978 3635 1041 3680 non
1059 3617 1127 3679 sine
1147 3614 1285 3699 quadam

92 3724 243 3812 molestia
266 3721 422 3787 translati.

137 3831 237 3895 Plura
259 3850 323 3894 non
347 3828 441 3912 addo,
466 3830 540 3913 quia
562 3828 641 3893 talia
664 3830 773 3894 omnia
795 3829 906 3892 sentiri
931 3832 1061 3912 possunt
1083 3827 1138 3892 sed
1158 3827 1285 3892 demon-

94 3938 188 4003 strari
219 3956 284 4001 non
314 3939 446 4020 possunt
477 3940 509 3999 et
538 3933 611 4000 nolo
634 3935 737 4001 videri
760 3932 846 3998 ultra
869 3933 1013 4021 Lycurgi
1037 3938 1175 4000 aetatem
1197 3935 1284 4000 inda

95 4045 199 4131 gando
221 4040 391 4128 procedere
412 4039 506 4107 velle.
