3034 4968
785 259 827 332 te

212 453 302 519 benii
332 457 380 517 est
410 454 477 519 sive
506 452 737 538 cuiuscumque
768 472 883 536 repone
912 472 988 516 eum
1010 449 1173 517 Dindorfio
1196 452 1241 527 μὴ
1266 455 1402 533 περιορᾶν

215 559 458 639 ’ᾹΝαιρείεΐσαν
483 558 640 638 Μεγάλην
665 560 764 623 πάλιν.

259 773 339 861 Peg.
373 770 449 836 204.
480 772 532 837 14.
557 776 607 836 νῦν
629 771 686 849 μὲν
712 767 882 846 -δθξετε-
905 771 959 844 την
985 769 1098 848 είριίνην
1122 767 1303 851 σπουδάζειν
1328 766 1402 835 εἶναι
1504 767 1505 778 ’

213 879 354 955 βεβαίαν
386 878 458 957 ὑπὲρ
487 873 520 953 ἧς
555 876 811 964 [ἐκινδυνεύσατε]
843 875 895 940 καί
921 873 1148 954 παρετάξασθε.
1196 878 1299 942 Aeute
1322 878 1403 944 vidit
1504 861 1505 868 ί

212 985 376 1052 Debreeus
412 985 528 1048 dixisse
557 983 821 1050 Demosthenem:
855 982 927 1061 ὑπὲρ
959 979 991 1057 ἧς
1016 991 1088 1046 ΚΑΙ
1112 981 1348 1062 παρετάξασθε,
1377 986 1403 1049 et
1506 1067 1507 1074 ἵ

144 1085 146 1089 ’
213 1093 392 1178 peridoneis
416 1089 571 1174 exemplis
594 1090 654 1154 hoe
677 1087 801 1152 dicendi
820 1108 922 1175 genus
941 1087 1128 1152 illustravit.
1163 1087 1256 1153 Nihil
1274 1092 1403 1157 interest
1506 1101 1514 1109 ”

213 1199 296 1262 inter
329 1193 602 1273 παρατάττεσθαι,
639 1193 815 1258 κινδυνεύειν
843 1198 875 1258 et
903 1192 1083 1272 μάχεσθαιτ
1116 1196 1224 1278 itaque
1247 1195 1402 1284 frigidum
1505 1199 1506 1226 ³

214 1306 263 1367 est
293 1305 326 1366 et
356 1299 569 1365 Demosthene
601 1299 771 1386 indignum
802 1300 881 1364 haee
911 1319 1097 1383 componere
1128 1302 1162 1364 in
1192 1321 1229 1365 eo
1256 1301 1325 1368 loeo
1349 1304 1403 1368 ubi

214 1407 298 1472 nihil
319 1412 367 1472 est
391 1427 447 1470 eur
470 1408 541 1490 quis
565 1405 770 1471 excandescet
795 1409 827 1468 et
851 1409 941 1470 aestu
965 1405 1092 1500 dicendi
1114 1408 1267 1490 rapietur.

258 1619 314 1684 Bis
337 1618 451 1686 vocula
473 1622 522 1682 νῦν
545 1620 727 1703 importune
750 1621 868 1683 inserte
889 1622 937 1683 est
960 1638 1034 1705 pag.
1055 1617 1131 1682 204.
1154 1617 1208 1682 23.
1231 1621 1257 1684 εί
1279 1619 1310 1685 δὲ
1334 1623 1403 1692 τοὺς
1505 1601 1506 1612 ¹

214 1727 428 1805 βοηθήσαντας
453 1723 490 1790 θον
516 1726 588 1802 ἡμῖν
617 1723 692 1811 [νῦν]
722 1726 772 1788 ἐπ’
796 1723 889 1788 αὐτὸν
916 1724 1039 1803 ἐχθροὺς
1064 1724 1252 1803 κτησόμεθα.
1277 1732 1309 1791 et
1332 1747 1403 1814 pag.

214 1831 290 1898 204.
322 1830 376 1897 26.
408 1831 442 1896 τὸ
475 1833 501 1895 δ’
534 1829 658 1912 ἐχθροὺς
691 1833 764 1906 ἡμῖν
798 1830 1058 1907 Λακεδαιμονίους
1091 1829 1211 1896 ἔσεσθαι
1247 1831 1324 1920 [νῦν]
1354 1833 1403 1897 ε’άν
1506 1919 1507 1926 ¹

214 1937 368 2017 ποιώμεθα
393 1936 583 2018 συμμάχους
608 1937 677 2007 τοὺς
702 1935 859 2013 ’Δρυάδας
885 1937 948 2000 κτὲ.
995 1936 1130 2002 Ponitur
1153 1941 1205 2001 νῦν
1227 1939 1262 2002 in
1284 1941 1404 2024 opposi-

212 2049 298 2110 tione
324 2039 388 2129 (νῦν
401 2043 541 2128 -τίτε)
565 2046 633 2108 sive
657 2064 693 2107 ee
718 2043 837 2108 diserte
861 2062 1007 2127 expresse
1026 2052 1090 2119 est,
1116 2045 1182 2108 sive
1198 2064 1242 2108 ex
1261 2049 1404 2108 contexte

214 2153 354 2215 oratione
385 2153 494 2234 sponte
525 2147 732 2235 intelligitur.
779 2144 929 2213 Alterum
961 2153 1011 2212 νῦν
1043 2147 1206 2214 Dobreeus
1237 2152 1401 2234 expunxit,
1515 2187 1516 2210 ι

212 2258 302 2341 prius
324 2257 445 2320 ineerta
468 2255 540 2319 sede
563 2275 619 2338 per
642 2253 740 2319 libros
763 2253 902 2321 volitans
925 2254 1054 2338 perinde
1079 2253 1261 2319 delendum.

258 2465 338 2554 Peg.
372 2465 447 2530 204.
483 2464 537 2533 27.
569 2503 612 2513 -
646 2465 745 2542 μθνοις
774 2464 836 2529 οὐδ’
861 2465 957 2529 εἰπεῖν
982 2463 1093 2540 ἐξεῖναι
1120 2464 1228 2544 νομίζω
1253 2474 1315 2538 τοῖς
1341 2468 1401 2532 πεί-

213 2596 302 2638 σασιν
332 2573 413 2650 iper
443 2568 488 2638 ὅτ’
524 2573 703 2637 ε’κινδθνενον
727 2570 965 2650 Λακεδαιμόνιοι
989 2573 1109 2649 βοηθεῖν
1134 2573 1278 2656 [adroic]
1325 2571 1403 2638 Len·

212 2679 351 2767 gnidum
382 2684 413 2744 et
442 2699 570 2763 prorsus
602 2679 718 2744 inutile
749 2680 854 2749 αὐτοίς
887 2679 921 2741 in
944 2680 1090 2765 margine
1114 2675 1240 2744 Codicis
1264 2678 1287 2745 S
1310 2700 1403 2765 eppo·
1507 2667 1508 2670 ¹

213 2788 314 2851 situm
346 2784 418 2850 toln·
443 2788 575 2869 oportet.
623 2785 790 2849 Praeterea
814 2804 885 2848 eern
909 2783 1015 2848 sedem
1039 2790 1172 2868 occupet
1196 2807 1293 2871 quem
1315 2785 1403 2849 nullo

211 2892 306 2956 modo
336 2891 557 2956 huiuscemodi
589 2892 776 2975 pronomine
807 2892 896 2954 omni
926 2891 961 2955 vi
990 2889 1143 2955 destitute
1172 2893 1257 2977 epud
1285 2893 1401 2958 bonum

212 2999 397 3082 scriptorem
419 2998 561 3062 obtinere
586 3000 727 3082 possunt.

257 3209 337 3296 Peg.
370 3206 446 3273 205.
472 3205 504 3272 2.
530 3204 656 3271 ἔπεισαν
676 3206 758 3283 θμάς
783 3204 906 3270 πάντων
929 3206 1175 3280 Πελοποννησίων
1198 3206 1341 3272 ε’λθθνταν
1364 3208 1402 3279 ὥς
1513 3229 1515 3290 j

213 3317 296 3394 ὑμᾶς
332 3315 383 3379 καί
420 3315 489 3390 μεθ’
522 3315 603 3389 ὑμῶν
635 3311 799 3389 άξιοθντων
832 3312 880 3375 ert
911 3313 980 3384 τοὺς
1013 3311 1276 3388 Λακεδαιμονίους
1309 3311 1402 3388 ίίναι,
1515 3367 1516 3386 ,

212 3421 335 3494 τούτους
363 3419 460 3507 (mele
485 3440 523 3484 ex
547 3417 569 3481 S
592 3423 756 3502 receptum
777 3417 861 3496 τοὺς)
882 3417 938 3495 μὲν
958 3419 1002 3495 μη
1023 3415 1245 3496 προσδέξασθαι
1268 3418 1332 3503 (καί
1352 3417 1404 3482 διδ

212 3527 294 3593 τοῦθ’
320 3524 390 3605 θπερ
415 3523 448 3600 ἦν
482 3522 645 3588 ὑπθλοιπον
670 3526 774 3595 αὐτοῖς
799 3529 881 3587 'em
907 3523 1064 3598 Θηβαίους
1090 3516 1178 3595 ἦλθον
1202 3523 1267 3588 ιιτὲ.
1314 3522 1405 3589 Men-

214 3634 327 3698 dosum
359 3637 406 3695 est
433 3630 482 3693 ἕτί
510 3629 667 3705 Θηβαίους
694 3623 792 3700 ἦλθον.
843 3626 1023 3693 Sexcenties
1046 3628 1123 3692 ίέναι
1151 3628 1204 3693 ἐπί
1226 3651 1297 3695 τινα
1321 3629 1406 3714 apud

213 3758 323 3804 omnes
352 3735 473 3822 legitur
497 3732 678 3820 significans
702 3755 825 3818 semper
847 3734 933 3798 idem
957 3735 1094 3815 ορρνοοίί,
1119 3735 1236 3798 adoriri
1258 3737 1404 3822 οθίρνοια,

213 3845 246 3907 θα
270 3842 397 3928 aliquem
421 3841 557 3923 ι’νιροοίανο
579 3841 698 3919 fecere,
722 3843 814 3904 utin
837 3839 896 3904 hee
920 3843 989 3924 ipsa
1012 3843 1153 3906 oratione
1174 3861 1245 3928 pag.
1274 3839 1348 3906 204.
1373 3839 1405 3904 3.

213 3948 331 4020 ταθτην
361 3943 398 4010 άν
428 3942 534 4009 ἕλωσιν
567 3944 649 4008 ίασιν
682 3945 732 4009 ε’πί
762 3946 942 4020 Μεσσήνην.
972 3951 1004 4011 et
1037 3948 1072 4009 in
1093 3947 1153 4010 hoe
1176 3949 1245 4031 ipso
1267 3945 1334 4012 loeo
1351 3947 1405 4011 ε’πὶ

212 4053 282 4124 τοὺς
319 4050 580 4126 Λακεδαιμονίους
614 4051 702 4116 ίίναι.
750 4045 823 4116 Diei
858 4056 963 4136 potest
999 4052 1071 4127 πρὸς
1108 4051 1283 4129 Θηβαίους,
1316 4052 1405 4131 παρά

214 4160 393 4238 Θηβαίους,
426 4159 464 4228 ὡς
499 4156 674 4236 Θηβαίους,
707 4157 761 4223 sed
793 4158 841 4223 ε’πί
876 4157 1033 4238 Θηβαίους
1066 4177 1102 4228 eo
1131 4178 1226 4223 sensu
1256 4159 1316 4222 diei
1338 4178 1406 4224 non

213 4271 327 4356 potest,
