3034 4970
642 227 707 298 249

103 424 129 486 et
147 421 274 488 severior
297 417 394 488 allus:
419 417 543 502 ἄκαιρόν
568 419 644 508 (leg.
670 419 791 502 ἄκυρον]
815 421 876 490 ε’ςιν
898 420 949 487 ἐπὶ
968 427 1024 494 τῆς
1044 417 1271 498 Ἱπποδαμείας

102 525 130 590 τό
148 524 315 594 “EANON¹
340 524 423 592 ἕδνα
445 527 509 606 γοὶρ
532 526 664 592 διδόασιν
687 529 712 594 οἱ
736 525 858 606 ἄνδρες,
884 527 1024 610 φερνὰς
1049 525 1079 589 δὲ
1104 527 1137 591 αἱ
1162 532 1271 604 γυναῖ-

101 655 152 706 κες.
193 634 311 700 Melius
333 636 436 721 igitur
457 632 626 717 Euripides
648 636 683 697 in
711 633 811 698 Οιοεόσ
830 656 877 700 vs.
905 632 1004 699 1660.

246 741 381 822 Ἄργους
403 741 429 804 δ’
453 738 599 822 Ὀρέςνν,
623 736 804 823 Μενέλεως,
829 737 866 803 ἔα
891 745 1035 820 κρατεῖν,

262 846 353 910 ε’λόὼν
377 845 403 909 δ’
427 842 544 909 ἄνασσε
567 843 794 924 Σπαρτιάτιδος
820 844 926 925 χθονός

261 952 375 1034 Φερνόις
399 950 479 1030 ἔχειν
504 950 658 1028 γυναικός.

99 1056 145 1122 ubi
166 1056 368 1123 Scholiastes:
392 1056 506 1139 φερνή
530 1057 572 1120 τόν
597 1055 660 1120 ἀπὸ
680 1064 735 1131 τῆς
755 1055 900 1135 γυναικὸς
922 1056 1076 1135 διδόμενα.
1101 1053 1163 1120 Sed
1184 1054 1270 1120 idem

8 1185 9 1190 ¹
98 1161 250 1249 Euripides
273 1162 345 1229 ἕδνα
368 1164 407 1228 de
431 1165 498 1226 dote
520 1165 627 1247 posuit
651 1164 685 1226 in
707 1163 912 1226 Αοόιοιιιοοόιο
934 1183 981 1230 vs.
1008 1160 1085 1228 871.

264 1271 297 1334 οὐ
317 1269 379 1350 γοόρ
403 1269 435 1334 τό
458 1269 488 1331 τ’
515 1267 721 1347 αἰχμάλωτον
747 1270 780 1332 ἐκ
803 1253 917 1350 Τροίας
943 1268 1027 1351 ἔχει,

268 1374 343 1440 ἀλλ’
368 1376 471 1454 ἀνδρὸς
496 1375 603 1440 ἐσθλοῖο
629 1377 732 1440 παῖδα
757 1375 811 1440 σὺν
836 1383 964 1447 πολλοῖς
988 1375 1096 1455 λαβὼν

248 1481 435 1546 ‘eANOIQ

132 1585 306 1674 Aeschylus
330 1588 477 1671 opinatus
500 1588 542 1652 τοὶ
566 1583 639 1652 ἕδνα
664 1607 730 1652 esse
753 1587 797 1653 τόν
822 1588 879 1653 ὑπὸ
903 1593 963 1653 τῶν
985 1585 1214 1666 ραννςευομένιον
1234 1597 1273 1671 τῇ

96 1696 266 1777 γαμουμένῃ
292 1692 434 1769 διδόμενοι
458 1692 540 1756 dixit
563 1696 598 1757 in
620 1694 791 1758 Prometheo
815 1716 847 1762 v.
873 1691 949 1758 560.

421 1797 598 1864 'ennom
621 1797 749 1879 ἄγαγες
772 1798 912 1864 Ἡσιόναν
1050 1781 1056 1790 ’

366 1973 369 1978 ,
435 1907 526 1970 πιθὼν
549 1905 699 1986 δάμαρτα
723 1905 939 1986 κοινόλεκτρον.

133 2009 231 2078 Nemo
260 2012 375 2078 horum
404 2010 541 2076 Homeri
571 2009 766 2077 vocabulum
795 2013 963 2096 usurpavit
986 2030 1080 2076 sensu
1103 2010 1274 2076 Homerico

96 2133 125 2178 ac
145 2135 217 2203 suo,
242 2117 298 2182 sed
322 2137 432 2182 omnes
455 2119 562 2202 opinio
581 2115 710 2192 fefellit,
736 2120 791 2202 qui
813 2118 849 2182 in
872 2119 1038 2182 communi
1062 2120 1208 2183 omnium
1228 2137 1275 2182 er·

94 2239 154 2286 rore
175 2225 308 2310 impune
331 2224 512 2310 peccabant.
560 2223 640 2289 Plus
663 2226 761 2288 etism
785 2223 944 2290 Pindarus
966 2224 1005 2290 ab
1025 2245 1086 2288 usu
1104 2223 1275 2289 Homerico

94 2333 211 2394 recessit
242 2351 345 2416 quum
375 2330 494 2396 diceret
524 2329 692 2412 Ρρόόόοιιόο.
725 2328 782 2394 ΙΙΙ.
808 2328 859 2394 94.
888 2331 1037 2408 „Cadmus
1060 2341 1089 2394 et
1111 2331 1219 2395 Peleus
1241 2333 1275 2392 ιἰι

93 2436 198 2517 nuptiae
228 2437 308 2501 Deos
339 2437 477 2501 οοιιυόσοο
505 2437 672 2500 habueruut
703 2433 837 2501 “eANA
871 2459 906 2502 τε
938 2433 1080 2514 δέξαντο,
1115 2436 1173 2502 ubi
1203 2431 1273 2500 ἕδνα

92 2539 177 2623 plane
199 2543 288 2608 idem
312 2548 359 2608 est
382 2548 477 2628 atque
500 2542 595 2622 δῶρα,
616 2543 703 2608 unde
721 2542 865 2608 eruditus
885 2545 1117 2630 grammaticus
1138 2543 1273 2626 adscrip-

93 2648 143 2710 sit:
174 2650 328 2728 οὶκύρυς
360 2648 402 2712 τόν
435 2648 513 2730 δῶρα
536 2645 669 2714 ἘΔΝΛ
695 2643 788 2713 εἶπεν.
836 2648 977 2715 Perierat
999 2650 1103 2736 igilur
1126 2647 1220 2733 plane
1241 2650 1276 2712 in

93 2747 220 2820 Graecia
243 2757 367 2840 antiqui
388 2755 538 2822 vocabuli
560 2749 794 2842 intelligentia,
818 2776 919 2840 nsque
943 2760 1088 2820 veterum
1109 2759 1276 2840 poetarum

92 2862 255 2945 quisquam
277 2881 377 2946 neque
401 2862 600 2928 eruditorum
622 2883 661 2926 ex
683 2860 819 2927 Homeri
842 2866 890 2926 tot
913 2861 991 2926 locis
1014 2867 1082 2925 tam
1101 2862 1276 2947 perspicuis

91 2985 194 3030 veram
220 2971 252 3032 et
274 2971 417 3034 nativam
441 2965 641 3055 significandi
663 2973 855 3053 potestatem
878 2973 937 3032 τῶν
957 2963 1044 3032 ἐ’δνοιν
1064 2970 1276 3052 perspexerat.

92 3071 252 3156 Sequiores
275 3075 373 3138 etiam
397 3094 506 3139 omnes
528 3076 563 3137 in
587 3093 623 3139 ea
645 3094 679 3138 re
703 3076 907 3160 antiquorum
926 3075 1150 3139 auctoritatem
1169 3091 1277 3156 seque-

91 3175 219 3258 bantur,
244 3199 283 3244 ex
306 3179 421 3264 quibus
445 3179 594 3245 omnibus
617 3201 719 3244 unum
739 3180 933 3264 producam,
955 3180 1159 3264 perineptum
1180 3180 1277 3262 scrip·

91 3287 188 3348 torem
219 3283 391 3350 Aelianum
421 3286 504 3371 apud
536 3283 670 3351 Suidam
704 3308 737 3352 v.
768 3289 944 3362 Παίσυμεν.
982 3309 1042 3332 -’
1061 3283 1112 3348 καὶ
1142 3283 1274 3346 *ἘΔΝΑ

91 3389 152 3468 ᾔτει
184 3391 327 3469 γενέσθαι
351 3391 479 3468 βασιλὶς
504 3392 615 3456 τὸτοῦ
642 3391 831 3471 Μενοένδρου,
856 3389 906 3456 ἵνα
930 3415 959 3455 τι
986 3389 1038 3454 καὶ
1063 3391 1182 3468 παίσω,
1207 3396 1278 3469 Τρι-

90 3497 212 3575 ιιορυσόοο
242 3497 429 3575 βασόλιννα,
457 3498 508 3562 καὶ
534 3495 614 3572 αὕτη
638 3497 782 3564 δέσποινα
804 3493 882 3562 εἶναι
905 3501 957 3562 τοῦ
981 3493 1096 3560 Πόντου
1120 3495 1276 3560 ε’όέλουσοι.

91 3621 167 3684 quse
199 3601 237 3668 de
260 3603 460 3669 Mithridatis
483 3624 578 3670 uxore
602 3604 748 3670 Monima
770 3604 900 3670 Milesia
923 3604 1009 3669 dicta
1032 3621 1098 3668 esse
1122 3603 1278 3685 suspicor,

90 3725 167 3790 quae
199 3713 250 3772 τοῦ
283 3709 441 3787 βασιλέως
471 3715 630 3790 πειρῶντος
657 3712 752 3784 αὐτὴν
777 3711 829 3776 καὶ
853 3712 975 3793 μυρίους
999 3709 1051 3774 καὶ
1076 3730 1278 3788 πεντακισχι-

90 3812 170 3885 λίους
195 3819 328 3893 χρυσοῦς
350 3816 611 3895 προσπέμψαντος
632 3815 769 3898 ἀντέσχε
788 3819 900 3898 μέχρις
922 3813 955 3882 οὗ
977 3853 1019 3864 -
1041 3815 1178 3893 διοόδνραοι
1199 3814 1279 3891 πόμ-

88 3922 154 3998 ψας
180 3917 372 3996 βασίλισσαν
395 3921 595 4002 ἀνηγόρευσεν
622 3921 797 4008 (Plutarch.
817 3927 852 3988 in
869 3923 995 3987 Ινιιονόόο
1015 3942 1083 4008 cap.
1104 3919 1171 4001 18.)
1193 3920 1279 3986 Aeli-

90 4045 168 4090 anus
200 4027 301 4114 igitur
331 4047 432 4111 quum
462 4028 594 4094 dixisset
624 4026 677 4092 καὶ
707 4025 840 4094 ἛΔΝΑ
873 4030 937 4112 ᾔτει
961 4029 1104 4108 γενέσθαι
1128 4026 1277 4105 βασιλέι,

88 4129 225 4199 mirifice
247 4153 280 4198 se
304 4133 529 4200 crediditeese
551 4133 707 4200 locutum.
775 4143 779 4150 ’
