3086 4968
681 257 747 328 515

115 452 138 515 εἰ
164 451 228 530 reip
251 448 305 514 κοὶ
331 448 416 512 κοτόο
439 447 544 528 μικρὸν
565 449 651 530 ε’πηθει
674 448 717 512 τόν
740 450 859 513 τοιοῦτ’
880 450 963 530 ούτῷ
981 459 1121 534 σκοπεῖν,
1144 452 1198 517 sed
1218 448 1304 534 ἕπε’ρ·
1367 437 1371 448 ’

114 555 213 636 χετοθ
235 580 286 635 μοι
311 555 396 636 ὀρθῶς
421 563 545 620 σκοπεῖν
567 557 682 622 vitiose
706 560 738 620 et
760 557 867 640 inepte
891 555 1014 621 dietum
1037 560 1094 622 est.

159 798 240 885 Pag.
266 793 343 861 575.
368 793 399 861 6.
424 799 474 859 νὺν
498 793 536 860 θον
560 793 775 876 διακρούσηται
799 792 895 860 πόλιν
915 795 1013 886 ούτὺς
1034 796 1144 868 ἐκεῖνος
1164 788 1194 859 ὑν
1217 795 1305 872 ὑμεῖς

114 906 161 975 ies
194 903 374 982 γενησετοι.
420 901 458 966 In
479 900 641 967 nonnullis
665 899 757 967 libris
781 907 828 966 est
851 901 865 964 ό
890 902 983 975 ούτθς
1009 903 1117 976 ἐκεῖνος
1140 901 1236 988 idque
1258 925 1305 969 re·

115 1011 254 1095 quiritur
279 1009 382 1085 „idem
405 1007 460 1071 ille
483 1028 578 1092 quem
602 1006 730 1072 nostis?
753 1028 816 1072 non
839 1007 893 1071 όθθο
915 1007 987 1091 ipse.
1035 1007 1098 1074 Sed
1119 1008 1306 1074 Demosthe-

114 1137 169 1181 nes
193 1116 274 1181 erasi
296 1134 373 1179 usus
397 1117 444 1178 est
467 1111 570 1184 οὑτός.
617 1111 737 1178 Eodem
760 1115 795 1177 in
817 1114 878 1179 hoe
900 1113 1055 1180 vocabulo
1075 1118 1172 1181 orasis
1189 1115 1304 1182 multis

114 1221 194 1314 loeis
216 1226 273 1286 aut
295 1223 445 1286 restitute
468 1223 516 1285 est
538 1223 593 1285 eut
616 1220 822 1286 restituenda.

161 1463 242 1550 Pag.
267 1459 344 1526 575.
370 1458 422 1525 14.
447 1454 522 1525 ότον
545 1457 631 1529 οὗτος
655 1457 735 1538 ἔχων
757 1459 800 1523 τόν
825 1459 936 1524 ποιδόο
959 1459 1076 1532 τούτοις
1099 1459 1183 1538 όξιοῖ
1203 1462 1303 1528 δοῦνοι

116 1572 170 1646 την
194 1572 301 1649 ψῆφον
325 1568 426 1652 ὑμεῖς,
450 1566 510 1631 τόθ’
536 1567 622 1642 ὑμεῖς
646 1567 716 1637 τοὺς
741 1565 848 1642 νόμους
873 1563 987 1645 ἔχοντοό
1010 1591 1051 1646 με
1072 1570 1199 1642 πλησίον
1220 1573 1306 1647 ἡγεῖ-

62 1703 63 1706 ’
116 1678 167 1743 οθε
192 1673 364 1755 πορεςοόνοι
390 1673 456 1756 [κού
481 1673 532 1737 τόν
557 1668 638 1752 όρκον
663 1663 693 1735 όν
718 1669 919 1755 ὀμωμόκατε]
943 1672 1060 1746 τούτοις
1081 1672 1226 1750 όξιοὺντο
1251 1677 1304 1742 κον)

116 1783 343 1860 όντιβολοὺντο
374 1777 482 1847 ἕκοςον
514 1779 598 1854 ὑμῶν
633 1777 845 1858 ψηφόσοσθοι.
880 1774 923 1850 οἷς
959 1779 1046 1856 ὑμεῖς
1082 1781 1167 1846 κοτόι
1199 1782 1306 1846 πολλόν

117 1888 298 1967 δικαιότερον
330 1882 495 1966 πρόσθοισθ’
528 1883 564 1948 όν
597 1884 613 1959 ἢ
645 1884 750 1964 τούτῳ.
784 1885 923 1950 adhaec
945 1885 1124 1951 Dobraens:
1152 1888 1229 1964 „noi
1253 1890 1304 1954 τὸν

117 1998 198 2081 όρκον
230 1987 260 2058 όν
293 1990 479 2070 ὀμωμόκατε
505 1991 665 2076 manifesto
689 1989 845 2054 delendas
892 1990 1103 2056 Verissimum
1125 2013 1177 2058 me
1200 1995 1306 2062 iudice

116 2108 150 2172 id
183 2107 243 2170 est.
289 2099 517 2166 Demosthenes
550 2096 672 2162 adstare
699 2101 845 2182 poterant
867 2095 956 2184 leges
978 2099 1013 2161 in
1036 2094 1152 2164 Codice
1175 2095 1308 2186 scriptas

117 2211 266 2278 menibus
288 2213 416 2282 tenens,
443 2201 522 2284 ἔχων
548 2203 619 2276 τοὺς
641 2203 764 2280 νόμους,
786 2203 840 2267 εεύ
860 2203 1102 2288 iusiurandum,
1123 2207 1207 2289 quod
1225 2208 1308 2274 iudi-

117 2339 167 2384 oes
199 2315 366 2391 dederant,
403 2311 552 2376 manibus
587 2314 693 2374 tenere
727 2330 789 2375 non
823 2313 955 2394 poterat.
1004 2309 1118 2376 Omnia
1152 2313 1192 2378 ad
1227 2314 1309 2381 soles

116 2424 205 2512 leges
223 2420 417 2497 referentum
443 2415 559 2487 τούτοις
584 2415 803 2497 ψηφόσοσθοι,
827 2415 862 2481 id
886 2422 933 2481 est
956 2423 1018 2488 τοῖς
1043 2415 1140 2494 νόμοις
1165 2419 1309 2502 ψηφίσμ-

118 2533 206 2606 σθοι,
240 2521 281 2600 οἶς
312 2525 400 2602 ὑμεῖς
431 2519 598 2603 πρόσθοισθ’
629 2519 681 2598 όν,
714 2522 748 2587 id
780 2526 827 2586 est
857 2529 920 2594 τοῖς
942 2522 1043 2600 νόμοις
1067 2522 1235 2603 πρόσθοισθ’
1258 2525 1307 2594 ἄν.

117 2635 225 2702 Etiam
256 2651 337 2716 quae
366 2632 539 2714 sequuntur
561 2630 668 2693 omnia
689 2627 727 2692 de
752 2625 827 2692 solis
851 2626 977 2714 legibus
1000 2628 1162 2694 dicuntur:
1187 2632 1308 2709 θμωμό-

117 2765 196 2807 κοτε
228 2745 290 2811 τοῖς
325 2735 424 2813 νόμοις
458 2735 626 2799 πεόΘεσθοι
657 2731 709 2798 κοθ
742 2739 800 2796 τῶν
824 2731 894 2796 όσων
918 2732 1043 2811 μέτες-ιν
1067 2735 1137 2812 ὑμῖν
1162 2733 1212 2798 δνσὶ
1236 2739 1306 2811 τοὺς

117 2847 225 2925 νόμους
249 2843 302 2911 κονὶ
327 2840 417 2908 πάνθ’
440 2837 485 2907 όσ’
509 2842 571 2909 ε’ςθν
592 2840 703 2918 όγοιθόο
729 2839 800 2917 ὑμῖν
823 2838 875 2902 διό
899 2840 968 2910 τοὺς
993 2837 1099 2916 νόμους
1124 2840 1195 2909 ε’ςθν.
1243 2843 1307 2908 Ad-

116 2954 228 3039 scripsi
257 2951 334 3016 haee
364 2955 402 3014 ut
436 2949 590 3014 mendum
624 2949 808 3012 eximerem.
857 2945 1042 3010 Absurdum
1077 2950 1125 3010 est
1159 2946 1306 3026 όμόμοκο

116 3067 179 3131 τοῖς
214 3056 314 3135 νόμοις
345 3055 501 3121 πεθθεσθοι
532 3054 602 3118 dedi
634 3053 845 3117 όιωόοτοοόονιο
875 3073 918 3114 νινε
941 3051 1054 3132 legibue
1074 3069 1213 3131 Pinnos,
1239 3056 1307 3123 imo

117 3185 192 3233 vero
209 3163 401 3249 ρονῖθονοκν,
427 3180 503 3247 ergo
527 3158 661 3224 emenda
684 3159 858 3224 πεῖθεσθοι.

163 3401 244 3489 Peg.
280 3398 354 3467 575.
390 3398 444 3467 28.
475 3400 499 3464 εἰ
533 3396 636 3476 μέντοι
658 3396 753 3478 ῥητωρ
777 3397 839 3465 leo
862 3394 936 3464 οἵους
961 3393 1052 3466 ἐνίους
1077 3401 1134 3460 τῶν
1157 3396 1310 3475 λεγόντων

118 3510 179 3587 ἐγὼ
211 3505 263 3571 nol
290 3507 376 3584 ὑμεῖς
400 3506 432 3571 δὲ
456 3506 564 3586 ὑρόντε,
587 3502 723 3578 όνοιὺεῖς
748 3504 800 3569 κο)
826 3504 901 3583 ’Ὑφ’
927 3502 1007 3580 ὑμῶν
1031 3502 1307 3587 πεπλουτηκότος,

117 3616 172 3678 ούκ
196 3611 234 3678 όνν
253 3611 317 3685 εἵην
342 3607 426 3682 οὗτος
452 3609 523 3690 ἐγώ.
570 3609 715 3697 Intelligi
737 3630 799 3675 non
821 3611 925 3694 potest
948 3612 980 3672 ei
998 3607 1081 3672 nihil
1100 3613 1147 3672 esi
1165 3623 1310 3678 πλουτεῖν

117 3725 215 3788 ’ΤΠΟ
252 3741 339 3790 τινος.
388 3718 475 3804 Lege
508 3719 585 3782 ’Ao'
622 3717 703 3794 ὑμῶν
733 3715 990 3789 πεπλουτηκότος
1024 3718 1056 3778 et
1088 3714 1235 3802 intellige
1261 3720 1304 3783 τόν

117 3827 204 3893 κοινοὶ
235 3822 442 3906 κεκλοφότος.
474 3824 513 3889 of.
538 3844 613 3910 pag.
642 3821 717 3889 739.
740 3820 795 3887 20.
819 3823 844 3887 οἱ
868 3824 986 3904 ῥήτορες
1010 3822 1063 3885 οὑκ
1086 3822 1252 3898 όγοπιῖισιν
1275 3827 1310 3890 ἐκ

119 3933 256 4009 πενήτων
280 3931 417 3997 πλούσιοι
441 3932 541 3996 'Ano
567 3938 621 4006 τῆς
648 3929 764 4000 πόλεως
788 3927 974 4008 γιγνόμενοι.

164 4157 246 4245 Peg.
269 4153 345 4222 576.
369 4153 420 4218 10.
440 4154 534 4232 ἔγνων
554 4152 605 4218 κοὶ
625 4151 729 4230 λέγειν
752 4151 804 4215 eal
825 4148 972 4231 πρόττειν
991 4146 1057 4216 ότι
1075 4149 1312 4236 ὑνσυμφθρΟΝ

120 4265 192 4343 ὑμῖν
225 4266 361 4342 ἡγῶμοι.
417 4261 543 4327 Revoca
577 4279 686 4327 veram
720 4258 889 4323 lectionem
925 4279 963 4322 ex
997 4256 1066 4323 loco
1103 4261 1209 4327 vioino
1240 4285 1313 4354 pag.

123 4369 202 4441 575.
228 4367 283 4435 25.
309 4366 529 4446 συμβουλεύων
554 4362 572 4430 ό
593 4389 624 4430 τι
650 4363 688 4431 όιν
712 4362 909 4447 συμφέρΘΙΝ
934 4365 1005 4442 ὑμῖν
1030 4366 1157 4444 ἡγῆται.
