<?xml version="1.0" encoding="UTF-8"?>
<!DOCTYPE html PUBLIC "-//W3C//DTD XHTML 1.0 Transitional//EN"
    "http://www.w3.org/TR/xhtml1/DTD/xhtml1-transitional.dtd">
<html xmlns="http://www.w3.org/1999/xhtml" xml:lang="en" lang="en">
 <head>
  <title>
</title>
<meta http-equiv="Content-Type" content="text/html;charset=utf-8" />
  <meta name='ocr-system' content='tesseract 3.04.00' />
  <meta name='ocr-capabilities' content='ocr_page ocr_carea ocr_par ocr_line ocrx_word'/>
</head>
<body>
  <div class='ocr_page' id='page_1' title='image "./miscellaneacrit02cobegoog_0093.png"; bbox 0 0 3034 4968; ppageno 0'>
   <div class='ocr_carea' id='block_1_1' title="bbox 632 245 674 315">
    <p class='ocr_par' dir='ltr' id='par_1_1' title="bbox 632 245 674 315">
     <span class='ocr_line' id='line_1_1' title="bbox 632 245 674 315; baseline 0.024 -1"><span class='ocrx_word' id='word_1_1' title='bbox 632 245 674 315; x_wconf 86' lang='grc'>69</span> 
     </span>
    </p>
   </div>
   <div class='ocr_carea' id='block_1_2' title="bbox 89 429 1264 1255">
    <p class='ocr_par' dir='ltr' id='par_1_2' title="bbox 89 429 1264 1255">
     <span class='ocr_line' id='line_1_2' title="bbox 93 429 1264 524; baseline -0.002 -22"><span class='ocrx_word' id='word_1_2' title='bbox 93 438 118 502; x_wconf 83' lang='lat' dir='ltr'>el</span> <span class='ocrx_word' id='word_1_3' title='bbox 136 437 174 502; x_wconf 86' lang='lat' dir='ltr'>sic</span> <span class='ocrx_word' id='word_1_4' title='bbox 196 436 424 524; x_wconf 80' lang='lat' dir='ltr'><strong>supplendam:</strong></span> <span class='ocrx_word' id='word_1_5' title='bbox 451 439 606 512; x_wconf 77' lang='grc' dir='ltr'><em>άνθλυται</em></span> <span class='ocrx_word' id='word_1_6' title='bbox 631 437 734 518; x_wconf 77' lang='grc' dir='ltr'><em>μάτην</em></span> <span class='ocrx_word' id='word_1_7' title='bbox 758 439 800 510; x_wconf 75' lang='grc' dir='ltr'>εἷς</span> <span class='ocrx_word' id='word_1_8' title='bbox 820 438 887 509; x_wconf 83' lang='grc' dir='ltr'><em>τοὺς</em></span> <span class='ocrx_word' id='word_1_9' title='bbox 910 437 1009 518; x_wconf 74' lang='grc' dir='ltr'><em>(ὑπὲρ)</em></span> <span class='ocrx_word' id='word_1_10' title='bbox 1033 444 1090 502; x_wconf 81' lang='grc' dir='ltr'>τῶν</span> <span class='ocrx_word' id='word_1_11' title='bbox 1109 429 1264 513; x_wconf 69' lang='grc' dir='ltr'><em>Ἑλλήνων</em></span> 
     </span>
     <span class='ocr_line' id='line_1_3' title="bbox 93 541 1263 630; baseline 0.003 -26"><span class='ocrx_word' id='word_1_12' title='bbox 93 544 257 617; x_wconf 83' lang='grc' dir='ltr'><em>θτοςθλους.</em></span> <span class='ocrx_word' id='word_1_13' title='bbox 307 545 512 608; x_wconf 79' lang='lat' dir='ltr'>Athenienses</span> <span class='ocrx_word' id='word_1_14' title='bbox 543 566 633 629; x_wconf 86' lang='lat' dir='ltr'>saepe</span> <span class='ocrx_word' id='word_1_15' title='bbox 661 565 794 630; x_wconf 83' lang='lat' dir='ltr'>magnas</span> <span class='ocrx_word' id='word_1_16' title='bbox 819 543 931 607; x_wconf 84' lang='lat' dir='ltr'>classes</span> <span class='ocrx_word' id='word_1_17' title='bbox 955 543 993 607; x_wconf 90' lang='lat' dir='ltr'>ad</span> <span class='ocrx_word' id='word_1_18' title='bbox 1017 564 1108 628; x_wconf 88' lang='lat' dir='ltr'>opem</span> <span class='ocrx_word' id='word_1_19' title='bbox 1134 541 1263 610; x_wconf 84' lang='lat' dir='ltr'>Graecis</span> 
     </span>
     <span class='ocr_line' id='line_1_4' title="bbox 92 648 1263 736; baseline 0.002 -26"><span class='ocrx_word' id='word_1_20' title='bbox 92 667 106 710; x_wconf 91' lang='lat' dir='ltr'>a</span> <span class='ocrx_word' id='word_1_21' title='bbox 133 648 279 735; x_wconf 88' lang='lat' dir='ltr'>Philippo</span> <span class='ocrx_word' id='word_1_22' title='bbox 314 653 423 734; x_wconf 87' lang='lat' dir='ltr'>petitis</span> <span class='ocrx_word' id='word_1_23' title='bbox 456 649 616 714; x_wconf 82' lang='lat' dir='ltr'>ferendam</span> <span class='ocrx_word' id='word_1_24' title='bbox 647 653 770 736; x_wconf 77' lang='lat' dir='ltr'>ingenti</span> <span class='ocrx_word' id='word_1_25' title='bbox 802 664 911 713; x_wconf 86' lang='lat' dir='ltr'>sumtu</span> <span class='ocrx_word' id='word_1_26' title='bbox 944 655 1176 733; x_wconf 73' lang='lat' dir='ltr'><strong>compararant,</strong></span> <span class='ocrx_word' id='word_1_27' title='bbox 1209 649 1263 713; x_wconf 89' lang='lat' dir='ltr'>sed</span> 
     </span>
     <span class='ocr_line' id='line_1_5' title="bbox 92 754 1257 842; baseline 0.001 -28"><span class='ocrx_word' id='word_1_28' title='bbox 92 756 152 834; x_wconf 87' lang='lat' dir='ltr'>quia</span> <span class='ocrx_word' id='word_1_29' title='bbox 178 754 244 818; x_wconf 88' lang='lat' dir='ltr'>fere</span> <span class='ocrx_word' id='word_1_30' title='bbox 273 775 342 820; x_wconf 86' lang='lat' dir='ltr'>sero</span> <span class='ocrx_word' id='word_1_31' title='bbox 365 757 533 820; x_wconf 85' lang='lat' dir='ltr'>veniebant</span> <span class='ocrx_word' id='word_1_32' title='bbox 556 776 691 842; x_wconf 80' lang='lat' dir='ltr'>magnae</span> <span class='ocrx_word' id='word_1_33' title='bbox 715 777 788 840; x_wconf 86' lang='lat' dir='ltr'>opes</span> <span class='ocrx_word' id='word_1_34' title='bbox 812 756 929 818; x_wconf 85' lang='lat' dir='ltr'>frustra</span> <span class='ocrx_word' id='word_1_35' title='bbox 953 763 1040 819; x_wconf 85' lang='lat' dir='ltr'>erant</span> <span class='ocrx_word' id='word_1_36' title='bbox 1066 760 1257 820; x_wconf 87' lang='lat' dir='ltr'>consumtae.</span> 
     </span>
     <span class='ocr_line' id='line_1_6' title="bbox 90 856 1260 947; baseline 0.001 -27"><span class='ocrx_word' id='word_1_37' title='bbox 90 858 162 922; x_wconf 85' lang='lat' dir='ltr'>Audi</span> <span class='ocrx_word' id='word_1_38' title='bbox 180 862 289 944; x_wconf 89' lang='lat' dir='ltr'>ipsum</span> <span class='ocrx_word' id='word_1_39' title='bbox 313 861 559 926; x_wconf 85' lang='lat' dir='ltr'>Demosslrenem</span> <span class='ocrx_word' id='word_1_40' title='bbox 584 882 657 947; x_wconf 86' lang='lat' dir='ltr'><strong>pag.</strong></span> <span class='ocrx_word' id='word_1_41' title='bbox 684 861 736 924; x_wconf 79' lang='lat'>50.</span> <span class='ocrx_word' id='word_1_42' title='bbox 763 860 791 923; x_wconf 90' lang='grc'>4.</span> <span class='ocrx_word' id='word_1_43' title='bbox 818 861 916 924; x_wconf 71' lang='grc' dir='ltr'><em>καίτοι</em></span> <span class='ocrx_word' id='word_1_44' title='bbox 941 861 973 924; x_wconf 80' lang='grc' dir='ltr'>τέ</span> <span class='ocrx_word' id='word_1_45' title='bbox 992 859 1103 934; x_wconf 72' lang='grc' dir='ltr'><em>δήποτε</em></span> <span class='ocrx_word' id='word_1_46' title='bbox 1124 856 1260 936; x_wconf 77' lang='grc' dir='ltr'><em>νομίζετε</em></span> 
     </span>
     <span class='ocr_line' id='line_1_7' title="bbox 92 966 1259 1052; baseline 0.001 -25"><span class='ocrx_word' id='word_1_47' title='bbox 92 966 209 1037; x_wconf 83' lang='grc' dir='ltr'><em>-τοὺς</em></span> <span class='ocrx_word' id='word_1_48' title='bbox 246 966 417 1036; x_wconf 83' lang='grc' dir='ltr'><em>άποςθλους</em></span> <span class='ocrx_word' id='word_1_49' title='bbox 452 966 574 1036; x_wconf 91' lang='grc' dir='ltr'><em>πάντας</em></span> <span class='ocrx_word' id='word_1_50' title='bbox 606 967 677 1043; x_wconf 84' lang='grc' dir='ltr'><em>ὑμῖν</em></span> <span class='ocrx_word' id='word_1_51' title='bbox 709 966 850 1046; x_wconf 83' lang='grc' dir='ltr'><em>ὑςερθζειν</em></span> <span class='ocrx_word' id='word_1_52' title='bbox 881 972 939 1031; x_wconf 78' lang='grc' dir='ltr'>τῶν</span> <span class='ocrx_word' id='word_1_53' title='bbox 971 973 1097 1046; x_wconf 80' lang='grc' dir='ltr'><em>καιρῶν;</em></span> <span class='ocrx_word' id='word_1_54' title='bbox 1131 972 1163 1030; x_wconf 88' lang='lat' dir='ltr'>et</span> <span class='ocrx_word' id='word_1_55' title='bbox 1186 985 1259 1052; x_wconf 79' lang='lat' dir='ltr'>pag.</span> 
     </span>
     <span class='ocr_line' id='line_1_8' title="bbox 89 1065 1261 1156; baseline 0.004 -26"><span class='ocrx_word' id='word_1_56' title='bbox 89 1065 132 1132; x_wconf 85' lang='lat'>92.</span> <span class='ocrx_word' id='word_1_57' title='bbox 161 1068 213 1136; x_wconf 92' lang='grc'><strong>28.</strong></span> <span class='ocrx_word' id='word_1_58' title='bbox 237 1071 277 1135; x_wconf 89' lang='lat' dir='ltr'>de</span> <span class='ocrx_word' id='word_1_59' title='bbox 301 1071 399 1137; x_wconf 87' lang='lat' dir='ltr'>classe</span> <span class='ocrx_word' id='word_1_60' title='bbox 421 1072 636 1156; x_wconf 87' lang='lat' dir='ltr'><strong>nequidquam</strong></span> <span class='ocrx_word' id='word_1_61' title='bbox 658 1075 773 1137; x_wconf 89' lang='lat' dir='ltr'>missa:</span> <span class='ocrx_word' id='word_1_62' title='bbox 800 1072 965 1150; x_wconf 73' lang='grc' dir='ltr'><strong><em>συμβαίνει</em></strong></span> <span class='ocrx_word' id='word_1_63' title='bbox 990 1073 1016 1136; x_wconf 83' lang='grc' dir='ltr'>δ’</span> <span class='ocrx_word' id='word_1_64' title='bbox 1042 1075 1113 1150; x_wconf 75' lang='grc' dir='ltr'><em>ἡμῖν</em></span> <span class='ocrx_word' id='word_1_65' title='bbox 1136 1109 1178 1120; x_wconf 94' lang='grc'>-</span> <span class='ocrx_word' id='word_1_66' title='bbox 1204 1066 1261 1135; x_wconf 85' lang='grc' dir='ltr'>θσα</span> 
     </span>
     <span class='ocr_line' id='line_1_9' title="bbox 89 1171 884 1255; baseline 0.009 -19"><span class='ocrx_word' id='word_1_67' title='bbox 89 1171 120 1236; x_wconf 83' lang='grc' dir='ltr'><em>θον</em></span> <span class='ocrx_word' id='word_1_68' title='bbox 140 1175 360 1255; x_wconf 67' lang='grc' dir='ltr'>δαπανήσωμεν</span> <span class='ocrx_word' id='word_1_69' title='bbox 384 1186 542 1242; x_wconf 87' lang='grc' dir='ltr'><strong>ΜΑΤΗΝ</strong></span> <span class='ocrx_word' id='word_1_70' title='bbox 568 1180 884 1244; x_wconf 83' lang='grc' dir='ltr'><strong>ἈΝΗΛΩΚΕΝΑῙ.</strong></span> 
     </span>
    </p>
   </div>
   <div class='ocr_carea' id='block_1_3' title="bbox 80 1385 1263 2421">
    <p class='ocr_par' dir='ltr' id='par_1_3' title="bbox 84 1385 1263 1897">
     <span class='ocr_line' id='line_1_10' title="bbox 124 1385 1260 1476; baseline 0.003 -25"><span class='ocrx_word' id='word_1_71' title='bbox 124 1386 197 1476; x_wconf 84' lang='lat' dir='ltr'>Pag.</span> <span class='ocrx_word' id='word_1_72' title='bbox 230 1388 305 1454; x_wconf 81' lang='lat'>174.</span> <span class='ocrx_word' id='word_1_73' title='bbox 333 1389 385 1455; x_wconf 87' lang='lat'>16.</span> <span class='ocrx_word' id='word_1_74' title='bbox 410 1389 499 1454; x_wconf 83' lang='grc' dir='ltr'><em>άλλά</em></span> <span class='ocrx_word' id='word_1_75' title='bbox 524 1390 558 1462; x_wconf 71' lang='grc' dir='ltr'>νδ</span> <span class='ocrx_word' id='word_1_76' title='bbox 583 1391 648 1455; x_wconf 88' lang='grc' dir='ltr'>Διά</span> <span class='ocrx_word' id='word_1_77' title='bbox 670 1395 776 1455; x_wconf 84' lang='grc' dir='ltr'><em>ταῦτα</em></span> <span class='ocrx_word' id='word_1_78' title='bbox 800 1389 888 1466; x_wconf 78' lang='grc' dir='ltr'><em>μόνον</em></span> <span class='ocrx_word' id='word_1_79' title='bbox 912 1389 977 1454; x_wconf 78' lang='grc' dir='ltr'><em>τότ’</em></span> <span class='ocrx_word' id='word_1_80' title='bbox 1002 1385 1070 1472; x_wconf 79' lang='grc' dir='ltr'><em>εἶχε</em></span> <span class='ocrx_word' id='word_1_81' title='bbox 1093 1388 1218 1468; x_wconf 80' lang='grc' dir='ltr'><em>βέλτιον</em></span> <span class='ocrx_word' id='word_1_82' title='bbox 1243 1389 1260 1465; x_wconf 74' lang='grc' dir='ltr'>ἢ</span> 
     </span>
     <span class='ocr_line' id='line_1_11' title="bbox 87 1494 1262 1581; baseline 0.005 -27"><span class='ocrx_word' id='word_1_83' title='bbox 87 1497 146 1572; x_wconf 81' lang='grc' dir='ltr'><em>νῦν,</em></span> <span class='ocrx_word' id='word_1_84' title='bbox 174 1497 216 1560; x_wconf 76' lang='grc' dir='ltr'><em>τοὶ</em></span> <span class='ocrx_word' id='word_1_85' title='bbox 250 1494 278 1559; x_wconf 87' lang='grc' dir='ltr'>δ’</span> <span class='ocrx_word' id='word_1_86' title='bbox 312 1494 401 1560; x_wconf 90' lang='grc' dir='ltr'><em>άλλα</em></span> <span class='ocrx_word' id='word_1_87' title='bbox 423 1503 535 1575; x_wconf 78' lang='grc' dir='ltr'><em>χεῖρον.</em></span> <span class='ocrx_word' id='word_1_88' title='bbox 582 1496 725 1561; x_wconf 78' lang='lat' dir='ltr'>Emenda</span> <span class='ocrx_word' id='word_1_89' title='bbox 748 1499 852 1561; x_wconf 82' lang='grc' dir='ltr'><em>ταῦτα</em></span> <span class='ocrx_word' id='word_1_90' title='bbox 877 1504 972 1562; x_wconf 76' lang='grc' dir='ltr'>ΜΘΝ</span> <span class='ocrx_word' id='word_1_91' title='bbox 995 1516 1052 1581; x_wconf 91' lang='lat' dir='ltr'>pro</span> <span class='ocrx_word' id='word_1_92' title='bbox 1075 1495 1182 1573; x_wconf 83' lang='grc' dir='ltr'><em>μόνον,</em></span> <span class='ocrx_word' id='word_1_93' title='bbox 1206 1497 1262 1580; x_wconf 88' lang='lat' dir='ltr'>qui</span> 
     </span>
     <span class='ocr_line' id='line_1_12' title="bbox 85 1597 1262 1688; baseline 0.002 -26"><span class='ocrx_word' id='word_1_94' title='bbox 85 1597 216 1684; x_wconf 80' lang='lat' dir='ltr'>frequens</span> <span class='ocrx_word' id='word_1_95' title='bbox 258 1603 293 1665; x_wconf 92' lang='lat' dir='ltr'>in</span> <span class='ocrx_word' id='word_1_96' title='bbox 334 1601 426 1667; x_wconf 89' lang='lat' dir='ltr'>libris</span> <span class='ocrx_word' id='word_1_97' title='bbox 461 1622 546 1666; x_wconf 87' lang='lat' dir='ltr'>error</span> <span class='ocrx_word' id='word_1_98' title='bbox 580 1606 637 1666; x_wconf 89' lang='lat' dir='ltr'>est.</span> <span class='ocrx_word' id='word_1_99' title='bbox 695 1601 883 1688; x_wconf 88' lang='lat' dir='ltr'>Requiritnr</span> <span class='ocrx_word' id='word_1_100' title='bbox 917 1600 974 1680; x_wconf 83' lang='grc' dir='ltr'>μέν</span> <span class='ocrx_word' id='word_1_101' title='bbox 1008 1603 1043 1666; x_wconf 89' lang='lat' dir='ltr'>in</span> <span class='ocrx_word' id='word_1_102' title='bbox 1076 1599 1262 1665; x_wconf 89' lang='lat' dir='ltr'>huiusmodi</span> 
     </span>
     <span class='ocr_line' id='line_1_13' title="bbox 86 1693 1263 1791; baseline 0.002 -25"><span class='ocrx_word' id='word_1_103' title='bbox 86 1710 269 1774; x_wconf 81' lang='lat' dir='ltr'>concessione</span> <span class='ocrx_word' id='word_1_104' title='bbox 300 1711 332 1791; x_wconf 88' lang='lat' dir='ltr'>et</span> <span class='ocrx_word' id='word_1_105' title='bbox 363 1693 567 1791; x_wconf 85' lang='lat' dir='ltr'>oppositione.</span> <span class='ocrx_word' id='word_1_106' title='bbox 614 1709 704 1785; x_wconf 74' lang='lat' dir='ltr'>Esto,</span> <span class='ocrx_word' id='word_1_107' title='bbox 737 1707 871 1772; x_wconf 90' lang='lat' dir='ltr'>concedo</span> <span class='ocrx_word' id='word_1_108' title='bbox 900 1707 972 1771; x_wconf 81' lang='grc' dir='ltr'><em>θοεο</em></span> <span class='ocrx_word' id='word_1_109' title='bbox 994 1706 1065 1769; x_wconf 82' lang='lat' dir='ltr'>olim</span> <span class='ocrx_word' id='word_1_110' title='bbox 1087 1705 1121 1769; x_wconf 82' lang='grc' dir='ltr'><em>ν’νο</em></span> <span class='ocrx_word' id='word_1_111' title='bbox 1143 1705 1263 1769; x_wconf 79' lang='lat' dir='ltr'>meliore</span> 
     </span>
     <span class='ocr_line' id='line_1_14' title="bbox 84 1813 445 1897; baseline 0.014 -25"><span class='ocrx_word' id='word_1_112' title='bbox 84 1816 154 1874; x_wconf 81' lang='grc' dir='ltr'><em>οθοέα</em></span> <span class='ocrx_word' id='word_1_113' title='bbox 168 1813 293 1897; x_wconf 75' lang='lat' dir='ltr'>fuisse,</span> <span class='ocrx_word' id='word_1_114' title='bbox 317 1813 370 1875; x_wconf 82' lang='lat' dir='ltr'>aed</span> <span class='ocrx_word' id='word_1_115' title='bbox 392 1850 445 1877; x_wconf 88' lang='lat'>—.</span> 
     </span>
    </p>

    <p class='ocr_par' dir='ltr' id='par_1_4' title="bbox 80 1913 1262 2421">
     <span class='ocr_line' id='line_1_15' title="bbox 123 1913 1260 2004; baseline -0.001 -24"><span class='ocrx_word' id='word_1_116' title='bbox 123 1914 216 2003; x_wconf 80' lang='lat' dir='ltr'>Saepe</span> <span class='ocrx_word' id='word_1_117' title='bbox 248 1917 305 1997; x_wconf 79' lang='grc' dir='ltr'>μέν</span> <span class='ocrx_word' id='word_1_118' title='bbox 336 1924 368 1983; x_wconf 83' lang='lat' dir='ltr'>et</span> <span class='ocrx_word' id='word_1_119' title='bbox 398 1916 486 1994; x_wconf 86' lang='grc' dir='ltr'><em>μένον</em></span> <span class='ocrx_word' id='word_1_120' title='bbox 519 1916 764 1983; x_wconf 86' lang='lat' dir='ltr'>confunduntur.</span> <span class='ocrx_word' id='word_1_121' title='bbox 806 1915 886 2004; x_wconf 81' lang='lat' dir='ltr'>Pag.</span> <span class='ocrx_word' id='word_1_122' title='bbox 919 1913 1074 1982; x_wconf 82' lang='grc'><strong>125.17.</strong></span> <span class='ocrx_word' id='word_1_123' title='bbox 1107 1917 1139 1980; x_wconf 81' lang='grc' dir='ltr'><em>οὐ</em></span> <span class='ocrx_word' id='word_1_124' title='bbox 1163 1914 1260 1980; x_wconf 73' lang='grc' dir='ltr'><em>τοίνυν</em></span> 
     </span>
     <span class='ocr_line' id='line_1_16' title="bbox 83 2018 1261 2110; baseline -0.002 -25"><span class='ocrx_word' id='word_1_125' title='bbox 83 2023 157 2101; x_wconf 81' lang='grc' dir='ltr'><em>παρά</em></span> <span class='ocrx_word' id='word_1_126' title='bbox 187 2025 305 2096; x_wconf 78' lang='grc' dir='ltr'><em>τούτοις</em></span> <span class='ocrx_word' id='word_1_127' title='bbox 334 2023 454 2102; x_wconf 86' lang='grc' dir='ltr'><em>μθνΟΝ</em></span> <span class='ocrx_word' id='word_1_128' title='bbox 481 2021 538 2110; x_wconf 90' lang='lat' dir='ltr'>(sic</span> <span class='ocrx_word' id='word_1_129' title='bbox 561 2021 594 2088; x_wconf 77' lang='lat' dir='ltr'>S.</span> <span class='ocrx_word' id='word_1_130' title='bbox 620 2025 735 2088; x_wconf 83' lang='lat' dir='ltr'>caeteri</span> <span class='ocrx_word' id='word_1_131' title='bbox 758 2042 867 2087; x_wconf 87' lang='lat' dir='ltr'>omnes</span> <span class='ocrx_word' id='word_1_132' title='bbox 890 2019 1004 2109; x_wconf 79' lang='grc' dir='ltr'><em>μόνοις)</em></span> <span class='ocrx_word' id='word_1_133' title='bbox 1029 2021 1063 2086; x_wconf 85' lang='grc' dir='ltr'>τδ</span> <span class='ocrx_word' id='word_1_134' title='bbox 1086 2018 1148 2091; x_wconf 81' lang='grc' dir='ltr'><em>ἔθος</em></span> <span class='ocrx_word' id='word_1_135' title='bbox 1172 2023 1261 2085; x_wconf 81' lang='grc' dir='ltr'><em>τοῦτο</em></span> 
     </span>
     <span class='ocr_line' id='line_1_17' title="bbox 83 2125 1262 2213; baseline 0.001 -24"><span class='ocrx_word' id='word_1_136' title='bbox 83 2125 176 2192; x_wconf 91' lang='grc' dir='ltr'><em>πάντα</em></span> <span class='ocrx_word' id='word_1_137' title='bbox 200 2128 286 2194; x_wconf 81' lang='grc' dir='ltr'><em>κακά</em></span> <span class='ocrx_word' id='word_1_138' title='bbox 310 2128 498 2210; x_wconf 75' lang='grc' dir='ltr'><em>εἰργάσατο,</em></span> <span class='ocrx_word' id='word_1_139' title='bbox 521 2127 628 2192; x_wconf 84' lang='grc' dir='ltr'><em>άλλοθι</em></span> <span class='ocrx_word' id='word_1_140' title='bbox 651 2129 677 2192; x_wconf 86' lang='grc' dir='ltr'>δ’</span> <span class='ocrx_word' id='word_1_141' title='bbox 697 2127 842 2204; x_wconf 81' lang='grc' dir='ltr'><em>οὐδαμοῦ.</em></span> <span class='ocrx_word' id='word_1_142' title='bbox 877 2127 1067 2213; x_wconf 85' lang='lat' dir='ltr'>Reponenda</span> <span class='ocrx_word' id='word_1_143' title='bbox 1087 2131 1135 2192; x_wconf 88' lang='lat' dir='ltr'>est</span> <span class='ocrx_word' id='word_1_144' title='bbox 1153 2127 1262 2191; x_wconf 85' lang='lat' dir='ltr'>Attica</span> 
     </span>
     <span class='ocr_line' id='line_1_18' title="bbox 80 2231 1260 2320; baseline 0.002 -24"><span class='ocrx_word' id='word_1_145' title='bbox 80 2237 275 2320; x_wconf 77' lang='lat' dir='ltr'>compositio,</span> <span class='ocrx_word' id='word_1_146' title='bbox 308 2233 411 2320; x_wconf 86' lang='lat' dir='ltr'>qualis</span> <span class='ocrx_word' id='word_1_147' title='bbox 443 2239 490 2300; x_wconf 90' lang='lat' dir='ltr'>est</span> <span class='ocrx_word' id='word_1_148' title='bbox 519 2237 554 2298; x_wconf 92' lang='lat' dir='ltr'>in</span> <span class='ocrx_word' id='word_1_149' title='bbox 584 2234 636 2299; x_wconf 78' lang='grc' dir='ltr'><em>καὶ</em></span> <span class='ocrx_word' id='word_1_150' title='bbox 668 2236 721 2300; x_wconf 84' lang='grc' dir='ltr'><em>οὐκ</em></span> <span class='ocrx_word' id='word_1_151' title='bbox 756 2231 884 2316; x_wconf 76' lang='grc' dir='ltr'><em>ἔγραψα</em></span> <span class='ocrx_word' id='word_1_152' title='bbox 909 2233 964 2312; x_wconf 80' lang='grc' dir='ltr'>μὲν</span> <span class='ocrx_word' id='word_1_153' title='bbox 989 2235 1042 2298; x_wconf 87' lang='grc' dir='ltr'><em>οὐκ</em></span> <span class='ocrx_word' id='word_1_154' title='bbox 1066 2232 1260 2315; x_wconf 79' lang='grc' dir='ltr'><em>ἐπρέσβευσα</em></span> 
     </span>
     <span class='ocr_line' id='line_1_19' title="bbox 80 2337 781 2421; baseline 0.001 -18"><span class='ocrx_word' id='word_1_155' title='bbox 80 2337 124 2418; x_wconf 86' lang='grc' dir='ltr'>δέ,</span> <span class='ocrx_word' id='word_1_156' title='bbox 148 2346 179 2406; x_wconf 85' lang='lat' dir='ltr'>et</span> <span class='ocrx_word' id='word_1_157' title='bbox 201 2340 404 2406; x_wconf 87' lang='lat' dir='ltr'>scribendum</span> <span class='ocrx_word' id='word_1_158' title='bbox 428 2341 513 2421; x_wconf 77' lang='grc' dir='ltr'><em>παρά</em></span> <span class='ocrx_word' id='word_1_159' title='bbox 537 2339 654 2412; x_wconf 80' lang='grc' dir='ltr'><em>τούτοις</em></span> <span class='ocrx_word' id='word_1_160' title='bbox 676 2348 781 2406; x_wconf 79' lang='grc' dir='ltr'><strong>ΜΕΝ.</strong></span> 
     </span>
    </p>
   </div>
   <div class='ocr_carea' id='block_1_4' title="bbox 73 2549 1262 3268">
    <p class='ocr_par' dir='ltr' id='par_1_5' title="bbox 73 2549 1262 3268">
     <span class='ocr_line' id='line_1_20' title="bbox 117 2549 1261 2638; baseline 0.001 -24"><span class='ocrx_word' id='word_1_161' title='bbox 117 2549 194 2638; x_wconf 81' lang='lat' dir='ltr'>Pag.</span> <span class='ocrx_word' id='word_1_162' title='bbox 232 2549 309 2616; x_wconf 85' lang='lat'>174.</span> <span class='ocrx_word' id='word_1_163' title='bbox 348 2551 401 2617; x_wconf 89' lang='grc'>20.</span> <span class='ocrx_word' id='word_1_164' title='bbox 434 2552 546 2629; x_wconf 78' lang='grc' dir='ltr'><em>κόσμον</em></span> <span class='ocrx_word' id='word_1_165' title='bbox 577 2559 631 2625; x_wconf 78' lang='grc' dir='ltr'><em>τῆς</em></span> <span class='ocrx_word' id='word_1_166' title='bbox 663 2551 781 2622; x_wconf 80' lang='grc' dir='ltr'><em>πόλεως</em></span> <span class='ocrx_word' id='word_1_167' title='bbox 805 2589 848 2600; x_wconf 94' lang='lat'><em>-</em></span> <span class='ocrx_word' id='word_1_168' title='bbox 872 2557 1004 2617; x_wconf 81' lang='grc' dir='ltr'><em>τοιοῦτον</em></span> <span class='ocrx_word' id='word_1_169' title='bbox 1037 2551 1088 2616; x_wconf 74' lang='grc' dir='ltr'>καὶ</span> <span class='ocrx_word' id='word_1_170' title='bbox 1120 2555 1261 2617; x_wconf 83' lang='grc' dir='ltr'><em>τοσοῦτον</em></span> 
     </span>
     <span class='ocr_line' id='line_1_21' title="bbox 78 2655 1261 2742; baseline 0.003 -24"><span class='ocrx_word' id='word_1_171' title='bbox 78 2659 238 2722; x_wconf 77' lang='grc' dir='ltr'><em>κατέλιπον</em></span> <span class='ocrx_word' id='word_1_172' title='bbox 271 2658 374 2722; x_wconf 86' lang='grc' dir='ltr'><em>ε’κεῖνοι</em></span> <span class='ocrx_word' id='word_1_173' title='bbox 408 2658 555 2742; x_wconf 87' lang='lat' dir='ltr'>(maiores</span> <span class='ocrx_word' id='word_1_174' title='bbox 584 2660 697 2738; x_wconf 78' lang='lat' dir='ltr'>nostri)</span> <span class='ocrx_word' id='word_1_175' title='bbox 726 2655 783 2726; x_wconf 75' lang='grc' dir='ltr'>άςε</span> <span class='ocrx_word' id='word_1_176' title='bbox 813 2658 918 2734; x_wconf 78' lang='grc' dir='ltr'><em>μηδενὶ</em></span> <span class='ocrx_word' id='word_1_177' title='bbox 942 2660 1001 2723; x_wconf 79' lang='grc' dir='ltr'>τῶν</span> <span class='ocrx_word' id='word_1_178' title='bbox 1022 2657 1261 2737; x_wconf 71' lang='grc' dir='ltr'><em>ἐπιγιγνομένων</em></span> 
     </span>
     <span class='ocr_line' id='line_1_22' title="bbox 77 2761 1262 2847; baseline 0.002 -23"><span class='ocrx_word' id='word_1_179' title='bbox 77 2761 243 2840; x_wconf 67' lang='grc' dir='ltr'><em>ὑπερβολὴν</em></span> <span class='ocrx_word' id='word_1_180' title='bbox 271 2765 449 2840; x_wconf 73' lang='grc' dir='ltr'>λελεῖφθαι.</span> <span class='ocrx_word' id='word_1_181' title='bbox 475 2762 655 2842; x_wconf 82' lang='grc' dir='ltr'><em>προπύλαια</em></span> <span class='ocrx_word' id='word_1_182' title='bbox 679 2767 802 2841; x_wconf 84' lang='grc' dir='ltr'><em>ταῦτα,</em></span> <span class='ocrx_word' id='word_1_183' title='bbox 828 2765 855 2847; x_wconf 82' lang='grc' dir='ltr'>[θ</span> <span class='ocrx_word' id='word_1_184' title='bbox 881 2765 1071 2846; x_wconf 84' lang='grc' dir='ltr'><em>Παρθενών],</em></span> <span class='ocrx_word' id='word_1_185' title='bbox 1097 2765 1262 2840; x_wconf 81' lang='grc' dir='ltr'><em>νεώσοικοι,</em></span> 
     </span>
     <span class='ocr_line' id='line_1_23' title="bbox 77 2865 1262 2957; baseline 0.002 -25"><span class='ocrx_word' id='word_1_186' title='bbox 77 2869 140 2932; x_wconf 70' lang='lat' dir='ltr'>soal</span> <span class='ocrx_word' id='word_1_187' title='bbox 151 2918 158 2945; x_wconf 91' lang='lat'>‚</span> <span class='ocrx_word' id='word_1_188' title='bbox 191 2865 313 2935; x_wconf 86' lang='grc' dir='ltr'><em>τάλλα.</em></span> <span class='ocrx_word' id='word_1_189' title='bbox 361 2868 501 2934; x_wconf 77' lang='lat' dir='ltr'>Tantum</span> <span class='ocrx_word' id='word_1_190' title='bbox 532 2889 594 2934; x_wconf 90' lang='lat' dir='ltr'>non</span> <span class='ocrx_word' id='word_1_191' title='bbox 621 2890 731 2935; x_wconf 88' lang='lat' dir='ltr'>omnes</span> <span class='ocrx_word' id='word_1_192' title='bbox 752 2869 829 2936; x_wconf 87' lang='lat' dir='ltr'>libri</span> <span class='ocrx_word' id='word_1_193' title='bbox 854 2870 898 2957; x_wconf 85' lang='lat' dir='ltr'>(et</span> <span class='ocrx_word' id='word_1_194' title='bbox 922 2869 998 2935; x_wconf 89' lang='lat' dir='ltr'>boni</span> <span class='ocrx_word' id='word_1_195' title='bbox 1021 2871 1142 2956; x_wconf 85' lang='lat' dir='ltr'>omnes)</span> <span class='ocrx_word' id='word_1_196' title='bbox 1167 2872 1262 2935; x_wconf 90' lang='lat' dir='ltr'>omit-</span> 
     </span>
     <span class='ocr_line' id='line_1_24' title="bbox 74 2973 1261 3060; baseline 0.004 -24"><span class='ocrx_word' id='word_1_197' title='bbox 74 2977 142 3038; x_wconf 86' lang='lat' dir='ltr'>tunt</span> <span class='ocrx_word' id='word_1_198' title='bbox 177 2975 191 3040; x_wconf 85' lang='grc' dir='ltr'><em>θ</em></span> <span class='ocrx_word' id='word_1_199' title='bbox 227 2975 402 3056; x_wconf 82' lang='grc' dir='ltr'><em>Παρθενών,</em></span> <span class='ocrx_word' id='word_1_200' title='bbox 434 2975 517 3060; x_wconf 89' lang='lat' dir='ltr'>quod</span> <span class='ocrx_word' id='word_1_201' title='bbox 545 2977 673 3059; x_wconf 90' lang='lat' dir='ltr'>irrepsit</span> <span class='ocrx_word' id='word_1_202' title='bbox 703 2996 743 3040; x_wconf 85' lang='lat' dir='ltr'>ex</span> <span class='ocrx_word' id='word_1_203' title='bbox 773 2974 837 3041; x_wconf 86' lang='lat' dir='ltr'>alia</span> <span class='ocrx_word' id='word_1_204' title='bbox 867 2973 1090 3040; x_wconf 88' lang='lat' dir='ltr'>Demosthenis</span> <span class='ocrx_word' id='word_1_205' title='bbox 1121 2977 1261 3042; x_wconf 88' lang='lat' dir='ltr'>oratione</span> 
     </span>
     <span class='ocr_line' id='line_1_25' title="bbox 73 3079 1258 3168; baseline 0.001 -23"><span class='ocrx_word' id='word_1_206' title='bbox 73 3099 141 3168; x_wconf 80' lang='lat' dir='ltr'>pag.</span> <span class='ocrx_word' id='word_1_207' title='bbox 166 3079 246 3146; x_wconf 79' lang='lat'>617.</span> <span class='ocrx_word' id='word_1_208' title='bbox 273 3079 324 3146; x_wconf 90' lang='grc'>18.</span> <span class='ocrx_word' id='word_1_209' title='bbox 350 3081 383 3145; x_wconf 79' lang='grc' dir='ltr'>τὸ</span> <span class='ocrx_word' id='word_1_210' title='bbox 408 3085 467 3145; x_wconf 79' lang='grc' dir='ltr'>τῶν</span> <span class='ocrx_word' id='word_1_211' title='bbox 491 3080 697 3158; x_wconf 83' lang='grc' dir='ltr'><em>άναθκμάτοιν</em></span> <span class='ocrx_word' id='word_1_212' title='bbox 718 3119 760 3130; x_wconf 92' lang='grc'>-</span> <span class='ocrx_word' id='word_1_213' title='bbox 781 3081 915 3156; x_wconf 88' lang='grc' dir='ltr'><em>κάλλος,</em></span> <span class='ocrx_word' id='word_1_214' title='bbox 935 3081 1115 3162; x_wconf 79' lang='grc' dir='ltr'><em>προπύλαια</em></span> <span class='ocrx_word' id='word_1_215' title='bbox 1134 3085 1258 3159; x_wconf 83' lang='grc' dir='ltr'><em>ταῦτα,</em></span> 
     </span>
     <span class='ocr_line' id='line_1_26' title="bbox 74 3185 584 3268; baseline 0.01 -21"><span class='ocrx_word' id='word_1_216' title='bbox 74 3185 86 3246; x_wconf 83' lang='grc' dir='ltr'><em>ὃ</em></span> <span class='ocrx_word' id='word_1_217' title='bbox 107 3188 287 3268; x_wconf 76' lang='grc' dir='ltr'><em>Παρθενών,</em></span> <span class='ocrx_word' id='word_1_218' title='bbox 313 3187 400 3265; x_wconf 69' lang='lat' dir='ltr'>soal,</span> <span class='ocrx_word' id='word_1_219' title='bbox 425 3187 584 3252; x_wconf 79' lang='grc' dir='ltr'><em>νεώσοικοι.</em></span> 
     </span>
    </p>
   </div>
   <div class='ocr_carea' id='block_1_5' title="bbox 68 3395 1262 4439">
    <p class='ocr_par' dir='ltr' id='par_1_6' title="bbox 68 3395 1262 4439">
     <span class='ocr_line' id='line_1_27' title="bbox 113 3395 1256 3487; baseline 0.002 -25"><span class='ocrx_word' id='word_1_220' title='bbox 113 3399 193 3487; x_wconf 84' lang='lat' dir='ltr'>Pag.</span> <span class='ocrx_word' id='word_1_221' title='bbox 229 3395 305 3464; x_wconf 84' lang='lat'>175.</span> <span class='ocrx_word' id='word_1_222' title='bbox 337 3398 390 3465; x_wconf 83' lang='lat'>22.</span> <span class='ocrx_word' id='word_1_223' title='bbox 422 3397 451 3463; x_wconf 74' lang='lat' dir='ltr'>si</span> <span class='ocrx_word' id='word_1_224' title='bbox 481 3423 528 3472; x_wconf 85' lang='grc' dir='ltr'><em>τις</em></span> <span class='ocrx_word' id='word_1_225' title='bbox 552 3399 700 3477; x_wconf 82' lang='grc' dir='ltr'><em>άναγνοθκ</em></span> <span class='ocrx_word' id='word_1_226' title='bbox 725 3400 767 3466; x_wconf 84' lang='grc' dir='ltr'>τά</span> <span class='ocrx_word' id='word_1_227' title='bbox 791 3397 990 3482; x_wconf 73' lang='grc' dir='ltr'><em>ψηφίσματα</em></span> <span class='ocrx_word' id='word_1_228' title='bbox 1016 3399 1098 3476; x_wconf 78' lang='grc' dir='ltr'><em>ὑμῶν</em></span> <span class='ocrx_word' id='word_1_229' title='bbox 1122 3399 1173 3463; x_wconf 76' lang='grc' dir='ltr'>καὶ</span> <span class='ocrx_word' id='word_1_230' title='bbox 1198 3400 1256 3472; x_wconf 86' lang='grc' dir='ltr'><em>τάς</em></span> 
     </span>
     <span class='ocr_line' id='line_1_28' title="bbox 72 3500 1261 3586; baseline 0.002 -18"><span class='ocrx_word' id='word_1_231' title='bbox 72 3504 193 3584; x_wconf 79' lang='grc' dir='ltr'><em>πράξεις</em></span> <span class='ocrx_word' id='word_1_232' title='bbox 221 3506 335 3586; x_wconf 75' lang='grc' dir='ltr'><em>ἐφεξῆς</em></span> <span class='ocrx_word' id='word_1_233' title='bbox 361 3504 466 3570; x_wconf 78' lang='grc' dir='ltr'><em>διέλθοι</em></span> <span class='ocrx_word' id='word_1_234' title='bbox 491 3505 551 3571; x_wconf 82' lang='grc' dir='ltr'><em>οὐδ’</em></span> <span class='ocrx_word' id='word_1_235' title='bbox 575 3504 612 3570; x_wconf 84' lang='grc' dir='ltr'><em>θον</em></span> <span class='ocrx_word' id='word_1_236' title='bbox 637 3501 679 3577; x_wconf 77' lang='grc' dir='ltr'>εἷς</span> <span class='ocrx_word' id='word_1_237' title='bbox 703 3507 846 3574; x_wconf 81' lang='grc' dir='ltr'><em>πιςεθσαι</em></span> <span class='ocrx_word' id='word_1_238' title='bbox 867 3512 925 3571; x_wconf 81' lang='grc' dir='ltr'>τῶν</span> <span class='ocrx_word' id='word_1_239' title='bbox 945 3507 1045 3574; x_wconf 80' lang='grc' dir='ltr'><em>αὐτῶν</em></span> <span class='ocrx_word' id='word_1_240' title='bbox 1066 3500 1141 3569; x_wconf 80' lang='grc' dir='ltr'><em>εἶναι</em></span> <span class='ocrx_word' id='word_1_241' title='bbox 1155 3509 1261 3570; x_wconf 84' lang='grc' dir='ltr'><em>ταῦτα</em></span> 
     </span>
     <span class='ocr_line' id='line_1_29' title="bbox 70 3603 1262 3696; baseline 0.005 -24"><span class='ocrx_word' id='word_1_242' title='bbox 70 3615 216 3696; x_wconf 69' lang='grc' dir='ltr'><em>κάκεῖνα,</em></span> <span class='ocrx_word' id='word_1_243' title='bbox 243 3612 355 3677; x_wconf 88' lang='lat' dir='ltr'>deinde</span> <span class='ocrx_word' id='word_1_244' title='bbox 379 3611 441 3676; x_wconf 90' lang='lat' dir='ltr'>duo</span> <span class='ocrx_word' id='word_1_245' title='bbox 465 3611 611 3696; x_wconf 84' lang='lat' dir='ltr'>exempla</span> <span class='ocrx_word' id='word_1_246' title='bbox 634 3611 741 3676; x_wconf 86' lang='lat' dir='ltr'>affert:</span> <span class='ocrx_word' id='word_1_247' title='bbox 766 3608 823 3676; x_wconf 80' lang='grc' dir='ltr'><em>οἶον</em></span> <span class='ocrx_word' id='word_1_248' title='bbox 844 3603 865 3677; x_wconf 78' lang='grc' dir='ltr'><em>ά</em></span> <span class='ocrx_word' id='word_1_249' title='bbox 884 3614 956 3692; x_wconf 84' lang='grc' dir='ltr'><em>πρδς</em></span> <span class='ocrx_word' id='word_1_250' title='bbox 977 3611 1046 3684; x_wconf 83' lang='grc' dir='ltr'><em>τοὺς</em></span> <span class='ocrx_word' id='word_1_251' title='bbox 1067 3612 1262 3692; x_wconf 79' lang='grc' dir='ltr'><em>καταράτους</em></span> 
     </span>
     <span class='ocr_line' id='line_1_30' title="bbox 68 3715 1262 3798; baseline 0.004 -18"><span class='ocrx_word' id='word_1_252' title='bbox 68 3716 242 3798; x_wconf 75' lang='grc' dir='ltr'><em>Μεγαρέας</em></span> <span class='ocrx_word' id='word_1_253' title='bbox 272 3717 471 3798; x_wconf 73' lang='grc' dir='ltr'><em>ἐψηφίσασθε</em></span> <span class='ocrx_word' id='word_1_254' title='bbox 503 3716 767 3795; x_wconf 73' lang='grc' dir='ltr'><em>ἀποτεμνομένους</em></span> <span class='ocrx_word' id='word_1_255' title='bbox 800 3718 854 3790; x_wconf 67' lang='grc' dir='ltr'>τὴν</span> <span class='ocrx_word' id='word_1_256' title='bbox 884 3717 1020 3797; x_wconf 79' lang='grc' dir='ltr'><em>ὀργάδα,</em></span> <span class='ocrx_word' id='word_1_257' title='bbox 1051 3715 1177 3795; x_wconf 76' lang='grc' dir='ltr'><em>ἐξιέναι,</em></span> <span class='ocrx_word' id='word_1_258' title='bbox 1203 3746 1262 3785; x_wconf 88' lang='grc' dir='ltr'><em>κιο-</em></span> 
     </span>
     <span class='ocr_line' id='line_1_31' title="bbox 69 3820 1261 3908; baseline 0.005 -22"><span class='ocrx_word' id='word_1_259' title='bbox 69 3824 166 3901; x_wconf 85' lang='grc' dir='ltr'><em>λθειν,</em></span> <span class='ocrx_word' id='word_1_260' title='bbox 202 3825 249 3900; x_wconf 69' lang='grc' dir='ltr'>μὴ</span> <span class='ocrx_word' id='word_1_261' title='bbox 271 3822 453 3900; x_wconf 82' lang='grc' dir='ltr'><em>ἐπιτρέπειν.</em></span> <span class='ocrx_word' id='word_1_262' title='bbox 479 3827 511 3887; x_wconf 82' lang='lat' dir='ltr'>et</span> <span class='ocrx_word' id='word_1_263' title='bbox 533 3828 605 3908; x_wconf 86' lang='lat' dir='ltr'>post</span> <span class='ocrx_word' id='word_1_264' title='bbox 627 3843 728 3908; x_wconf 87' lang='lat' dir='ltr'>pauca</span> <span class='ocrx_word' id='word_1_265' title='bbox 751 3822 857 3888; x_wconf 82' lang='lat' dir='ltr'>addit:</span> <span class='ocrx_word' id='word_1_266' title='bbox 884 3820 1013 3888; x_wconf 88' lang='grc' dir='ltr'><em>άπαντα</em></span> <span class='ocrx_word' id='word_1_267' title='bbox 1038 3822 1125 3888; x_wconf 91' lang='grc' dir='ltr'><em>καλά</em></span> <span class='ocrx_word' id='word_1_268' title='bbox 1151 3863 1194 3874; x_wconf 84' lang='lat'><em>-</em></span> <span class='ocrx_word' id='word_1_269' title='bbox 1218 3826 1261 3892; x_wconf 85' lang='grc' dir='ltr'>τά</span> 
     </span>
     <span class='ocr_line' id='line_1_32' title="bbox 69 3927 1261 4008; baseline 0.004 -16"><span class='ocrx_word' id='word_1_270' title='bbox 69 3927 143 4008; x_wconf 82' lang='grc' dir='ltr'><em>ἔργα</em></span> <span class='ocrx_word' id='word_1_271' title='bbox 175 3931 209 3994; x_wconf 78' lang='grc' dir='ltr'>δὲ</span> <span class='ocrx_word' id='word_1_272' title='bbox 245 3930 285 3993; x_wconf 75' lang='grc' dir='ltr'>τά</span> <span class='ocrx_word' id='word_1_273' title='bbox 317 3931 379 3994; x_wconf 82' lang='grc' dir='ltr'>άπὸ</span> <span class='ocrx_word' id='word_1_274' title='bbox 410 3928 524 3994; x_wconf 78' lang='grc' dir='ltr'><em>τούτων</em></span> <span class='ocrx_word' id='word_1_275' title='bbox 554 3929 700 4006; x_wconf 81' lang='grc' dir='ltr'><em>οὐδαμοῦ.</em></span> <span class='ocrx_word' id='word_1_276' title='bbox 749 3927 849 3993; x_wconf 87' lang='lat' dir='ltr'>Video</span> <span class='ocrx_word' id='word_1_277' title='bbox 873 3929 950 3994; x_wconf 87' lang='lat' dir='ltr'>haec</span> <span class='ocrx_word' id='word_1_278' title='bbox 974 3950 993 3994; x_wconf 88' lang='lat' dir='ltr'>a</span> <span class='ocrx_word' id='word_1_279' title='bbox 1017 3929 1108 3995; x_wconf 89' lang='lat' dir='ltr'>docto</span> <span class='ocrx_word' id='word_1_280' title='bbox 1131 3932 1261 3998; x_wconf 90' lang='lat' dir='ltr'>homine</span> 
     </span>
     <span class='ocr_line' id='line_1_33' title="bbox 69 4033 1261 4120; baseline 0.002 -20"><span class='ocrx_word' id='word_1_281' title='bbox 69 4035 176 4101; x_wconf 86' lang='lat' dir='ltr'>referri</span> <span class='ocrx_word' id='word_1_282' title='bbox 201 4035 246 4101; x_wconf 89' lang='lat' dir='ltr'>ad</span> <span class='ocrx_word' id='word_1_283' title='bbox 266 4037 398 4100; x_wconf 90' lang='lat' dir='ltr'>initium</span> <span class='ocrx_word' id='word_1_284' title='bbox 421 4035 498 4100; x_wconf 91' lang='lat' dir='ltr'>belli</span> <span class='ocrx_word' id='word_1_285' title='bbox 520 4034 797 4120; x_wconf 86' lang='lat' dir='ltr'>Peloponnesiaci,</span> <span class='ocrx_word' id='word_1_286' title='bbox 821 4034 875 4099; x_wconf 90' lang='lat' dir='ltr'>sed</span> <span class='ocrx_word' id='word_1_287' title='bbox 899 4033 991 4100; x_wconf 86' lang='lat' dir='ltr'>facila</span> <span class='ocrx_word' id='word_1_288' title='bbox 1014 4040 1143 4120; x_wconf 88' lang='lat' dir='ltr'>apparet</span> <span class='ocrx_word' id='word_1_289' title='bbox 1165 4037 1204 4102; x_wconf 89' lang='lat' dir='ltr'>de</span> <span class='ocrx_word' id='word_1_290' title='bbox 1227 4059 1261 4102; x_wconf 88' lang='lat' dir='ltr'>re</span> 
     </span>
     <span class='ocr_line' id='line_1_34' title="bbox 70 4141 1261 4227; baseline 0.003 -23"><span class='ocrx_word' id='word_1_291' title='bbox 70 4143 290 4207; x_wconf 86' lang='lat' dir='ltr'>recentissima</span> <span class='ocrx_word' id='word_1_292' title='bbox 320 4141 397 4207; x_wconf 85' lang='lat' dir='ltr'>haec</span> <span class='ocrx_word' id='word_1_293' title='bbox 428 4142 507 4219; x_wconf 85' lang='lat' dir='ltr'>dici,</span> <span class='ocrx_word' id='word_1_294' title='bbox 542 4159 642 4226; x_wconf 90' lang='lat' dir='ltr'>quum</span> <span class='ocrx_word' id='word_1_295' title='bbox 674 4142 796 4207; x_wconf 85' lang='lat' dir='ltr'>factum</span> <span class='ocrx_word' id='word_1_296' title='bbox 823 4145 903 4206; x_wconf 88' lang='lat' dir='ltr'>esset</span> <span class='ocrx_word' id='word_1_297' title='bbox 925 4141 1130 4227; x_wconf 87' lang='lat' dir='ltr'>plebiscitum</span> <span class='ocrx_word' id='word_1_298' title='bbox 1154 4146 1261 4225; x_wconf 85' lang='lat' dir='ltr'>atrox,</span> 
     </span>
     <span class='ocr_line' id='line_1_35' title="bbox 71 4245 1262 4332; baseline -0.003 -20"><span class='ocrx_word' id='word_1_299' title='bbox 71 4247 123 4313; x_wconf 88' lang='lat' dir='ltr'>sed</span> <span class='ocrx_word' id='word_1_300' title='bbox 153 4249 300 4312; x_wconf 84' lang='lat' dir='ltr'>irritum.</span> <span class='ocrx_word' id='word_1_301' title='bbox 346 4247 416 4312; x_wconf 89' lang='lat' dir='ltr'>Hoc</span> <span class='ocrx_word' id='word_1_302' title='bbox 446 4249 554 4331; x_wconf 86' lang='lat' dir='ltr'>ipsum</span> <span class='ocrx_word' id='word_1_303' title='bbox 577 4249 663 4312; x_wconf 89' lang='lat' dir='ltr'>enim</span> <span class='ocrx_word' id='word_1_304' title='bbox 686 4248 746 4312; x_wconf 91' lang='lat' dir='ltr'>hoc</span> <span class='ocrx_word' id='word_1_305' title='bbox 769 4247 914 4332; x_wconf 82' lang='lat' dir='ltr'>exemplo</span> <span class='ocrx_word' id='word_1_306' title='bbox 937 4248 1049 4332; x_wconf 87' lang='lat' dir='ltr'>probat</span> <span class='ocrx_word' id='word_1_307' title='bbox 1071 4245 1116 4313; x_wconf 81' lang='grc' dir='ltr'>θτι</span> <span class='ocrx_word' id='word_1_308' title='bbox 1139 4247 1181 4318; x_wconf 82' lang='grc' dir='ltr'><em>τθο</em></span> <span class='ocrx_word' id='word_1_309' title='bbox 1206 4247 1262 4324; x_wconf 77' lang='grc' dir='ltr'>μὲν</span> 
     </span>
     <span class='ocr_line' id='line_1_36' title="bbox 73 4348 1261 4439; baseline -0.001 -20"><span class='ocrx_word' id='word_1_310' title='bbox 73 4356 275 4438; x_wconf 77' lang='grc' dir='ltr'><em>ψηφίσματα</em></span> <span class='ocrx_word' id='word_1_311' title='bbox 299 4352 401 4431; x_wconf 89' lang='grc' dir='ltr'><em>καλά,</em></span> <span class='ocrx_word' id='word_1_312' title='bbox 427 4348 534 4434; x_wconf 86' lang='grc' dir='ltr'><em>τάργα</em></span> <span class='ocrx_word' id='word_1_313' title='bbox 558 4353 589 4418; x_wconf 78' lang='grc' dir='ltr'>δὲ</span> <span class='ocrx_word' id='word_1_314' title='bbox 614 4353 760 4431; x_wconf 81' lang='grc' dir='ltr'><em>οὐδαμοῦ.</em></span> <span class='ocrx_word' id='word_1_315' title='bbox 808 4351 932 4420; x_wconf 75' lang='lat' dir='ltr'>Eodem</span> <span class='ocrx_word' id='word_1_316' title='bbox 954 4355 1092 4439; x_wconf 80' lang='lat' dir='ltr'>pertinet</span> <span class='ocrx_word' id='word_1_317' title='bbox 1115 4352 1200 4438; x_wconf 85' lang='lat' dir='ltr'>quod</span> <span class='ocrx_word' id='word_1_318' title='bbox 1217 4350 1261 4418; x_wconf 83' lang='lat' dir='ltr'>le·</span> 
     </span>
    </p>
   </div>
   <div class='ocr_carea' id='block_1_6' title="bbox 0 0 1522 4968">
    <p class='ocr_par' dir='ltr' id='par_1_7' title="bbox 0 0 1522 4968">
     <span class='ocr_line' id='line_1_37' title="bbox 0 0 1522 4968; baseline 0 0"><span class='ocrx_word' id='word_1_319' title='bbox 0 0 1522 4968; x_wconf 95' lang='lat' dir='ltr'> </span> 
     </span>
    </p>
   </div>
  </div>
 </body>
</html>
