3086 4968
672 239 738 308 479

119 426 152 490 de
175 427 208 490 F.
233 426 259 490 L
294 448 365 515 pag.
392 427 468 496 577.
494 429 549 497 21.
574 429 636 513 βορῐ
661 430 728 513 [καί
751 430 864 514 uersu.
889 437 920 498 et
944 433 1028 517 apud
1052 431 1223 498 Libanium
1245 433 1297 499 IV.

120 529 190 596 350.
221 532 273 596 24.
305 534 337 596 οὐ
369 534 522 608 τολλοέκις
548 539 630 612 ἡμῶν
655 534 779 611 ἠκούετε
802 536 941 614 βοώντων
965 537 1030 620 [καί
1056 536 1225 623 λεγόντων]
1251 535 1297 604 ὅτι

119 639 364 716 ἐπεβουλεύεσθε.

159 850 238 937 Peg.
268 849 344 914 258.
374 849 426 914 10.
453 851 540 928 ὑμεῖς
565 851 663 915 τοίνυν
687 889 728 900 -
754 853 786 915 οὐ
811 855 901 930 ναῦς,
927 853 960 916 οὐ
984 851 1078 933 τείχη
1103 861 1157 926 τῆς
1181 853 1299 927 πόλεως

118 955 184 1020 τότε
208 955 468 1032 κτησαμένης
492 955 636 1032 ἐξήλθετε
661 959 702 1028 είς
728 957 901 1036 Ἀλίαρτον.
947 957 1119 1023 Manifesto
1147 961 1300 1024 vitiosum

117 1069 161 1128 est
191 1063 395 1140 κτησαμένης.
443 1059 570 1128 Clamat
600 1066 756 1128 sententia
779 1065 949 1149 perfectum
980 1064 1167 1139 κεκτημένης
1192 1066 1301 1150 reponi

118 1182 274 1254 oportere,
297 1169 331 1232 id
354 1174 402 1234 est
426 1169 568 1247 ἐχούσης.
615 1169 836 1234 Necessarium
861 1171 1048 1246 κεκτημένης
1072 1176 1120 1234 est
1143 1174 1176 1234 in
1199 1172 1301 1234 omni·

117 1275 170 1339 bus
202 1274 304 1340 libris.
352 1272 444 1339 Solus
479 1273 502 1338 S
538 1275 669 1340 exhibet
700 1276 896 1353 κτησαμένης
928 1298 946 1341 a
977 1276 1079 1340 scriba
1111 1276 1302 1341 dormitante

115 1381 289 1465 profectum
323 1385 355 1445 et
385 1385 492 1464 aperte
522 1381 723 1456 mendosum.
769 1380 892 1446 Temen
919 1383 958 1448 ob
981 1381 1057 1446 libri
1080 1383 1300 1446 auctoritatem

115 1487 240 1567 οέκρίτως
266 1491 314 1552 est
337 1490 510 1573 receptum.
1347 1489 1349 1496 '

157 1697 383 1781 Quaecumque
407 1696 597 1762 documenta
619 1696 748 1782 publica
771 1700 805 1761 in
827 1700 1038 1783 prioreparte
1060 1700 1211 1764 orationis
1232 1697 1298 1777 περὶ

113 1807 162 1868 τοῦ
194 1801 332 1883 ςεφοίνου
362 1803 480 1868 inserta
512 1801 677 1888 leguntur,
711 1806 926 1884 ψηφίσματα,
960 1805 1120 1889 ἐπιτολαί,
1153 1806 1298 1884 γραφαί,

114 1909 305 1987 κατνίλογοι,
331 1908 431 1985 νθμοι,
463 1908 644 1989 μαρτυρίαι,
668 1908 819 1987 δόγματα
846 1909 1101 1990 Ἀμφικτυόνων,
1127 1908 1301 1988 ἀποκρίσεις

114 2021 144 2079 et
173 2015 313 2093 similia,
349 2017 455 2080 omnio
479 2015 518 2079 ad
541 2036 641 2079 unum
666 2018 774 2100 spuria
797 2022 829 2081 et
853 2019 1075 2082 commenticia
1099 2022 1173 2080 sunt
1195 2018 1301 2099 inepte

113 2128 144 2186 et
173 2121 342 2207 pueriliter
373 2120 448 2188 ficta
480 2126 512 2186 et
544 2124 708 2206 supposita
739 2123 778 2187 ab
806 2124 863 2199 iis,
889 2125 944 2208 qui
967 2143 1068 2206 neque
1090 2143 1198 2186 rerum
1221 2123 1302 2186 anti-

113 2248 248 2312 quarum
271 2248 371 2311 neque
394 2227 525 2313 linguae
548 2229 666 2293 vet-eris
689 2230 846 2293 rationem
870 2228 1029 2293 tenebant.
1070 2228 1132 2307 Qui
1155 2228 1232 2292 haec
1256 2228 1303 2290 in·

112 2333 284 2420 terpolavit
315 2337 387 2416 post
419 2353 493 2418 pag.
527 2329 603 2396 291.
639 2337 816 2416 pertaesus,
851 2339 889 2398 ut
921 2334 1066 2406 videtur,
1098 2332 1303 2399 futilissimae

111 2460 221 2525 operae
247 2442 374 2522 repente
398 2436 502 2501 desiit.

152 2547 266 2612 Unum
291 2547 417 2608 tantum
442 2563 480 2607 ex
505 2543 653 2607 omnibus
676 2565 786 2610 omnes
809 2546 906 2610 habet
929 2547 1075 2612 veritatis
1099 2567 1248 2611 numeros
1271 2549 1303 2610 et

109 2655 174 2718 sine
207 2651 422 2716 controversia
451 2650 587 2733 probum
619 2654 666 2713 est
697 2657 729 2716 et
759 2654 936 2737 genuinum
968 2671 1039 2736 pag.
1075 2650 1151 2715 255.
1185 2651 1219 2716 τὸ
1245 2658 1303 2715 τῶν

108 2757 282 2838 Βυζαντίων
313 2756 479 2836 ψήφισμα.
526 2753 613 2834 Quae
646 2758 688 2820 sit
716 2756 814 2821 huius
844 2757 890 2820 rei
922 2777 1016 2820 causa
1046 2762 1078 2820 et
1109 2757 1193 2822 unde
1216 2759 1302 2821 nacti

108 2869 171 2930 sint
202 2863 326 2929 scribae
358 2862 574 2945 antiquissimi
604 2863 806 2925 monumenti
830 2860 1014 2945 exemplum
1039 2864 1244 2946 exposuimus
1270 2864 1304 2926 in

108 2973 300 3054 Maternosque
324 2966 381 3030 XI.
409 2964 504 3030 1862.
530 2987 605 3053 pag.
632 2965 696 3030 195
721 2987 787 3050 sqq.
813 2966 869 3031 ubi
892 2971 924 3030 et
947 2965 1099 3031 nonnulla
1122 2967 1303 3033 emendavi-

106 3099 180 3142 mus
212 3072 352 3144 δαίθντος
384 3073 548 3156 (δηοῦντος)
581 3093 636 3157 pro
671 3072 823 3148 δαίοντος,
857 3069 992 3146 ἐξείλετο
1027 3073 1090 3147 νίμέ
1126 3094 1183 3157 pro
1218 3075 1302 3153 οέμέ,

105 3183 231 3263 θεαρίας
263 3199 319 3266 pro
350 3180 490 3259 θεωρίας,
524 3179 579 3259 ὑφ’
612 3179 700 3252 ἁμῶν
732 3199 789 3264 pro
821 3179 876 3261 ὑφ’
909 3179 1001 3255 ἡμῶν.
1049 3177 1218 3245 Praeterea
1246 3201 1303 3266 pro

106 3288 177 3353 σοτί
202 3286 264 3350 τοέν
288 3283 396 3362 βωλοέν
421 3287 544 3369 requiro
569 3286 688 3349 ποττὰν
712 3284 839 3361 βωλοίν,
866 3289 898 3348 et
922 3285 955 3347 iu
979 3281 1039 3348 fine
1063 3279 1142 3356 θκως
1164 3285 1304 3353 ἐτιςέων-

107 3419 159 3459 ται
195 3394 222 3457 οἱ
253 3389 409 3462 Ἕλλανες
441 3398 617 3455 ΠΑΝΤΕΟ
642 3399 733 3455 ΤΑΝ
760 3398 819 3453 ΤΕ
842 3389 1009 3455 Ἀθαναίων
1033 3391 1146 3468 οέρετοδν
1170 3391 1222 3455 καί
1245 3391 1304 3456 τδιν

106 3498 284 3583 Βυζαντίων
324 3495 516 3578 εὐχαριςίαν.
585 3491 715 3561 Codices
750 3496 867 3567 σαντες
903 3497 1078 3570 Ἀθηναίων.
1147 3495 1305 3563 Porsonus

106 3607 228 3672 παντες
253 3607 287 3668 in
311 3604 370 3667 τεέν
393 3627 429 3666 τε
452 3604 608 3668 convertit
631 3603 685 3666 sed
710 3607 845 3686 utroque
870 3622 949 3686 opus
973 3607 1029 3668 est.

152 3815 240 3900 Pag.
276 3809 352 3876 259.
384 3809 439 3874 20.
471 3811 567 3874 εἰπεῖν
602 3807 682 3891 ἔχων
712 3810 912 3893 ναυμαχίας,
944 3807 1063 3884 ἐξόδους
1091 3808 1190 3890 τεζοές
1219 3811 1304 3897 [spa-

107 3923 234 4002 τείας],
261 3909 331 3988 -δις
357 3915 485 3986 aaaron
511 3919 528 3991 η
552 3914 641 3987 πόλις
666 3923 720 3990 τῆς
745 3918 803 3981 τῶν
821 3915 931 3988 ἄλλων
954 3917 1108 3990 Ἑλλήνων
1134 3918 1303 3997 ἐλευθερίας

104 4028 157 4093 καί
184 4023 339 4103 σωτηρίας
363 4021 539 4097 τετοίηται.
588 4020 666 4101 Quis
689 4024 790 4087 nescit
814 4022 948 4089 οέττικιςί
975 4023 1040 4087 dici
1063 4022 1162 4088 solere
1193 4022 1303 4099 ἐξιέναι

102 4155 161 4220 pro
200 4127 406 4207 ςρατειίεσθαι
442 4133 473 4193 et
511 4125 606 4202 ἔξοδος
638 4148 694 4212 pro
726 4125 873 4207 ςρατείαί
920 4127 1041 4193 Deinde
1072 4129 1241 4194 haeremus
1271 4133 1306 4194 in

103 4238 265 4329 genitivis
299 4233 469 4313 ἐλευθερίας
503 4235 554 4297 καὶ
588 4234 747 4313 σωτηρίας.
796 4231 992 4298 Oorreotores
1027 4241 1149 4300 veteres
1180 4236 1218 4300 de
1249 4256 1306 4301 suo

99 4345 319 4434 reposuerunt
361 4337 475 4426 [ἕνεχ’]
515 4341 665 4415 ἐλληνων,
709 4339 765 4408 alii
809 4338 941 4415 ἐλληνων
979 4335 1086 4433 [ἕνεκ’]
1125 4342 1305 4424 ἐλευθερίας,
