3096 4972
672 261 737 334 547

154 455 319 528 Σοφοκλῆς
346 449 472 526 Δοινοὶνρ·

518 555 570 638 ζῆ,
595 565 682 642 rrius,
705 558 836 640 Φέρβον.

153 662 318 744 Εὐριτιῒνρς
342 663 372 726 ἕν
397 661 507 744 Φρίξῳ·

338 769 376 832 δι’
402 768 522 840 ἐλπίδος
546 767 582 850 ζῆ
607 769 660 833 κον)
685 769 723 832 δι’
752 759 872 842 ἕλτίδος
896 769 1021 849 τρέΦον.

153 875 216 940 His
239 875 383 940 sordibus
406 873 557 942 Graeculi
577 879 609 940 et
628 875 707 940 alios
726 875 811 940 locos
830 875 1120 960 commacularunt,
1139 878 1194 960 qui
1212 899 1296 942 nuno

110 984 241 1048 correcti
263 986 355 1066 sunt,
379 987 412 1047 et
434 982 519 1048 hune
538 982 646 1046 locum
665 980 906 1061 Demosthenis,
926 983 980 1048 cui
999 982 1128 1049 taudem
1146 982 1296 1048 reddatur

110 1109 222 1156 suum:
248 1087 322 1154 ἀλλ’
343 1086 403 1155 οὐδ’
424 1086 463 1154 ἂν
487 1086 601 1170 ἔζΩΝ.

154 1347 238 1434 Peg.
263 1343 339 1412 702.
366 1345 419 1412 15.
445 1346 511 1411 tots
530 1383 571 1393 -
590 1345 745 1426 χρήμοοτοο
769 1345 874 1409 πολλοὶ
897 1354 953 1420 τῆς
977 1347 1052 1411 θεοῦ
1066 1347 1118 1410 noti
1142 1354 1200 1412 τῶν
1220 1350 1297 1414 ἐτω-

111 1451 211 1529 νύμων
248 1450 313 1537 [καὶ
346 1460 401 1526 τῆς
433 1449 563 1536 πόλεως]
596 1450 722 1530 ἕχοντοο.
768 1450 903 1516 Summo
926 1454 995 1516 iure
1017 1452 1179 1518 Dobraeus
1203 1456 1300 1521 verba

111 1559 162 1622 νω1
188 1565 244 1632 τῆς
269 1556 384 1630 πόλεως
409 1560 518 1643 spuria
541 1578 606 1622 esse
629 1556 858 1642 suspicabatur.
893 1557 1016 1642 Nempe
1040 1558 1082 1622 rai
1105 1565 1159 1632 τῆς
1181 1559 1297 1633 πόλεως

109 1667 266 1746 χρήμωτω
298 1665 340 1729 τοὶ
372 1689 407 1730 τε
440 1663 505 1744 ἱεροὶ
537 1662 590 1727 κω)
622 1663 665 1726 τοὶ
696 1660 765 1726 ὅσιοι
795 1666 829 1726 in
851 1684 884 1728 se
906 1666 1067 1729 continent
1089 1665 1131 1729 rai
1155 1674 1209 1738 τῆς
1235 1668 1299 1730 θεοῦ

110 1773 163 1836 xci
194 1773 237 1837 τοὶ
270 1777 328 1836 τῶν
357 1770 536 1847 ἕτωνύμων,
567 1767 775 1854 quamobrem
798 1769 970 1833 absurdum
995 1775 1043 1834 est
1066 1771 1176 1854 ίννρίοοι
1198 1793 1300 1858 genus

109 1880 263 1965 pecuniae
286 1898 400 1964 ponere
424 1897 524 1961 quum
546 1878 580 1940 in
602 1877 697 1939 tertio
720 1876 783 1940 duo
806 1878 910 1961 priora
933 1879 1162 1941 contineantur.

155 1985 277 2050 Eadem
309 1985 347 2049 de
377 2002 471 2047 eausa
501 2003 575 2069 pag.
608 1979 684 2047 703.
718 1979 771 2045 12.
804 1981 828 2044 si
864 1979 896 2044 δέ
925 2005 972 2053 τις
1004 1977 1067 2046 οἶδε’
1097 2005 1168 2046 τινν
1201 1983 1300 2058 irtio

113 2093 194 2169 ἱερῶν
220 2089 237 2166 ἢ
261 2096 318 2154 τῶν
342 2089 428 2154 ὅσι’ων
450 2086 620 2166 χρημάτων
646 2083 761 2164 ἕχοντοὶ
785 2111 815 2150 τι
841 2085 909 2172 [τῆς
929 2085 1059 2175 πόλεως]
1083 2088 1206 2165 μηνύειν
1226 2091 1298 2172 πρὸς

113 2195 246 2270 τούτους.
294 2195 403 2281 Inepte
426 2193 589 2259 abundans
613 2201 667 2266 τῆς
694 2191 810 2268 πόλεως
835 2196 1053 2280 expunxerim.

156 2436 238 2523 Peg.
266 2433 339 2502 703.
367 2431 420 2498 15.
450 2435 484 2496 in
507 2433 646 2516 antiquis
668 2432 760 2496 libris
782 2433 942 2498 ferebatur
963 2432 1076 2499 lectio:
1100 2437 1186 2513 μετὰ
1209 2441 1301 2503 τοῦτ’

114 2543 261 2621 ἐμήνυσεν
289 2541 460 2616 Εὐκτήμων
485 2536 568 2615 ἔχειν
593 2536 759 2618 Ἀρχέβιον
783 2538 835 2602 κον)
860 2541 1038 2614 Λυσιθείδην
1062 2545 1301 2623 τριηραρχήσαν-

115 2673 170 2722 rac
195 2649 351 2730 χρέμοντοι
375 2641 639 2724 νοινκριορικοὶ.
663 2647 743 2708 teste
766 2642 1015 2730 Harpocratione
1034 2669 1065 2712 v.
1087 2652 1300 2729 Νωνκρονρικοέ.

114 2756 203 2822 Idem
233 2753 322 2818 addit
353 2752 511 2836 »fortasse
534 2749 639 2813 mch'ca
663 2748 721 2831 leqt'
744 2749 773 2812 ἐν
797 2756 860 2822 τοῖς
884 2750 1088 2822 Ἀττιιιιοονοῑς
1112 2738 1301 2836 ΙΝοονκροι-

114 2859 288 2926 τιτικοὶ.”
312 2860 344 2924 et
362 2860 532 2940 utramque
552 2855 722 2920 lectionem
740 2855 977 2940 interpretatur.
1013 2855 1124 2941 ltaque
1143 2879 1182 2923 ne
1201 2864 1303 2947 suspi-

114 2974 203 3035 catus
227 2965 357 3051 quidem
381 2966 429 3028 est
451 2981 548 3045 quam
572 2958 707 3024 ridicula
730 2958 825 3025 lectio
850 2966 931 3026 esset
957 2963 1153 3044 νονκρωρικοέ.
1189 2965 1238 3030 Ex
1261 2969 1302 3033 iis

114 3095 194 3160 quae
217 3073 365 3138 continuo
390 3071 565 3152 sequuntur
587 3069 716 3151 apparet
738 3064 818 3130 hanc
841 3068 990 3152 praedam
1015 3089 1053 3132 ex
1076 3072 1207 3158 navigio
1227 3093 1303 3156 quo·

114 3183 187 3246 dam
221 3179 330 3244 fecisse
360 3193 476 3238 navem
499 3171 666 3255 bellicam,
691 3191 770 3256 quae
793 3172 916 3260 legatos
939 3175 973 3238 in
996 3173 1123 3240 Oariam
1147 3178 1187 3241 ad
1210 3178 1303 3244 Mau-

114 3285 218 3352 solum
252 3282 397 3348 vehebat.
434 3277 551 3356 ἔλοιβεν
587 3280 603 3351 ἡ
640 3279 756 3357 vstitu
792 3278 827 3340 ri
847 3287 966 3343 -τλοῖον
1005 3282 1022 3353 ἡ
1054 3283 1124 3354 τοὺς
1156 3282 1300 3362 πρέσβεις

114 3391 249 3470 ἄγουσιν.
295 3385 514 3453 Nihilominus
543 3382 774 3468 Harpocration
804 3387 947 3471 graviter
978 3391 1010 3450 et
1037 3387 1127 3452 docte
1149 3390 1301 3475 interpre-

113 3503 202 3564 tatur
233 3491 417 3575 νοινκροιρικοὶ
448 3511 514 3557 esse
537 3491 579 3554 τοὶ
606 3497 663 3555 τῶν
689 3490 863 3570 ἀρχόντων,
890 3490 1070 3572 νοονκρνέρονο
1096 3495 1158 3574 γὰρ
1182 3495 1216 3558 τὸ
1241 3519 1302 3560 τοι·

112 3602 202 3669 λοοιόν
224 3602 294 3673 τοὺς
318 3598 474 3678 ἄρχοντος
499 3595 622 3672 ἔλεγον,
646 3596 701 3660 sed
724 3615 786 3681 quo
810 3597 938 3661 tandem
961 3602 1053 3682 pecto
1077 3600 1221 3665 travisio
1240 3603 1302 3666 olto

112 3710 211 3797 potiri
240 3707 380 3793 potuerit
410 3705 544 3790 pecunia
574 3722 684 3766 eorum
713 3704 979 3788 magistratuum,
1013 3704 1066 3788 qui
1093 3712 1163 3768 cete
1184 3710 1303 3771 scescle

112 3813 212 3880 νοννιιῖ
236 3817 329 3876 esseut
352 3811 457 3888 desidi,
482 3829 545 3872 non
568 3809 732 3894 cogitavit.
770 3805 806 3872 Si
829 3811 899 3892 quis
918 3808 1017 3874 talem
1035 3810 1200 3874 hominem
1219 3813 1302 3879 nihil

112 3920 255 4008 cogitare
278 3917 413 4000 diceret,
437 3935 539 3980 nonne
562 3915 726 3979 verissime
750 3911 889 3978 disereti

158 4023 353 4091 Ferebantur
376 4027 483 4086 temen
506 4017 584 4084 talia
604 4021 638 4082 in
660 4019 766 4097 libris,
792 4019 907 4103 quibus
931 4020 1016 4085 docti
1040 4023 1211 4105 antiquarii
1229 4028 1301 4089 tum

111 4132 295 4203 utebantur,

158 4371 239 4460 Pag.
274 4366 364 4436 703.
383 4365 436 4434 19.
467 4363 588 4436 nivarde
619 4363 848 4442 Εὐκτήμων-
868 4360 1004 4438 διεξῆλθε
1040 4364 1112 4447 πρὸς
1149 4367 1231 4446 ὑμᾶς
1261 4374 1300 4446 ὡς
