3096 4972
763 233 828 310 ote

201 453 305 501 errore
326 435 420 498 natae
442 433 534 509 sunt,
558 431 615 516 qui
637 431 715 498 dnos
734 428 881 516 aequales
901 427 1095 496 confundens
1113 449 1194 515 quae
1213 429 1392 518 Hyperidis

201 541 304 606 essent
326 537 533 603 Demostheni
556 537 741 624 assignavit.

246 643 487 710 Peritiseimum
528 661 594 707 esee
636 643 786 707 orationis
819 644 981 706 auctorem
1015 641 1185 707 hominum
1220 661 1392 726 rerumque

201 748 384 835 aequalium
416 769 455 813 ex
485 747 536 812 his
566 748 770 832 potissimum
802 746 880 812 loeis
911 745 1044 834 colligo:
1073 768 1147 835 peg.
1175 744 1252 814 776.
1279 744 1331 810 16.
1358 746 1391 810 τὸ

199 857 255 930 τίην
279 854 393 934 βουλίην
416 852 485 921 τοὺς
508 853 725 925 πεντακοσίους
745 852 807 918 οίπὸ
833 859 889 926 της
918 853 1060 923 οίσθενοῦς
1088 850 1246 925 τοιαυτησὶ
1268 839 1393 930 κιγκλί-

201 962 248 1034 δος
273 966 331 1024 τῶν
354 959 528 1038 οίπορριίταν
552 958 655 1038 κυρίαν
677 954 755 1022 εἶναι
778 958 831 1022 καί
855 958 899 1036 μίν
923 957 992 1029 τοὺς
1013 957 1135 1030 ίδιοίτας
1155 956 1391 1022 ἔπεισιέναι··τό

199 1069 254 1141 τίην
279 1063 313 1140 ἐξ
335 1067 451 1144 Ἀρείου
474 1063 580 1142 ποίγσυ
603 1064 719 1142 βουλίην
743 1060 818 1130 ὅταν
842 1066 872 1128 έν
895 1074 933 1145 τῇ
953 1064 1105 1145 βασιλείῳ
1125 1071 1183 1148 ςορῖ
1203 1061 1390 1144 καθεζομένη

198 1171 461 1253 περισχοινίσηται
486 1169 573 1234 κατὰ
596 1171 714 1245 πολλίην
740 1171 875 1251 ἡσυχίαν
900 1171 951 1251 ἐφ’
977 1151 1088 1245 ἑαυτῆς
1112 1167 1189 1234 εἶναι
1213 1169 1267 1234 καί
1288 1166 1393 1233 σ’ίπαν-

199 1301 258 1351 τας
288 1275 420 1342 ἐκποδὼν
450 1277 638 1354 ἀποχωρεῖν·
671 1277 706 1339 τὸ
738 1275 798 1346 τοὶς
830 1275 934 1355 alexae
967 1274 1097 1348 οίποίσας
1117 1314 1158 1324 -
1177 1271 1248 1352 ίίμα
1272 1276 1316 1355 τῷ
1339 1275 1393 1338 τὸν

201 1381 350 1462 ὑπηρέτην
384 1383 479 1446 είπείν
512 1378 751 1458 »μετέστησε
782 1379 883 1455 έξοι.”
910 1383 968 1446 τῶν
1000 1381 1094 1458 νίμοιν
1122 1387 1243 1460 κρατεῖν
1266 1379 1322 1459 ἐφ’
1349 1374 1392 1450 οίς

141 1571 144 1578 ³
201 1488 465 1570 εἰσεπέμφθησαν.
501 1485 592 1552 Unde
616 1487 693 1552 haee
716 1485 866 1571 Sophiste
888 1486 1095 1552 declamitans
1118 1507 1244 1552 sumere
1265 1482 1394 1570 potuit?

244 1593 326 1681 Peg.
360 1591 436 1658 781.
470 1595 500 1658 5.
534 1593 587 1658 καί
618 1595 661 1658 τίν
693 1596 751 1669 μὲν
786 1591 874 1658 οίλλα
911 1593 1007 1677 ἐείσω,
1040 1596 1125 1668 ἀλλ’,
1161 1592 1392 1674 Ἀριςσγεῖτον,

201 1699 283 1764 imai
313 1700 445 1779 γραφὰς
478 1696 618 1778 κέκρικοίς
651 1724 692 1777 με
723 1708 786 1771 τοῖς
820 1699 893 1778 ὑπὲρ
927 1699 1082 1766 Φιλίππου
1113 1698 1185 1764 τίτε
1221 1695 1393 1777 προίττουσι

201 1805 329 1870 σεαυτίν
352 1801 508 1883 μισθώσας
533 1805 584 1870 καί
611 1803 736 1876 εὐθύνας
760 1804 887 1876 διδόντος
914 1803 958 1876 δίς
979 1805 1198 1886 κατηγορήσας
1217 1804 1269 1868 καί
1285 1840 1327 1851 -
1341 1804 1392 1867 olai

201 1918 399 1992 συκοφαντῶν
429 1909 580 1990 ἠλέγχου.
626 1911 673 1975 Er
706 1910 757 1975 his
788 1910 936 1975 omuibus
968 1908 1142 1997 Hyperidis
1172 1910 1243 1989 πρὸς
1275 1912 1395 1986 ’Apero-

200 2018 327 2096 γείτονα
360 2017 555 2082 orationibus
584 2035 648 2080 una
679 2021 807 2080 tantum
836 2018 870 2079 in
892 2014 1139 2081 Alexandrinam
1161 2015 1393 2081 bibliothecam

199 2125 344 2210 pervenit
367 2127 400 2187 et
421 2121 498 2187 haee
521 2121 589 2186 sola
608 2126 675 2186 erat
694 2124 728 2185 in
749 2121 947 2186 eruditorum
971 2122 1133 2204 manibus,
1147 2126 1297 2187 vcaeteras
1320 2123 1395 2206 quis

199 2225 349 2294 noverat?
371 2247 466 2292 nemo
488 2226 612 2302 herele,
638 2228 789 2310 quoniam
814 2224 984 2292 Oratorum
1006 2228 1109 2292 vitam
1134 2231 1166 2291 et
1189 2229 1309 2311 scripta
1329 2247 1394 2292 non

200 2332 327 2399 aliunde
358 2352 454 2417 quam
484 2353 523 2396 ex
550 2333 745 2396 orationibus
776 2352 856 2416 quoe
891 2332 1057 2396 exstabant
1089 2331 1206 2397 eruditi
1230 2332 1393 2397 habebant

161 2458 163 2463 ’
200 2441 336 2526 cognita.
382 2437 493 2520 ltaque
521 2437 662 2501 sciebant
691 2456 800 2502 omnes
829 2436 1028 2524 Hyperidem
1059 2436 1158 2502 semel
1198 2437 1237 2502 ab
1271 2439 1394 2502 Ariste

200 2547 310 2634 gitone
333 2547 493 2624 γραφῆναι
514 2540 698 2619 παρανθμυν
718 2546 790 2626 post
810 2539 1042 2627 Chaeroneam,
1063 2548 1201 2608 caeteras
1221 2545 1395 2608 accusatio-

199 2670 255 2715 nes
284 2669 348 2714 non
370 2651 522 2713 noverant
546 2650 620 2731 quia
643 2649 801 2733 perierant
826 2649 992 2713 orationes.
1039 2647 1102 2713 Sed
1121 2648 1303 2734 Hyperides
1325 2650 1394 2733 ipse

199 2757 296 2842 probe
325 2755 402 2820 haee
432 2755 630 2818 meminerat.
678 2751 756 2832 Quis
779 2752 967 2818 mortalium
988 2755 1068 2818 seire
1090 2760 1214 2837 poterat
1240 2753 1327 2837 quod
1349 2752 1393 2818 le-

199 2864 290 2949 gitur
321 2880 394 2947 pag.
426 2856 501 2924 781.
537 2856 587 2921 16.
623 2857 666 2922 δύ’
694 2858 746 2931 έτη
772 2857 920 2939 βιοίζεται
946 2858 1051 2937 λέγειν
1075 2854 1158 2929 οὗτος
1178 2896 1221 2906 -
1242 2859 1339 2923 ἔπειτ’
1363 2859 1392 2922 έν

200 2967 317 3038 τούτοις
348 2967 400 3031 τὸν
430 2965 487 3042 μὲν
518 2965 715 3042 ταλαίπωρον
749 2963 883 3038 Φωκίδην
908 2962 958 3028 καί
982 2967 1033 3028 τὸν
1056 2963 1260 3043 χαλκοτύπον
1283 2963 1335 3027 τὸν
1359 2964 1393 3027 έιι

201 3077 346 3150 Πειραιῶς
378 3070 430 3134 καί
464 3071 515 3134 τὸν
543 3069 730 3149 σκυλθδεψον
753 3107 794 3116 -
815 3065 898 3133 εἶδεν
921 3069 1100 3142 ἀδικοῦντας
1125 3073 1180 3142 την
1204 3067 1309 3147 πόλιν,
1338 3070 1391 3146 ἐμὲ

201 3176 228 3242 θ’
259 3179 318 3257 οὐχ
350 3175 425 3256 ἑώρα
456 3179 507 3241 τὸν
539 3176 647 3256 ρἰίτορα
680 3171 701 3256 ᾧ
726 3174 870 3250 ἐπολέμει
894 3176 961 3240 οὐδὲ
984 3175 1035 3239 τὸν
1060 3180 1246 3253 Λυκοῦργον.
1294 3175 1391 3240 Etant

200 3283 236 3348 hi
258 3283 403 3347 homines
427 3287 491 3346 tem
516 3285 626 3346 tenues
649 3286 681 3345 et
704 3287 772 3345 tam
793 3281 917 3345 obscuri
937 3286 975 3346 ut
994 3283 1062 3368 ipse
1081 3280 1263 3367 Hyperides
1280 3300 1389 3345 eorum

200 3390 331 3452 nomina
360 3388 516 3451 memoria
547 3387 682 3450 retinere
713 3405 777 3450 non
809 3388 957 3469 potuerit.
1005 3385 1084 3465 Quis
1115 3405 1271 3469 umquem
1299 3384 1389 3450 fando

199 3493 324 3560 audivit
349 3491 537 3572 Φιλοκροίτην
556 3490 607 3554 τὸν
629 3492 812 3556 Ἐλευσίνιον
835 3493 1112 3575 improbissimum
1133 3491 1301 3556 hominem
1321 3491 1389 3554 Ari·

199 3599 367 3686 stogitonis
397 3596 495 3662 fuisse
525 3597 683 3661 fautorem
715 3601 746 3661 et
778 3593 976 3662 adiutorem?
1005 3616 1078 3683 pag.
1105 3595 1182 3662 783.
1206 3595 1261 3660 21.
1311 3596 1387 3675 Quis

199 3708 324 3790 praetor
342 3705 426 3787 ipsos
450 3701 596 3786 aequales
620 3701 658 3767 de
682 3721 718 3766 eo
741 3701 870 3767 homine
888 3722 1044 3787 umquam
1064 3696 1245 3767 inaudivit?
1280 3698 1391 3786 Pergit

199 3809 381 3897 Hyperides
416 3828 526 3874 sauses
560 3812 593 3872 et
626 3807 746 3872 iudicia
777 3810 899 3872 nemini
929 3813 1006 3872 note
1036 3825 1285 3871 commemorare
1315 3825 1388 3890 pag.

202 3914 279 3985 784.
313 3912 364 3978 16.
393 3916 448 3987 τίην
471 3915 539 3977 καθ’
570 3914 741 3989 Ἡγήμονος
767 3913 976 3990 είσαγγελίαν
999 3912 1155 3990 μέμνησαι
1180 3912 1218 3981 ὥς
1244 3909 1389 3975 οίπέθοτο·

199 4022 259 4092 τοὶς
290 4020 375 4084 κατὰ
407 4017 556 4095 Δημοίδου
586 4018 716 4100 γραφὰς
747 4014 820 4082 οἶσθ’
850 4021 889 4090 eie
926 4015 1073 4093 ἐξέλιπεν.
1109 4015 1160 4079 τίν
1197 4014 1388 4087 ἐλαιοπώλην

200 4124 367 4203 ’Λγοίθοινα
399 4123 503 4203 (ταυτί
534 4124 596 4204 γίιρ
627 4123 670 4188 τοί
703 4120 814 4212 πρῴην)
846 4124 925 4202 βοῶν
948 4123 1001 4189 καί
1026 4121 1183 4201 κεκραγὼς
1203 4158 1247 4168 -
1266 4123 1305 4192 ὡς
1330 4117 1389 4184 δέον

202 4231 350 4314 ςρεβλοῦν
380 4230 488 4306 λαβὼν
518 4229 678 4304 ὁτιδήποτε
702 4230 804 4308 παρὼν
828 4225 873 4294 ὅτ’
898 4229 1007 4309 ἠφίετο
1033 4225 1153 4309 οίφοινος
1180 4225 1314 4305 ἐγένετο.
1339 4225 1388 4297 τίην

203 4338 288 4403 κατα
309 4334 506 4412 Δημοκλέους
531 4335 740 4412 εἰσαγγελίαν
761 4335 931 4408 ἀνασείσας
951 4342 1006 4400 ποί
1022 4331 1167 4417 έτρεψενς
1190 4329 1280 4398 ἄλλα
1298 4329 1386 4411 μύρια
