3034 4970
648 233 714 322 tat

199 443 312 534 (αὐτὰρ
334 443 401 510 ἐπεὶ
425 440 527 517 πθσινς
552 444 604 510 καὶ
630 441 767 527 έδντθνς)
788 439 865 508 *ΑΨ
890 443 1150 513 ἘΠΛΕΑΝΤο.

100 542 141 617 θνα
168 552 211 630 μέν
240 554 283 623 εἷς
315 549 397 632 stipor
426 550 534 616 ἕσθθειν
564 549 616 617 καὶ
646 549 740 616 πθνειν
763 547 928 627 λέγωνται.
976 550 1125 640 OogItare
1148 552 1276 620 videtur

101 659 132 722 de
157 658 333 724 Ptolemaei
355 659 513 735 convivis,
538 659 595 742 qui
619 678 719 742 quum
742 676 781 720 ex
805 655 907 741 epulis
931 661 1029 746 regiis
1052 661 1153 724 saturi
1176 679 1279 725 rever-

99 767 214 848 tissent,
245 785 308 830 non
339 762 433 828 facila
456 765 567 828 statim
587 766 679 829 novis
708 762 841 846 dapibus
865 767 951 830 vesci
972 768 1158 851 potuissent.
1205 764 1280 829 Alia

100 876 178 936 erant
200 877 257 935 τῶν
282 869 379 949 ἡρώων
400 866 418 945 ἦ
440 894 475 933 τε
499 869 582 950 ῥώμη
607 869 660 934 καὶ
687 870 703 946 ri
728 868 843 934 δίαιτα.
879 870 996 936 Mirari
1015 871 1099 938 soleo
1120 872 1203 956 quod
1222 869 1279 934 Di·

99 977 206 1064 dymus
228 976 370 1042 addidit:
396 977 469 1040 ἀλλ’
493 971 572 1053 ὅμως
598 976 655 1041 ὑπὸ
681 981 823 1054 περιττῆς
848 976 1021 1054 εὐλαβείας
1042 977 1124 1043 οὐδὲν
1145 985 1280 1043 ΜΕΤΕ-

100 1091 231 1148 ΘΗΚΕΝ
258 1083 288 1146 έν
312 1089 448 1153 πολλαῖς
472 1078 565 1152 οὕτως
589 1081 677 1161 εὑρὼν
702 1081 869 1162 <asponam
893 1084 948 1158 rio
968 1085 1105 1166 γραφήν.
1136 1084 1281 1150 Utuntur

99 1209 196 1254 omnes
223 1187 282 1254 illo
312 1187 382 1253 loco
414 1188 454 1253 ad
483 1188 767 1254 demonstrandum
791 1194 907 1272 quanta
931 1189 1086 1278 religione
1109 1194 1144 1255 in
1168 1193 1281 1256 consti-

98 1296 205 1361 tuendo
238 1294 411 1360 Homerico
445 1298 538 1359 tcxtu
572 1294 775 1360 Aristarchus
808 1294 906 1359 fuerit
939 1317 1025 1363 usus.
1073 1296 1136 1363 Sed
1174 1300 1281 1364 omnia

100 1402 220 1467 suadent
242 1405 281 1465 ut
304 1400 470 1465 credamus
493 1399 543 1479 ἂψ
569 1397 726 1465 έπθσανπσ
751 1420 817 1465 essa
840 1403 941 1486 ipsius
964 1403 1142 1468 Aristarchi
1161 1406 1280 1470 coniec-

99 1510 195 1572 turam
223 1529 285 1574 non
314 1507 488 1572 admodum
520 1505 648 1571 felicem
678 1527 779 1592 neque
815 1505 1009 1595 elegantem,
1046 1514 1078 1574 et
1112 1509 1281 1597 vulgatam

101 1616 276 1700 scripturam
307 1634 371 1679 non
403 1615 434 1676 ἐν
459 1619 594 1685 πολλαῖς
619 1612 674 1678 sed
698 1614 727 1676 ἕν
755 1611 873 1685 πιέσαις
898 1613 1014 1680 lectam
1037 1615 1145 1682 fuisse.
1193 1615 1280 1696 Quae

102 1725 143 1784 est
162 1723 278 1809 igitur,
303 1739 436 1805 quassa,
461 1717 520 1783 illa
543 1721 670 1800 περιττὴ
694 1716 872 1796 εθλθβειαθ

140 1826 228 1893 Iliad.
252 1836 277 1891 I.
302 1824 378 1890 452.
405 1826 578 1891 παλλακίδι
602 1833 805 1905 πραμιμῆναιτ
830 1824 1032 1891 ἈΠΡΕΠΕΟ
1057 1830 1188 1893 τοιαῦτα
1212 1826 1279 1908 περὶ

100 1933 185 1998 αὑτοῦ
205 1931 346 2008 διεξιέναι
369 1934 440 2011 πρὸς
460 1932 554 2011 μηδὲν
573 1932 758 2009 αναγκαῖον.
783 1931 832 1997 Plx
852 1952 926 1997 suae
947 1935 1060 1998 aetatis
1080 1955 1173 2000 sensu
1183 1935 1281 2001 homo

99 2039 219 2106 iudicat.
267 2037 321 2103 Hli
351 2042 474 2104 veteres
497 2040 525 2104 si
548 2037 625 2123 quid
649 2037 856 2123 deliquissent
879 2036 964 2105 ultro
988 2039 1119 2105 candide
1141 2041 1281 2107 fateban-

99 2149 156 2210 tur.
198 2145 241 2210 Et
272 2145 349 2230 quid
379 2149 427 2209 est
449 2147 555 2232 magis
579 2146 753 2222 αναγκαῖον
775 2165 872 2229 quam
895 2143 1088 2210 Phoenicem
1113 2165 1281 2234 agnoscere

100 2248 237 2338 culpam?
273 2250 337 2331 Qui
360 2253 535 2316 commenti
558 2251 633 2316 sunt
655 2251 693 2316 de
716 2271 774 2316 auo
796 2249 966 2316 lectionem
991 2254 1207 2338 perincptam:

455 2367 493 2440 τῇ
517 2357 550 2422 αθ
576 2355 706 2434 πιθθμνν
730 2357 789 2422 οὐδ’
813 2353 906 2438 έρξα,

99 2467 217 2547 pettam
248 2481 357 2529 secum
387 2465 495 2548 ipsum
523 2483 665 2551 pugnare
688 2462 736 2528 nil
758 2464 974 2529 morabantur.
1020 2463 1172 2553 Pugnant
1195 2468 1282 2533 enim

99 2575 198 2654 aperte
230 2571 315 2634 inter
348 2587 399 2635 so:
435 2579 473 2653 τῇ
504 2571 536 2635 οὐ
568 2567 697 2647 πιθθμνν
731 2569 790 2634 οὐδ’
820 2567 909 2655 έρξα,
944 2576 992 2636 et:
1025 2574 1129 2654 πατὴρ
1158 2572 1183 2638 δ’
1209 2575 1281 2653 έμὸς

98 2675 233 2742 ATTlK’
256 2675 365 2748 ὀϊσθεὶς
388 2665 495 2740 πολλὰ
519 2678 685 2756 κατηρᾶτο.

139 2783 228 2849 Iliad.
257 2792 283 2847 1.
317 2780 509 2850 688-693.
538 2785 718 2848 ἁθετιῦνπαι
748 2782 832 2863 sigor
862 2782 954 2848 πέντε
979 2820 1032 2849 -.
1057 2785 1108 2850 καὶ
1135 2785 1196 2866 γὰρ
1221 2781 1283 2852 dtur

98 2887 312 2956 'AssPessfflc
335 2891 361 2955 οἱ
384 2889 478 2970 elza.
526 2888 609 2970 Quid
631 2894 679 2955 est
701 2890 832 2956 tandem
855 2892 890 2955 in
912 2890 963 2955 his
987 2889 1141 2971 θπρεπέςθ
1160 2892 1284 2978 Nempe

98 2994 192 3061 dixit:
225 2995 283 3061 εἰσ)
317 2997 367 3061 καὶ
401 2993 464 3060 οἵδε
497 2996 538 3060 τὰ
570 2995 714 3072 εἰπέμεν,
748 3001 780 3061 ct
809 2996 977 3060 indecorum
1008 2996 1136 3063 videtur
1167 2993 1212 3062 ὅτι
1245 3001 1284 3072 ὡς
1354 3009 1357 3014 “

97 3099 320 3179 νέπιςνσθμενας
343 3102 502 3183 μάρτυρας
526 3102 710 3166 ἐπισπᾶται.
758 3099 876 3168 Omnes
900 3102 960 3168 hoo
983 3103 1105 3168 faciunt
1123 3111 1155 3168 at
1174 3103 1284 3169 luben·

96 3211 145 3272 ter
165 3208 287 3274 faciunt
311 3211 366 3293 qui
389 3229 465 3276 vara
486 3207 669 3294 loquuntur.

140 3311 229 3380 Iliad.
256 3324 289 3384 Ξ.
316 3314 346 3379 1.

251 3419 375 3500 Νέςνια
399 3420 423 3486 δ’
448 3417 736 3501 visitatoriam
761 3418 888 3486 πθνσντνέ
914 3445 969 3502 περ
995 3419 1106 3500 έμπνς.

139 3522 343 3593 ἈΠΡΕΠΕΟ
377 3551 455 3600 τινες
487 3526 633 3603 οἰηθέντες
666 3521 743 3593 εἶναι
776 3528 828 3592 καὶ
859 3537 915 3593 OT
940 3529 1025 3593 κατὰ
1050 3527 1228 3610 πρεσβθτνν
1251 3528 1286 3598 τθ

94 3633 189 3699 πθνειν
212 3670 254 3682 -—
280 3632 441 3706 ακνλθςως
465 3634 546 3716 Φασὶ
572 3634 624 3698 καὶ
648 3635 688 3706 ὠς
710 3633 839 3713 μέθυσος
863 3634 952 3700 πίνει.
977 3636 1181 3721 quodquam
1198 3637 1287 3705 nullo

93 3744 187 3824 pacto
205 3740 371 3805 ferendum
392 3761 458 3806 esse
476 3743 578 3826 inepti
597 3742 814 3826 opinarentur,
836 3744 1058 3829 excogitarunt
1070 3742 1190 3829 aliquid
1203 3745 1288 3830 qnod

93 3845 178 3910 infra
208 3846 377 3931 proferam.
425 3847 528 3928 Quam
559 3849 602 3912 sit
632 3868 746 3913 senum
775 3852 907 3913 naturae
937 3869 1113 3936 congruens
1145 3850 1179 3914 id
1203 3853 1287 3937 quod

93 3952 180 4038 apud
203 3959 330 4038 poetam
353 3957 400 4018 cst
424 3950 637 4020 Grammatioi
659 3955 694 4019 in
717 3951 791 4019 aula
813 3957 903 4042 regia
925 3976 988 4021 non
1012 3957 1198 4023 sentiebant.

138 4059 234 4125 Iliad.
257 4069 297 4126 Π.
322 4057 376 4125 85.

528 4166 609 4247 ατὰρ
633 4162 659 4233 οἳ
683 4166 875 4248 περικαλλέα
898 4167 1005 4250 κνθρνν

235 4268 283 4350 θψ
306 4268 526 4346 θπσδθσσασι,
550 4273 636 4354 προτὶ
661 4273 688 4338 δ’
712 4275 827 4352 ἀγλαὰ
852 4273 930 4355 δῶμα
954 4274 1090 4356 πόρωσιν.

93 4395 166 4448 eccs
197 4377 318 4443 iterum
350 4374 529 4466 Crispinus:
559 4377 762 4446 ’AssPessec
787 4381 818 4446 δὲ
841 4380 875 4446 σθ
900 4382 1093 4456 παλλακίδος
1116 4377 1169 4448 καὶ
1193 4383 1288 4466 tripos
