3034 4968
652 235 695 306 ei

130 427 203 516 Peg.
239 426 316 493 206.
352 427 407 494 26.
436 429 469 492 ού
500 426 564 507 γὰρ
596 425 634 492 ἂν
666 427 803 504 η’γοῦμαι
835 428 901 509 περὶ
934 429 1042 496 τούτου
1075 427 1162 507 μόνον
1195 431 1268 508 ἡμῖν

94 529 158 599 εἶναι
188 534 238 600 τὸν
270 534 361 612 λύγον
395 536 466 613 πρὸς
498 533 642 602 ἐκείνους.
675 535 749 598 ἀλλ’
783 532 863 600 tetre
896 533 933 600 το’
964 535 998 613 γ’
1025 536 1149 601 ἐπελθὸν
1173 537 1269 602 εἰπεῖν

94 663 151 716 ριι·
180 639 245 720 περὶ
279 645 400 706 πολλῶν
425 640 451 704 δ’
475 640 513 705 ἂν
536 635 622 717 οἶμαι
647 638 777 705 κίνδυνον
801 644 874 719 ἡμῖν
897 640 1051 720 γενέσθαι.
1100 642 1269 723 (1111111111

94 752 150 811 erat
180 748 350 812 vehemens
381 751 485 812 orator
515 746 744 823 ἀποσιωπήσει,
777 769 849 812 eam
880 752 911 814 et
935 749 1054 814 scribae
1079 755 1111 814 et
1133 750 1268 815 editores

93 873 204 937 prorsus
227 853 444 918 obscurarunt.
492 850 619 918 Scribe:
645 889 688 900 -
714 855 786 931 ἡμῖν
809 849 887 918 εἶναι
913 853 964 918 σὸν
987 853 1081 932 λύγοι
1099 856 1171 935 πρὸς
1192 854 1269 921 ἐκεί-

94 981 164 1030 νους·
178 996 197 1008 -
211 995 230 1008 -
244 995 263 1007 -
277 995 319 1035 -,
343 964 415 1023 tum
435 963 507 1044 pest
525 960 620 1024 breve
641 958 824 1024 silentium:
846 962 921 1026 ἀλλ’
942 960 1022 1027 εὀὶσω
1047 963 1083 1028 τύ
1094 964 1128 1041 γ’
1141 962 1268 1028 ἐπελθὸν

93 1067 176 1130 εἰπεῖν
204 1089 271 1140 μοι.
305 1071 342 1130 ut
373 1068 408 1130 in
431 1067 646 1149 ο11111111ρ1ο
674 1067 794 1130 Corone.
819 1087 893 1154 pag.
919 1065 1074 1132 aad-18.
1100 1069 1175 1134 ἀλλ’
1198 1066 1267 1144 ἐμοὶ

92 1171 140 1248 μέν
152 1207 289 1248 -----
323 1173 355 1235 οὐ
389 1171 544 1249 βούλομαι
569 1171 600 1236 δὲ
624 1172 768 1252 δυσχερὲς
793 1173 889 1237 εἰπεῖν
914 1174 995 1238 οὐδὲν
1018 1173 1189 1256 οὶρχύμενος
1213 1177 1267 1239 τοῦ

91 1277 183 1352 λόγου.
228 1277 458 1344 Demosthenes
492 1279 594 1364 igitur
628 1299 728 1362 quum
764 1278 914 1345 dixisset:
948 1281 1023 1344 ἀλλ’
1056 1280 1135 1345 idco
1166 1280 1203 1346 σύ
1234 1283 1267 1358 γ’

92 1384 202 1448 ἐπελθὸν
233 1386 330 1449 εἰπεῖν
362 1406 435 1460 μοι,
469 1387 501 1448 11
525 1385 570 1447 111
594 1384 779 1470 gravissimi
801 1385 936 1469 periculi
959 1392 991 1451 et
1014 1387 1206 1452 discriminis
1229 1387 1268 1452 ds

90 1489 180 1555 salute
201 1493 413 1577 suspicionem
437 1492 470 1552 in
495 1491 616 1554 civium
641 1491 757 1554 animis
780 1492 951 1576 movisset,
972 1493 1108 1558 verbum
1128 1492 1267 1578 amplius

90 1616 143 1659 non
165 1597 285 1661 addidit
309 1600 341 1661 et
365 1596 492 1659 transiit
517 1595 556 1658 ad
580 1594 668 1660 aliud
688 1603 924 1683 argumentum.
973 1597 1058 1662 Tum
1076 1620 1132 1683 pre
1150 1598 1267 1666 Deme-

90 1701 187 1768 sthene
209 1723 276 1767 sero
296 1703 366 1766 nati
385 1698 563 1786 magistelli
582 1703 772 1765 sententiam
793 1701 833 1767 ab
852 1723 888 1772 1ο
908 1702 946 1768 de
964 1705 1122 1768 industria
1140 1703 1268 1771 silentio

88 1827 253 1893 oppressam
285 1808 324 1872 de
357 1827 414 1871 sue
445 1804 628 1891 supplentes
659 1807 907 1891 adscripserunt:
941 1807 1006 1888 aspi
1032 1814 1152 1874 πολλῶν
1178 1808 1204 1872 δ’
1228 1809 1267 1875 ἂν

89 1909 166 1989 οἶμαι
189 1915 317 1979 κίνδυνον
342 1914 414 1989 ἡμῖν
438 1911 592 1988 γενέσθαι.
640 1911 771 1977 Frustra
794 1916 829 1976 in
851 1913 902 1978 his
921 1913 1083 1980 Debraeus
1101 1915 1169 1996 περὶ
1190 1930 1266 1981 πολ-

87 2026 133 2084 λοῦ
164 2022 312 2086 coniecit:
343 2039 408 2083 una
441 2017 538 2082 litura
562 2017 639 2082 haec
662 2020 770 2083 omnia
793 2017 892 2084 deleri
915 2024 1038 2106 oportet
1059 2020 1173 2087 multis
1196 2027 1267 2106 pest

86 2124 321 2192 Demosthenem
357 2123 491 2210 saeculis
517 2123 716 2210 interpolata
747 2125 786 2189 ab
817 2145 869 2202 eo,
904 2127 959 2211 qui
992 2147 1033 2193 ne
1066 2126 1267 2192 intellexerat

86 2233 204 2315 quidem
227 2233 260 2297 id
285 2231 370 2316 quod
394 2249 541 2295 summus
565 2234 669 2295 emtor
693 2229 890 2310 ἐναργέςατα
915 2237 1117 2318 expresserat.

123 2444 199 2534 Peg.
231 2442 308 2512 207.
340 2442 371 2508 2.
404 2440 651 2520 decimitertii
678 2440 821 2519 γενέσθαι
845 2443 946 2524 φίλων
967 2446 1097 2530 [αὐτῶν]
1122 2441 1170 2509 ἵνα
1194 2445 1264 2509 τού-

85 2553 194 2617 ναντίον
223 2546 256 2616 εὖ
287 2556 408 2616 ποιῶσιν
440 2549 523 2626 teas
553 2548 735 2626 βασκαίνειν
764 2547 817 2613 καὶ
849 2559 973 2616 σκοπεῖν
1004 2551 1040 2628 ἐξ
1063 2546 1130 2615 ὅτου
1154 2549 1265 2630 τρύπου

84 2660 121 2733 μὴ
144 2659 334 2735 γενήσονται.
371 2657 552 2720 Pronomen
578 2654 692 2728 αὐτῶν,
715 2655 799 2740 quod
818 2655 893 2721 beni
913 2659 1079 2743 scriptores
1100 2659 1133 2722 in
1153 2657 1263 2722 huius-

83 2765 197 2830 cemodi
230 2764 300 2829 lece
331 2761 433 2828 solent
465 2763 627 2838 emittere,
661 2780 697 2826 ee
729 2760 798 2826 leco
829 2765 971 2848 pesitum
1000 2767 1047 2828 est
1069 2768 1107 2828 ut
1129 2762 1182 2830 vel
1204 2765 1264 2830 hoe

82 2870 190 2936 indicio
214 2871 360 2954 spurium
386 2874 418 2934 et
440 2869 619 2932 insiticium
643 2887 709 2931 esse
732 2865 872 2951 patefiat.

121 3082 268 3170 Sequitur
290 3103 364 3170 pag.
388 3079 465 3148 207.
493 3077 523 3143 5.
548 3078 599 3142 καὶ
625 3078 669 3154 aa
693 3077 876 3156 γιγνώσκειν
900 3075 946 3143 ὅτι
969 3077 1027 3163 dee
1047 3080 1085 3146 dcv
1106 3081 1262 3149 σπουδαιο-

79 3188 170 3267 τέρους
205 3191 329 3260 τούτους
366 3186 431 3267 περὶ
471 3184 628 3262 Θηβαίους
658 3183 885 3262 γεγενημένους
916 3185 1098 3264 ἀποδείξωσι
1130 3188 1262 3269 τοσούτῳ

81 3297 208 3367 πλείονος
234 3297 325 3375 ὀργῆς
350 3292 437 3358 αὐτοὶ
462 3291 584 3363 δικαίως
609 3289 646 3355 ἂν
672 3290 858 3370 τυγχάνοιεν
878 3292 903 3356 εί
924 3292 1063 3357 τοιούτων
1083 3292 1263 3373 συμμάχων

79 3402 127 3474 rie
149 3401 238 3468 πόλιν
263 3399 323 3486 [ὅτ’
349 3402 400 3480 ἐφ’
427 3399 509 3475 ὑμῶς
535 3396 691 3476 προτέρους
716 3393 802 3471 ἦλύον
824 3397 840 3473 ἢ
865 3398 1036 3482 Θηβαίους]
1057 3387 1263 3479 οἳπεςέρησαν.

79 3503 144 3572 Seio
167 3530 233 3574 1111
256 3508 371 3593 quibus
394 3526 457 3571 non
480 3503 573 3570 facile
596 3503 824 3589 persuadeatur
846 3505 1022 3588 praeclaras
1039 3505 1264 3574 Demosthenis

78 3617 225 3680 orationes
249 3613 398 3679 futilibus
421 3610 568 3676 iutilium
593 3610 762 3674 hominum
787 3611 1143 3696 annotatiunculisesse
1164 3614 1264 3680 defer·

77 3725 189 3796 metas,
222 3720 277 3786 sed
306 3740 390 3783 nunc
422 3716 505 3782 mihi
529 3717 598 3780 dari
621 3715 721 3780 velim
746 3719 953 3800 quantumvis
975 3721 1177 3802 pertinacem,
1192 3722 1263 3788 vul-

76 3830 164 3910 gatae
195 3829 368 3911 seripturae
401 3824 596 3914 defensorem
626 3844 661 3887 ac
691 3822 871 3899 vindicem,
904 3824 959 3889 sed
983 3825 1119 3890 eundem
1143 3823 1263 3894 Graece

76 3933 222 3997 scientem
255 3913 301 3997 et¹
315 3930 478 3996 iudicandi
510 3928 661 3994 facultate
692 3929 892 4013 praeditum,
920 3934 951 3994 et
974 3951 1093 4018 magna
1116 3953 1169 3997 me
1192 3955 1263 4018 spes

76 4038 157 4101 tenet
183 4038 249 4103 fore
280 4042 318 4102 ut
347 4057 422 4102 eum
445 4038 479 4100 in
502 4056 609 4100 meam
634 4037 825 4100 sententiam
848 4037 1031 4120 pertraham
1054 4036 1143 4102 futili
1167 4035 1264 4107 Gree-

77 4141 143 4208 eulo
177 4145 283 4210 deberi
316 4142 415 4208 verba
450 4136 495 4204 ἔτ’
528 4143 581 4219 ἐφ’
614 4141 697 4218 ὑμᾶς
731 4141 889 4221 προτέρους
922 4139 1008 4217 ύλύον
1040 4144 1056 4218 ἢ
1092 4143 1260 4221 Θηβαίους,

76 4244 216 4314 Primum
233 4250 317 4316 mihi
334 4247 581 4314 animadvertite
601 4267 696 4331 quam
714 4250 898 4332 importune
909 4248 978 4316 loco
1004 4251 1067 4315 sint
1078 4251 1265 4335 interposita

76 4357 111 4416 ut
134 4359 307 4422 arctissime
328 4352 548 4440 coniungenda
566 4353 591 4417 εἰ
615 4352 756 4418 τοιούτων
772 4353 951 4433 συρομύχων
972 4355 1026 4429 τὴν
1045 4353 1135 4420 πόλιν
1153 4356 1266 4428 dasci-

554 4470 555 4474 ¹
1104 4455 1118 4503 e
