3096 4972
797 251 862 322 526

229 448 284 516 Sic
314 448 429 534 optimi
460 467 569 512 omnes
592 443 654 511 τίδ’
678 441 754 513 είνοιι
778 449 846 512 sine
870 467 972 513 sensu.
1020 445 1137 512 Veram
1160 445 1334 510 lectionem
1358 442 1418 509 feli·

228 557 356 622 oissime
388 556 505 640 reperit
536 555 640 619 neseio
673 556 745 638 quis
768 551 908 620 Graecus
932 557 1107 629 eorreotor,
1129 571 1246 636 nempe
1271 552 1306 617 τὸ
1330 551 1417 616 δεῖνον.

228 663 370 746 Antiqua
395 662 552 746 scriptura
572 667 772 726 ΤΟΔΕΙΝΑ
800 661 918 725 scribas
940 658 1106 724 fefellerat.

274 766 524 850 Nonnumquam
546 767 591 830 sie
615 787 655 829 er
677 765 769 831 libris
793 765 1002 832 deterioribus
1024 766 1164 850 optimae
1184 759 1339 828 lectiones
1359 783 1419 848 pro

230 873 329 939 deunt
352 872 391 938 ab
413 876 506 936 aouto
529 869 647 936 lectore
670 871 840 956 profectae.

278 1083 358 1170 Peg.
392 1079 468 1146 613.
500 1078 530 1144 2.
563 1075 617 1143 εἶθ’
643 1077 721 1145 οὗτοι
740 1119 780 1130 -
802 1082 845 1147 τά
868 1089 923 1156 τῆς
948 1088 1002 1155 σῆς
1028 1079 1230 1153 ἀναισθησίας
1255 1085 1310 1146 nai
1335 1105 1419 1154 πονη-

230 1187 297 1270 ρίοις
328 1185 406 1267 ἔργον
438 1187 488 1268 ἐφ’
511 1186 637 1258 ἑοιυτοὺς
662 1187 888 1266 &redifferrem
914 1186 1045 1272 Saepius
1069 1186 1154 1272 apud
1175 1185 1420 1253 Demosthenem

231 1294 434 1375 οιίσχιίνεσίιιι
458 1298 491 1357 et
514 1291 711 1358 οιίσίάνεσίιιι
737 1294 866 1359 confusa
889 1298 981 1370 sunt,
1006 1297 1044 1357 ut
1067 1291 1130 1357 alio
1153 1291 1222 1358 loeo
1246 1294 1417 1359 ostendam.

231 1401 322 1467 Idem
350 1419 591 1483 nonnumquam
624 1398 746 1464 fastum
782 1405 829 1464 est
865 1402 899 1464 in
935 1399 1118 1464 nominibus
1148 1399 1360 1478 ἀναισχυντία
1392 1403 1421 1464 et

231 1505 426 1580 ἀνοιισίησίιι.
473 1504 532 1570 Est
561 1509 671 1569 tamen
703 1503 826 1590 aliquid
857 1507 941 1570 inter
972 1504 1184 1588 ιἰυμυιίονιίίονιι
1208 1509 1421 1592 obstuperent,

232 1617 271 1676 ut
300 1612 393 1677 facile
425 1632 464 1676 ex
494 1613 647 1696 euiusque
678 1610 741 1676 looi
772 1614 931 1677 sententia
965 1615 1113 1697 appareat
1147 1612 1220 1673 utra
1255 1611 1300 1672 sit
1332 1608 1421 1675 lectio

231 1719 345 1785 verior.
376 1716 488 1802 Itaque
510 1717 544 1782 h.
558 1715 581 1781 l.
606 1718 663 1782 ubi
685 1716 762 1782 libri
784 1720 909 1784 variant
931 1719 966 1782 in
985 1714 1185 1790 ἀναισθησίας
1205 1718 1239 1778 et
1258 1715 1420 1797 ἀναισχυν-

231 1824 303 1897 elac
328 1828 476 1890 contexta
499 1824 600 1889 oratio
623 1822 716 1889 facile
740 1824 936 1889 demonstrat
957 1824 1018 1888 hoe
1041 1825 1133 1887 uniee
1157 1840 1225 1888 esse
1247 1843 1372 1890 verum.

277 2035 357 2122 Peg.
390 2032 466 2098 613.
499 2031 533 2100 8.
569 2032 672 2113 σάζειν
704 2033 776 2108 ὑμῖν
808 2032 878 2106 τοὺς
906 2033 1056 2104 τοιούτους
1082 2033 1225 2112 προσήκει
1250 2032 1303 2098 κυνί
1326 2041 1421 2112 μισεῖν

231 2140 302 2212 τοὺς
337 2135 476 2219 οίΟΟτερ
507 2137 603 2211 οὗτος.
650 2139 732 2205 Boni
763 2138 840 2204 libri
874 2138 1019 2218 οἵουσπερ.
1066 2134 1159 2204 Hane
1193 2161 1259 2205 esse
1294 2161 1421 2205 manum
1536 2225 1537 2236 ἵ

233 2246 455 2312 Demosthenis
488 2251 521 2310 et
545 2266 624 2329 quae
648 2248 692 2309 sit
714 2245 811 2310 huius
835 2247 1033 2311 attractionis
1056 2267 1133 2310 usus
1155 2250 1187 2310 et
1210 2248 1291 2312 ratio
1313 2246 1421 2311 multis

232 2352 430 2419 ostendimus
451 2353 487 2415 in
516 2350 589 2416 Vor.
614 2351 709 2416 Lecti.
733 2371 808 2438 pag.
836 2350 913 2416 500.

277 2523 357 2648 Peg.
391 2557 467 2624 614.
501 2556 554 2624 18.
587 2559 662 2637 ίμοῦ
693 2560 869 2638 μετοίκους,
902 2560 1080 2634 ’aequaeva
1117 2570 1244 2626 ΔΕΩΝ
1280 2559 1418 2639 ἀνιάγυν.

232 2666 442 2732 Soribendum
462 2686 499 2730 ex
519 2670 671 2750 perpetuo
692 2667 937 2732 Atheniensium
957 2688 1018 2732 usu
1040 2666 1096 2732 δῶν
1116 2687 1179 2733 non
1196 2667 1295 2768 δέων..
1312 2667 1418 2733 Dieam

233 2774 271 2840 de
298 2774 349 2839 his
371 2773 482 2838 formis
506 2771 570 2838 alio
593 2771 673 2837 loeo.

276 2981 358 3070 Peg.
391 2979 467 3046 614.
500 2977 557 3047 28.
590 2981 679 3045 ἀλλά
711 2981 745 3053 νίν
776 2981 839 3047 Δίοι
870 2987 975 3048 rubra
1005 2993 1101 3050 ΜΕΝ
1126 2984 1259 3057 τοιοῦτός
1284 2984 1418 3060 isra·—

234 3085 322 3153 ἀλλον
352 3088 377 3152 δ’
410 3083 471 3152 ἔσθ’
505 3077 527 3151 ἀ
558 3092 662 3160 ualde
694 3084 845 3167 διῴκηκεν.
879 3089 968 3154 ἀλλά
1002 3085 1098 3156 τᾶλλ’
1119 3090 1194 3156 οὕτω
1220 3087 1416 3172 τροσελνίλυίε

232 3191 340 3258 τάνσοι
363 3195 434 3274 τρίς
460 3194 542 3271 epar
562 3191 621 3262 ἀεε
642 3193 735 3272 ἥκιςοι
756 3197 824 3260 ἘΝ
846 3191 887 3267 οἷς
908 3196 1065 3270 denudare
1086 3195 1169 3275 ἀξιίς
1190 3200 1236 3268 ἐςι
1258 3196 1413 3276 pressea

277 3300 407 3366 Habent
424 3302 639 3366 honoratores
660 3301 774 3388 Attici,
795 3306 833 3366 ut
854 3304 881 3367 si
894 3304 971 3388 quid
983 3309 1065 3369 esset
1077 3308 1170 3370 antea
1181 3325 1200 3369 a
1212 3325 1245 3370 se
1257 3310 1413 3384 (nonnum-

232 3428 330 3492 quam
348 3410 380 3471 et
395 3408 434 3472 ab
447 3406 531 3492 aliis)
545 3409 623 3473 scite
636 3412 668 3472 et
680 3406 842 3494 eleganter
854 3408 978 3474 dietum
991 3414 1048 3474 aut
1059 3409 1194 3476 feliciter
1206 3412 1412 3486 enuntiatum,

233 3518 291 3579 aut
308 3512 472 3597 quodlibet
492 3513 617 3579 dicendi
637 3510 838 3592 κυτίρίυμιι,
865 3535 927 3600 quo
951 3516 1151 3580 audientium
1175 3518 1276 3581 animi
1295 3515 1413 3603 greum

233 3623 509 3685 commoverentur
532 3623 564 3683 et
588 3618 847 3704 impellerentur,
870 3620 1018 3687 lubenter
1040 3621 1138 3688 semel
1160 3624 1328 3687 etiterum
1344 3618 1413 3684 alias

233 3729 328 3810 atque
350 3725 429 3790 alias
449 3727 610 3790 iterarent.
656 3725 729 3790 Non
756 3725 885 3812 illepide
909 3728 992 3793 dixit
1014 3727 1166 3793 Isocrates
1192 3748 1265 3815 pag.
1294 3725 1360 3793 101.
1381 3740 1410 3786 a.

232 3831 328 3908 μωρὸς
354 3829 392 3895 ἀν
418 3827 451 3906 ἦν
470 3868 511 3878 -
530 3831 554 3893 εί
587 3829 655 3901 τοὺς
688 3827 804 3903 ἀλλους
838 3831 907 3911 ὁρῶν
938 3841 1001 3905 τοῖς
1030 3834 1115 3910 ἐμοῖς
1138 3834 1311 3914 χρωμένους
1329 3826 1410 3897 αὐτὸς

232 3945 390 4002 MONOC
411 3935 590 4018 ἀπειχόμην
610 3942 668 4000 τῶν
690 3938 741 4002 ὑπ’
763 3939 837 4014 ἐμοῦ
851 3939 990 4020 πρότερον
1002 3938 1173 4020 εἰρημένων.
1199 3937 1411 4004 Demosthenes

233 4063 357 4127 quoque
378 4046 502 4128 saepius
521 4063 574 4120 ea,
596 4063 676 4127 quae
695 4043 845 4129 plausum
867 4045 1036 4131 aliquando
1056 4045 1205 4111 tulissent
1222 4050 1253 4110 et
1267 4041 1409 4108 iudicibus

233 4153 265 4214 et
288 4168 418 4214 coronae
440 4149 683 4215 admirationem
708 4154 900 4229 movissent,
926 4156 1067 4236 repetere
1091 4151 1172 4217 solet
1195 4150 1308 4215 iisdem
1330 4145 1408 4231 pune

232 4253 338 4321 verbis
367 4258 423 4318 aut
453 4254 599 4320 nonnihil
629 4259 757 4321 tantum
794 4259 938 4322 mutatis.
987 4255 1078 4336 Quod
1113 4257 1186 4322 κοτ’
1223 4251 1406 4334 Ἀνδροτίωνος

232 4361 355 4429 dixerat
377 4380 451 4449 pag.
478 4357 556 4428 595.
583 4359 636 4427 15.
662 4364 695 4427 οὐ
719 4362 783 4443 γάρ
807 4361 837 4428 εί
859 4386 888 4428 τι
914 4362 1038 4428 adsere
1062 4357 1405 4443 asseverationibus
