3086 4968
658 275 723 347 435

139 477 171 535 Ξ.
198 465 276 533 229.
297 470 386 533 τοῦτο
406 467 441 532 τδ
461 465 523 548 θροο
542 465 569 556 (θ
584 467 700 558 Ἄθως)
720 467 816 539 ςάδια
836 468 996 550 τριακθσια
1016 471 1143 547 Λήμνον
1161 468 1283 549 άπέχον

96 573 214 655 σκιάζει
241 573 348 648 αὐτήν.
372 573 426 638 καὶ
451 575 467 650 ή
492 574 622 655 παροιμί
654 597 662 613 ·

364 678 464 752 Ἄθως
489 676 605 758 σκιάζει
630 675 695 744 ὦτα
717 679 861 758 Λήμνίαο
875 679 968 759 ’βοθμ

95 787 186 852 εοτὶίι.
211 783 329 866 σκιάζει
353 787 461 852 Νῶτα.

142 1004 174 1065 Ξ.
198 993 279 1064 276.
303 995 406 1071 Λήθής
431 998 655 1073 γενεαλογοῦσι
679 993 739 1068 τάς
763 993 912 1075 Χάριτας.
935 993 988 1058 καὶ
1013 995 1028 1058 θ
1052 994 1209 1075 Κωμικθς·

323 1098 394 1180 άμα
417 1099 582 1170 τετέλεσαι
606 1100 659 1165 καὶ
683 1099 822 1175 τέθνηκεν
847 1101 864 1175 ή
887 1098 992 1182 χάρις.

140 1209 244 1276 Notus
267 1214 316 1275 est
337 1208 426 1274 locus
449 1207 639 1273 Menandri:

321 1311 381 1392 ἅμ’
404 1312 533 1388 ήλένται
556 1313 608 1377 καὶ
632 1311 772 1386 τέθνηκεν
796 1314 815 1387 ή
837 1310 950 1393 χάρις,

324 1411 358 1494 ήν
381 1418 519 1498 δεόμενος
544 1417 611 1485 τθτ’
635 1416 789 1483 άθάνοοπον
811 1414 889 1491 ἕξειν
912 1415 986 1499 ἔφη.

140 1638 174 1698 Ξ.
209 1627 286 1694 361.
319 1630 344 1695 εί
378 1628 409 1694 δέ
439 1627 508 1702 ἕως
533 1628 620 1693 κίον
643 1635 767 1704 Λήμνον
793 1627 962 1708 θπέςρεψεν
984 1624 1024 1692 θον
1047 1627 1119 1695 ε’κεῑ.
1164 1628 1286 1715 Legen-

95 1738 195 1803 dum:
217 1736 242 1801 εθ
264 1736 295 1801 δὲ
319 1734 410 1820 ᾤκει
436 1743 569 1814 Λῆμνον.
590 1735 619 1799 ον’
637 1734 743 1799 lemni
760 1733 1028 1811 θοθίίοοοοί,111οο
1038 1754 1182 1801 reversus
1194 1739 1285 1799 esset.

141 1956 181 2012 Ο.
209 1945 261 2011 41.
287 1947 319 2010 οὐ
344 1944 407 2025 γάρ
432 1941 484 2008 διά
507 1945 562 2016 τήν
585 1945 681 2018 αθτής
701 1941 849 2021 βοθλνσιν
869 1941 882 2004 θ
902 1941 1049 2007 Ποσειδῶν
1070 1947 1133 2013 τοῖς
1152 1938 1286 2015 Ἕλλησι

94 2054 215 2133 βοηθεῖ,
248 2052 328 2124 αὐτή
352 2051 454 2128 μέντοι
480 2058 623 2130 συνεργεῖ
643 2058 715 2115 ΚΑΙ
739 2047 917 2125 κοιμήσασα
940 2047 991 2112 τδν
1015 2045 1089 2110 Δία.
1136 2046 1287 2112 Lehrsius

95 2159 149 2226 καί
169 2160 343 2245 expunxit,
364 2158 420 2222 sed
438 2157 617 2234 κοιμήσασα
636 2160 803 2241 ροόίκτοιω
824 2159 880 2219 est.
917 2153 1004 2241 Lege
1021 2153 1287 2231 κατακοιμίσασα.

140 2377 180 2434 Ο.
211 2365 286 2433 708.

722 2470 1003 2553 &mmm

232 2577 326 2660 τθξων
347 2577 442 2651 άῖκάς
465 2577 571 2662 άμφὶο
594 2576 683 2655 μένον
707 2576 773 2642 οὐδέ
797 2576 828 2642 τ’
854 2578 998 2644 άκθντων.

233 2687 308 2751 ἄλλ’
331 2681 391 2763 οἵγ’
417 2682 549 2763 έγγθθεν
572 2683 711 2761 ἱςάμενοι
737 2680 790 2749 ἕνα
815 2684 906 2762 θυμὸν
934 2683 1059 2766 ἔχοντες

232 2789 311 2867 θξέσι
336 2792 372 2867 δή
396 2791 560 2855 πελέκεσσι
585 2791 637 2855 καὶ
662 2789 781 2874 άξίνήσι
806 2789 948 2871 μάχοντο

233 2897 285 2961 καὶ
310 2898 432 2978 ξίφεσιν
455 2895 624 2974 μεγάλοισι
650 2897 702 2962 καί
728 2895 857 2978 ἔγχεσιν
881 2897 1096 2976 ἀμφιγύοισιν.

233 3002 337 3068 πολλοὶ
362 3001 393 3067 δὲ
416 3002 574 3085 φάσγανα
599 3005 685 3068 καλά
709 3001 889 3080 μελάνδετα
914 3003 1075 3076 κωπήεντα

234 3107 322 3173 άλλα
346 3110 402 3186 μὲν
427 3109 460 3172 ε’κ
483 3116 593 3189 χειρῶν
617 3108 761 3190 χαμάδις
787 3107 897 3193 πέσον,
923 3105 1012 3172 άλλον
1035 3107 1062 3172 δ’
1084 3108 1141 3172 άπ’
1164 3108 1251 3186 ὤμων

234 3215 344 3295 άνδρῶν
367 3214 581 3295 μαρναμένων.

94 3324 134 3389 ad
159 3323 239 3388 haec
262 3322 297 3385 in
319 3330 348 3386 A
371 3321 433 3386 duo
457 3320 578 3386 scholia
600 3320 753 3408 leguntur
776 3340 839 3386 uno
863 3324 970 3385 tenore
994 3322 1194 3388 continuata:

94 3428 163 3494 καὶ
198 3425 363 3508 ξίφεσιν
392 3425 633 3504 μεγάλοισι;
665 3427 824 3493 άθετεῖται
854 3422 899 3490 θτι
931 3426 1059 3500 εὐτελής
1084 3427 1098 3491 θ
1121 3428 1210 3507 ςίχος
1235 3430 1286 3494 καὶ

95 3535 141 3622 (ή)
173 3531 284 3607 ίδιθτνρο
315 3538 370 3605 τῆς
391 3531 512 3611 ,μάχης
544 3535 576 3597 οὐ
609 3530 751 3612 σώζεται.
784 3531 890 3615 ξίφεσι
923 3532 979 3610 μέν
1011 3532 1073 3611 γάρ
1098 3531 1149 3598 καθ
1173 3531 1287 3617 ἔγχεσι

93 3641 233 3706 πάντοτε
264 3636 440 3723 μάχονται,
473 3643 524 3703 νῦν
550 3638 581 3703 δέ
614 3637 769 3704 οτενιέκεσι4
790 3638 841 3703 καὶ
866 3636 998 3715 άξίνοοις.
1023 3639 1037 3703 θ
1062 3638 1093 3703 δὲ
1118 3640 1285 3715 Διονύσιος·

96 3753 184 3826 υπῶς
208 3741 257 3810 οὖν
282 3743 418 3827 ἐπιφέρει

324 3849 430 3915 πολλοὶ
454 3850 485 3915 δὲ
509 3849 667 3932 φάσγανα

212 3963 214 3966 ’
327 3954 417 4022 άλλα
438 3958 495 4034 μέν
519 3958 553 4022 ε’κ
576 3961 684 4039 χειρῶν
707 3954 850 4036 χάμαδις
878 3954 980 4022 πέσον.

93 4063 120 4128 εἷ
146 4062 192 4140 μή
216 4055 301 4142 εἶχον
325 4062 437 4145 ξίφή;”

93 4166 234 4235 πολλοὶ
258 4167 295 4232 δὲ
319 4167 526 4248 φάσγανα
550 4167 676 4233 καλά;
702 4163 747 4232 ὅτι
772 4168 803 4232 οὐ
826 4166 990 4247 χρωμένων
1008 4175 1070 4240 τοῖς
1090 4168 1197 4252 ξίφεσι
1215 4177 1286 4255 πρὸς

92 4275 208 4356 μάχην
238 4274 384 4354 χαμάδις
414 4274 558 4353 ἔπιπτον,
592 4276 681 4340 άλλά
705 4282 763 4340 τῶν
787 4273 873 4352 ὤμων
898 4272 1089 4352 κοπτομένων
1112 4285 1174 4349 τοῖς
1198 4282 1289 4346 πελέ-

93 4407 164 4448 κεσι
196 4380 250 4446 καὶ
283 4387 342 4446 τῶν
372 4388 497 4463 καρπῶν
528 4381 583 4447 σὺν
606 4389 668 4455 τοῖς
692 4380 825 4464 ξίφεσιν.
873 4379 1085 4448 Difficultates
1107 4385 1205 4449 huius
1227 4385 1288 4453 loci
