3034 4968
127 421 200 512 Pag.
225 421 300 490 307.
336 421 413 489 ὥστε
449 425 501 490 καί
534 434 686 490 ΠΗΛΟΝ
724 425 799 491 εἶναι
836 429 888 492 καί
927 428 998 492 ύδύν.
1047 428 1268 517 Frigidi81ima

92 532 243 596 emendant
267 531 319 594 καὶ
344 541 495 597 ΠΛΟΤΝ
522 532 571 594 καί
596 532 668 596 ὁδόν.
717 531 803 599 Soita
824 542 872 600 eet
890 533 1051 620 Madvigii
1072 541 1267 603 coniectura:

91 633 137 701 ύςε
159 639 206 699 καί
234 645 430 709 ΚΑιιυλΕΙον
455 632 530 701 εἶναι
554 638 636 700 καθ’
658 638 730 701 ύδύν.
781 641 931 703 Ρίσαοίνίο
949 663 1027 702 νουσα
1056 642 1268 722 οονιρίοοὶιιίυιιι

91 747 228 806 transeunt
256 761 297 808 nn
319 759 391 814 aar¹
407 761 441 806 lu
465 760 519 807 vra
543 759 704 816 taurona,
734 744 819 809 haud
842 766 932 810 secus
953 757 1047 830 atquo
1069 747 1103 810 in
1126 753 1238 812 terrast
1257 751 1263 766 “

90 849 196 913 itinere.

127 1028 199 1116 Pag.
213 1027 289 1093 311.
314 1027 461 1094 Λεύκωνα
485 1027 515 1092 δέ
540 1034 637 1108 Φασιν
661 1029 694 1093 έιι
723 1038 778 1103 τῆς
804 1031 968 1101 Θευδοσίας
993 1033 1162 1106 Ἀθηναίοις
1187 1034 1265 1112 πέμ-

90 1141 139 1224 ύαι
160 1135 308 1213 μυριοίδας
328 1134 480 1211 μεδίμνων
503 1134 659 1200 διακοσίας
679 1135 731 1199 καί
751 1135 837 1200 δέκα.
862 1136 1008 1203 inlibris
1028 1145 1076 1204 est
1097 1138 1264 1205 διακοσίωνε

90 1243 116 1303 in
136 1240 277 1325 Idpitome
307 1241 332 1306 ιέ
363 1241 467 1306 idest
491 1240 726 1305 πεντεκαίδεκα.
773 1242 895 1307 Neuter
918 1264 1070 1308 numerus
1093 1246 1265 1330 probabilis

89 1353 142 1423 est,
171 1347 250 1412 alter
279 1350 365 1411 enim
397 1353 444 1412 est
473 1349 557 1412 iusto
587 1349 706 1426 minor,
739 1346 820 1412 alter
851 1368 978 1413 omnem
1010 1348 1106 1414 fidem
1130 1353 1263 1418 excedit.

89 1450 175 1537 Opem
202 1453 281 1518 feret
312 1453 558 1536 Demosthenes,
591 1473 685 1536 quem
717 1453 803 1518 haud
835 1454 930 1518 dubie
957 1457 991 1518 in
1021 1455 1071 1521 his
1102 1464 1264 1523 auctorem

89 1555 186 1624 Strabo
209 1562 365 1645 sequitur,
390 1561 423 1622 in
447 1564 521 1623 noto
544 1558 613 1622 loco
630 1558 790 1640 Leptitana
813 1579 885 1645 pag.
903 1557 978 1625 467.
1001 1561 1034 1625 αι’
1056 1566 1128 1641 παρ’
1153 1565 1263 1629 ἐκείνου

89 1665 142 1747 (τοῦ
173 1666 344 1750 Λεύκωνος)
374 1664 451 1744 δεῦρ’
483 1664 705 1744 ἀφικνούμεναι
730 1664 815 1728 σίτου
839 1665 983 1744 μυριάδες
1007 1668 1073 1746 περὶ
1099 1675 1264 1734 ΤΕΤΤΛ-

90 1785 277 1843 ΡΛΚΟΝΤΑ
303 1777 388 1842 είσίν.
436 1775 619 1842 Reddamua
641 1779 743 1864 igitur
766 1777 928 1842 Straboni:
954 1778 1080 1855 πέμψαι
1106 1769 1263 1860 adnepot-

89 1881 132 1953 δας
161 1885 331 1961 μεδίμνων,
365 1883 398 1948 id
425 1889 474 1947 est
502 1882 735 1961 τετταράκοντα
771 1882 942 1961 μυριάδας.
969 1891 1001 1948 et
1028 1905 1199 1950 numerum
1223 1888 1262 1952 ab

88 1999 243 2056 correctore
266 1989 450 2074 suppletum
474 2009 704 2075 expungamus.

122 2172 195 2260 Pag.
222 2171 296 2239 327.
319 2151 548 2245 καταλυθείσης
573 2171 604 2235 δέ
629 2178 684 2245 τῆς
709 2169 893 2236 Μακεδόνων
924 2172 1024 2253 ἀρχῆς
1050 2173 1106 2237 ὑπὸ
1131 2176 1261 2255 Ῥωμαί-

88 2286 147 2343 Olc
168 2277 282 2343 ἔπεσεν.
319 2278 449 2344 Soloeca
472 2278 549 2342 hacc
573 2280 672 2343 oratio
696 2283 742 2342 est
767 2284 798 2341 ot
821 2277 910 2342 nullo
933 2279 1028 2344 modo
1053 2278 1188 2346 ferenda.
1219 2281 1262 2348 lat

86 2390 159 2449 certa
187 2383 377 2451 Graecitatis
407 2386 488 2449 ratio
517 2389 549 2448 et
572 2388 716 2449 constans
740 2383 864 2449 dicendi
887 2405 963 2449 urus
987 2384 1120 2450 suadent
1142 2395 1179 2451 ut
1203 2387 1260 2452 ὑπὸ

86 2489 270 2565 Ῥωμαίοτς
296 2498 475 2576 reponatur.

126 2668 243 2738 Suanao
266 2695 339 2760 pag.
367 2669 441 2738 327.
474 2672 488 2736 δ
512 2671 539 2736 δ’
563 2671 715 2744 Ἡσίοδος·
767 2671 771 2679 “

231 2779 375 2853 Δωδύννν
398 2778 502 2857 Φκγίν
527 2803 560 2843 τε
585 2783 758 2854 Πελασγῶν
781 2773 898 2858 ἕδρανον
916 2776 1033 2847 ἨΕΝ.

89 2887 234 2971 corrigunt
257 2882 326 2966 ᾖεν,
352 2885 405 2949 nod
433 2905 534 2969 nequo
558 2881 608 2966 ᾖεν
630 2884 767 2970 Ερίυιιιιι
795 2891 842 2948 est
866 2885 920 2950 sed
943 2886 1023 2962 ἤϊεν,
1049 2890 1082 2949 et
1104 2889 1261 2954 sententia

90 2987 164 3054 aliud
184 2991 259 3076 quid
281 2991 439 3076 postulat,
462 3011 575 3075 nempe
599 2987 728 3055 ''1K6N.

127 3169 198 3259 Pag.
222 3172 297 3237 338.
331 3175 347 3249 d
372 3173 450 3246 αύτίρ
475 3166 551 3236 οὖσα
574 3181 611 3254 τῇ
637 3172 771 3254 Βοιωνιίορ
797 3173 862 3257 (τὴν
886 3171 949 3249 γὰρ
974 3168 1083 3245 Οίνίνν
1107 3169 1182 3236 οὕτω
1205 3196 1261 3237 κα-

91 3284 144 3340 λεῖν
165 3281 320 3363 εἰώθασιν).
366 3277 573 3344 Soribendum
597 3287 635 3358 τῇ
661 3279 772 3361 Βοινίρι.
809 3277 972 3342 Elidenses
992 3279 1076 3340 enim
1097 3277 1263 3364 digamma

90 3387 266 3452 retinuerant
289 3385 396 3451 Ἑοινία
419 3385 556 3450 diceutes
579 3390 611 3450 et
634 3385 718 3450 Ἑαδύ
736 3390 768 3448 et
787 3383 922 3458 similia,
946 3403 1082 3467 proquo
1105 3394 1126 3446 Β
1147 3385 1262 3449 rubeti-

90 3491 131 3552 tui
150 3492 242 3570 solet,
255 3500 293 3556 ut
308 3495 343 3555 in
361 3491 444 3568 βαδύ
465 3489 538 3568 ὕδωρ
557 3495 588 3554 et
611 3489 726 3554 Βοινιία.
751 3488 909 3554 Similiter
932 3508 1006 3574 pag.
1024 3487 1098 3552 360.
1128 3488 1261 3561 Οίσυλίς

91 3595 142 3661 ἔρι’
166 3608 305 3664 καλεῖται
329 3600 356 3662 δ’
381 3598 439 3662 ant
460 3620 546 3661 τινων
570 3596 730 3667 Βαίτνλοι.
763 3595 841 3682 Lag.
867 3597 1006 3666 Βοίσυλος
1030 3615 1087 3679 pro
1105 3599 1261 3670 Ἑοίσνλος.

127 3780 198 3872 Pag.
220 3782 295 3848 341.
327 3783 369 3861 τῷ
394 3784 544 3860 Ἡρακλεῖ
565 3784 771 3859 συςρατεῦσαι
796 3779 865 3850 τούς
894 3776 1036 3848 Ἐπειοὺς
1060 3775 1109 3840 at
1135 3777 1263 3857 Αύγέαν

91 3887 134 3949 καὶ
161 3896 355 3954 συνΑΝελεῖν
379 3889 462 3965 αὐτῷ
484 3887 538 3964 ,τίν
562 3909 596 3949 τε
620 3883 747 3958 Αὐγέαν
773 3884 825 3948 καί
850 3885 903 3956 σὺν
922 3876 1029 3947 Ἦλιν.
1078 3892 1263 3968 Συνανελεῖν

91 3990 122 4056 do
143 3997 245 4084 dugea
266 3996 330 4060 dici
352 3997 475 4077 potest,
501 3992 555 4056 sed
580 3992 618 4056 de
641 3991 732 4055 Elide
755 3997 823 4056 tota
852 4010 914 4056 non
937 3994 1050 4073 potest.
1098 3987 1182 4068 Quin
1204 3993 1265 4078 igi·

90 4103 134 4162 tur
154 4101 304 4189 legimus:
327 4101 378 4165 xci
398 4108 563 4164 ΕΤΝελεῐν
588 4118 644 4181 pro
660 4107 854 4170 συνανελεῖν,
873 4117 933 4158 una
947 4094 1054 4178 copiare
1068 4101 1100 4158 et
1116 4096 1263 4182 Augeam

90 4209 116 4268 at
136 4205 263 4274 dhaem.
287 4246 297 4270 -.
