3034 4968
797 220 860 288 '136

224 421 365 504 quuntur
387 411 574 480 Strabonem
599 414 720 479 dedisse
744 411 1002 485 Ἀπιθανθτατας.
1052 411 1216 479 Sententia
1240 417 1325 479 enim
1348 435 1407 480 rna·

224 523 339 588 nifasto
359 524 435 587 haec
454 525 501 586 est
524 522 643 595 τὰμὲν
667 521 763 597 ψευδῆ
789 520 852 592 sci,
877 519 919 582 τοὶ
944 521 969 584 δ’
991 521 1139 582 ύπίθανα.
1164 519 1242 584 Post
1266 541 1361 605 pauca
1378 524 1407 584 in

226 629 286 694 hoc
309 632 377 713 ipso
404 639 594 715 argumento
626 633 708 690 recte
738 625 871 690 dicitur:
905 631 967 696 πῶς
998 626 1051 690 oda
1075 625 1259 700 Ἀπίθανον;
1285 625 1406 710 Saepius

227 735 435 819 (quamquam
469 739 516 800 est
548 735 761 818 perineptum)
795 731 864 796 vidi
889 729 1010 795 πιθανόν
1043 735 1074 796 et
1105 733 1253 795 ἀπίθανον
1278 730 1406 796 confusa.

226 838 332 904 Attuli
363 861 458 925 supra
487 839 672 924 exemplum
703 859 743 902 ex
772 837 883 902 Flavio
913 836 1054 921 Iosepho.
1110 837 1279 922 Nusquam
1311 843 1407 902 autom

225 943 369 1011 stolidior
391 949 439 1010 cst
460 945 538 1009 haec
561 943 702 1008 confusio
726 963 822 1027 quam
846 943 886 1007 ad
910 941 1000 1008 Iliad.
1026 950 1066 1006 N.
1092 941 1167 1007 658.

345 1131 348 1136 ,
454 1051 539 1128 μετὰ
565 1051 595 1115 δέ
619 1058 677 1128 σφι
702 1052 806 1128 πατὴρ
831 1049 877 1112 κίε
901 1047 1019 1125 δοίκρυα
1046 1048 1169 1126 λείβων.

227 1156 282 1220 ubi
305 1161 487 1222 annotatur:
512 1155 578 1220 ἔνιοι
603 1155 635 1219 δὲ
659 1157 792 1227 Πιθανῶς
817 1156 1077 1236 μεταγράφουσι·

455 1262 540 1339 μετὰ
563 1262 589 1326 δ’
613 1261 647 1327 ού
670 1270 727 1344 σφι
751 1265 853 1342 πατὴρ
878 1263 923 1326 κίε
947 1261 1066 1342 coepas
1086 1260 1210 1339 λείβων.

272 1472 351 1559 Pag.
377 1470 455 1538 293.
480 1473 550 1543 τούς
575 1473 606 1538 δὲ
631 1475 786 1551 Κίμβρους
813 1509 855 1522 -
879 1471 1139 1552 θποκρουσθίντας
1164 1471 1222 1536 ύπὸ
1246 1474 1304 1536 τῶν
1327 1472 1405 1536 notar

227 1578 277 1642 θπί
302 1580 352 1642 τθν
372 1581 471 1658 Ἴτρον
494 1580 546 1643 καί
570 1580 637 1649 τοὺς
665 1579 861 1656 Σκορδίσκους
887 1579 1039 1652 Γαλύτας
1063 1578 1285 1657 ΚΑΤΑβῆναι.
1317 1576 1407 1643 Nulla

226 1687 260 1748 in
283 1685 334 1749 his
363 1685 542 1760 κατάβασις
574 1689 710 1773 cogitari
740 1691 852 1771 potest.
900 1684 1024 1751 Oirnbri
1048 1685 1198 1749 dicuntur
1222 1706 1241 1751 a
1263 1685 1347 1750 Boiis
1368 1704 1407 1746 ra

225 1790 311 1876 pulsi
333 1799 443 1856 ααιαιο
466 1792 574 1856 itinere
596 1793 715 1858 Istrum
739 1799 771 1857 et
792 1791 971 1859 Scordiscos
993 1793 1132 1877 petiisse.
1178 1790 1288 1876 Itaque
1308 1791 1406 1856 rescri-
1505 1799 1506 1840 ³

228 1897 366 1964 bendum
391 1898 622 1988 ΜΕΤΑβῆναι.
712 1967 724 1994 =

271 2004 363 2070 Nihii
385 2004 444 2070 hac
468 2003 648 2071 confusione
671 2006 778 2070 notius
803 2009 886 2070 est-‘t
928 2057 932 2065 .

272 2213 352 2301 Pag.
377 2213 454 2278 298.
486 2215 540 2280 καί
569 2224 661 2280 HOC
692 2217 727 2282 τὸ
751 2222 808 2280 τῶν
834 2214 988 2296 ἐμψύχων
1012 2215 1189 2294 ύπθχεσθαι
1215 2212 1408 2292 Πυθαγόρειον

227 2323 279 2384 τοῦ
312 2319 485 2396 Ζαμόλξιος
518 2319 617 2398 ἔμεινε
641 2323 818 2401 παραδοθὲν.
873 2322 945 2386 Non
975 2325 1122 2387 convenit
1156 2324 1328 2386 sententiae
1360 2319 1410 2383 καί
1507 2361 1508 2372 ι

226 2449 301 2496 πως.
348 2423 407 2489 snt
436 2415 513 2520 haet
543 2424 707 2492 Strabonis
729 2429 866 2513 suspicio
894 2433 1039 2504 tantum,
1065 2428 1273 2513 quamobrem
1297 2429 1409 2513 corrige

226 2530 278 2594 καί
299 2532 438 2608 ”lenm
463 2538 491 2595 ct
504 2532 651 2616 fortusse.

272 2743 399 2810 Sussso
422 2764 495 2831 pag.
523 2743 598 2809 301.
624 2745 637 2808 θ
661 2747 728 2809 καθ’
753 2748 836 2823 ἡμᾶς
860 2746 926 2825 βίος
951 2747 993 2817 είς
1019 2743 1140 2819 πύντας
1165 2745 1276 2826 σχεδθν
1300 2771 1330 2812 τι
1354 2746 1410 2810 δια·

226 2849 340 2915 πίτακε
363 2851 418 2924 τίνι
442 2851 514 2928 πρὸς
544 2852 578 2916 τὸ
602 2859 702 2930 χεῖρον
727 2831 909 2940 αεπαβολίρν
932 2855 1050 2932 τρυφὴν
1074 2852 1126 2916 καί
1154 2852 1260 2928 ἡδονὰς
1285 2852 1338 2916 καί
1361 2873 1411 2914 κα·

225 2958 390 3037 κοτεχνίας
417 2965 481 3021 eie
505 2956 685 3031 πλεονεξίας
709 2960 818 3036 μυρίας
841 2960 913 3036 πρὸς
930 2960 1023 3024 ταῦτ’
1045 2960 1189 3035 efraym.
1238 2955 1413 3023 Goniiciunt

226 3071 297 3126 ΚΑΙ
330 3059 520 3136 πλεονεξίας.
570 3059 754 3128 Goalescant
784 3066 818 3126 in
850 3084 952 3128 unum
981 3065 1066 3129 male
1099 3064 1263 3160 divisa-,ct
1294 3064 1415 3152 legatur

229 3172 290 3233 ἘΚ
315 3166 525 3242 πλεονεξίαις
542 3156 707 3234 Οοιὶισειτὶο
730 3189 832 3234 errore
856 3170 1005 3235 scribitur
1027 3191 1101 3257 pag.
1117 3167 1192 3235 387.
1217 3171 1282 3233 ἘΚ
1307 3170 1338 3234 δὲ
1359 3167 1416 3232 τῶν

228 3278 343 3374 ‘Porcio
367 3273 432 3351 ἦνθ
456 3276 643 3345 Μύσκελλος
667 3295 723 3360 pro
751 3270 805 3348 είς.

461 3410 465 3420 ,
555 3381 586 3424 ,ε

273 3487 353 3573 Peg.
379 3485 456 3552 305.
481 3495 609 3568 Δαρεῖος
637 3487 650 3550 ύ
674 3487 858 3550 ’Τστοίσπεω
879 3523 919 3535 -
934 3486 1120 3552 ἐκινδύνευσε
1146 3492 1323 3568 παντραπιᾷ
1346 3485 1417 3564 tlon

228 3601 512 3657 ΔΙΑΛΤΘΗΝΑΙ.
559 3591 708 3676 Ineptum
732 3603 780 3658 est
802 3595 837 3657 in
860 3593 919 3657 tali
942 3614 976 3657 re
994 3594 1185 3657 διαλύεσθαι.
1221 3590 1313 3657 Nihil
1332 3588 1419 3657 aliud

227 3697 289 3762 fcrt
312 3706 344 3763 et
365 3698 428 3764 loci
449 3700 605 3763 sententia
628 3706 660 3763 et
683 3699 807 3763 dicendi
830 3719 907 3764 usus
930 3719 1027 3782 quarn
1052 3699 1125 3782 δίψρ
1153 3699 1397 3771 braccarensi.

273 3908 353 3996 Peg.
379 3907 455 3973 306.
486 3903 555 3973 εἶτα
586 3909 762 3988 Βορυσθένης
792 3947 832 3959 -
859 3910 912 3974 καί
938 3917 1022 3984 νῆσος
1048 3945 1091 3959 -
1120 3906 1237 3990 ἔχουσα
1261 3915 1419 3984 λιαθΝΑ.

229 4017 400 4080 πλεύσαντι
419 4014 450 4078 δὲ
470 4015 521 4079 τὸν
541 4015 700 4093 Βορυσθένιρ
721 4017 842 4086 ταδίους
864 4016 1031 4085 διακοσίους
1051 4016 1206 4092 ύμύνυμος
1227 4017 1268 4094 τῷ
1290 4013 1421 4091 ποταμῷ

229 4123 330 4193 πόλις.
377 4119 541 4186 Sententia
564 4122 733 4186 manifesto
756 4121 896 4207 postulat
917 4125 1121 4186 ’ΛΝΑπλεῖα
1170 4121 1279 4206 Itaque
1303 4120 1422 4184 scribe:

232 4235 442 4306 -λιμΕΝΑ,
480 4227 754 4294 ἈΝΑπλεύσαντι
780 4227 812 4292 δέ
837 4229 901 4293 ari.
950 4226 1046 4295 Vides
1066 4249 1122 4296 cur
1143 4229 1205 4293 τίνα
1222 4263 1263 4277 -
1282 4225 1422 4312 perierit.
