<?xml version="1.0" encoding="UTF-8"?>
<!DOCTYPE html PUBLIC "-//W3C//DTD XHTML 1.0 Transitional//EN"
    "http://www.w3.org/TR/xhtml1/DTD/xhtml1-transitional.dtd">
<html xmlns="http://www.w3.org/1999/xhtml" xml:lang="en" lang="en">
 <head>
  <title>
</title>
<meta http-equiv="Content-Type" content="text/html;charset=utf-8" />
  <meta name='ocr-system' content='tesseract 3.04.00' />
  <meta name='ocr-capabilities' content='ocr_page ocr_carea ocr_par ocr_line ocrx_word'/>
</head>
<body>
  <div class='ocr_page' id='page_1' title='image "./miscellaneacrit02cobegoog_0075.png"; bbox 0 0 3080 4972; ppageno 0'>
   <div class='ocr_carea' id='block_1_1' title="bbox 389 172 722 310">
    <p class='ocr_par' dir='ltr' id='par_1_1' title="bbox 389 172 722 310">
     <span class='ocr_line' id='line_1_1' title="bbox 389 172 423 218; baseline 0 0"><span class='ocrx_word' id='word_1_1' title='bbox 389 172 423 218; x_wconf 73' lang='grc'><em>1</em></span> 
     </span>
     <span class='ocr_line' id='line_1_2' title="bbox 682 237 722 310; baseline 0 0"><span class='ocrx_word' id='word_1_2' title='bbox 682 237 722 310; x_wconf 99' lang='grc'><strong>51</strong></span> 
     </span>
    </p>
   </div>
   <div class='ocr_carea' id='block_1_2' title="bbox 106 423 1287 511">
    <p class='ocr_par' dir='ltr' id='par_1_2' title="bbox 106 423 1287 511">
     <span class='ocr_line' id='line_1_3' title="bbox 106 423 1287 511; baseline 0 -15"><span class='ocrx_word' id='word_1_3' title='bbox 106 429 151 498; x_wconf 78' lang='grc' dir='ltr'><strong><em>ὑπὸ</em></strong></span> <span class='ocrx_word' id='word_1_4' title='bbox 183 429 292 498; x_wconf 90' lang='grc' dir='ltr'><strong><em>τούτου</em></strong></span> <span class='ocrx_word' id='word_1_5' title='bbox 321 431 394 507; x_wconf 84' lang='grc' dir='ltr'><strong><em>νύν,</em></strong></span> <span class='ocrx_word' id='word_1_6' title='bbox 426 428 522 508; x_wconf 79' lang='grc' dir='ltr'><strong><em>μικροὶ</em></strong></span> <span class='ocrx_word' id='word_1_7' title='bbox 553 429 708 510; x_wconf 83' lang='grc' dir='ltr'><strong><em>πρθφασις</em></strong></span> <span class='ocrx_word' id='word_1_8' title='bbox 732 432 785 498; x_wconf 86' lang='grc' dir='ltr'><strong><em>καί</em></strong></span> <span class='ocrx_word' id='word_1_9' title='bbox 809 431 845 496; x_wconf 84' lang='grc' dir='ltr'><strong><em>τδ</em></strong></span> <span class='ocrx_word' id='word_1_10' title='bbox 867 426 970 511; x_wconf 78' lang='grc' dir='ltr'><strong><em>τυχδύ</em></strong></span> <span class='ocrx_word' id='word_1_11' title='bbox 989 438 1140 507; x_wconf 90' lang='grc' dir='ltr'><strong><em>πταῖσμα</em></strong></span> <span class='ocrx_word' id='word_1_12' title='bbox 1162 423 1287 510; x_wconf 79' lang='grc' dir='ltr'><strong><em>ταχέως</em></strong></span> 
     </span>
    </p>
   </div>
   <div class='ocr_carea' id='block_1_3' title="bbox 87 533 1289 4436">
    <p class='ocr_par' dir='ltr' id='par_1_3' title="bbox 100 533 1289 2105">
     <span class='ocr_line' id='line_1_4' title="bbox 105 533 1289 606; baseline 0.002 -4"><span class='ocrx_word' id='word_1_13' title='bbox 105 533 227 602; x_wconf 88' lang='grc' dir='ltr'><strong><em>άταντα</em></strong></span> <span class='ocrx_word' id='word_1_14' title='bbox 258 536 385 601; x_wconf 72' lang='grc' dir='ltr'><strong><em>διέσεισε</em></strong></span> <span class='ocrx_word' id='word_1_15' title='bbox 418 535 470 599; x_wconf 78' lang='grc' dir='ltr'><strong><em>καί</em></strong></span> <span class='ocrx_word' id='word_1_16' title='bbox 502 536 683 602; x_wconf 71' lang='grc' dir='ltr'><strong><em>κατέλυσεν.</em></strong></span> <span class='ocrx_word' id='word_1_17' title='bbox 729 538 857 606; x_wconf 87' lang='lat' dir='ltr'><strong>Addam</strong></span> <span class='ocrx_word' id='word_1_18' title='bbox 880 539 1035 605; x_wconf 82' lang='lat' dir='ltr'><strong>alterum:</strong></span> <span class='ocrx_word' id='word_1_19' title='bbox 1059 537 1289 604; x_wconf 81' lang='lat' dir='ltr'><strong>Demosthenes</strong></span> 
     </span>
     <span class='ocr_line' id='line_1_5' title="bbox 104 639 1287 730; baseline 0 -22"><span class='ocrx_word' id='word_1_20' title='bbox 104 663 168 730; x_wconf 78' lang='lat' dir='ltr'><strong>pag.</strong></span> <span class='ocrx_word' id='word_1_21' title='bbox 203 642 258 708; x_wconf 90' lang='grc'><strong><em>22.</em></strong></span> <span class='ocrx_word' id='word_1_22' title='bbox 291 641 323 706; x_wconf 94' lang='grc'><strong><em>2.</em></strong></span> <span class='ocrx_word' id='word_1_23' title='bbox 355 639 431 714; x_wconf 78' lang='grc' dir='ltr'><strong><em>ὅλως</em></strong></span> <span class='ocrx_word' id='word_1_24' title='bbox 462 643 518 720; x_wconf 82' lang='grc' dir='ltr'><strong><em>μὲν</em></strong></span> <span class='ocrx_word' id='word_1_25' title='bbox 552 643 614 724; x_wconf 79' lang='grc' dir='ltr'><strong><em>γάρ</em></strong></span> <span class='ocrx_word' id='word_1_26' title='bbox 647 645 664 718; x_wconf 88' lang='grc' dir='ltr'><strong><em>ή</em></strong></span> <span class='ocrx_word' id='word_1_27' title='bbox 695 643 888 719; x_wconf 69' lang='grc' dir='ltr'><strong><em>Μακεδονικά</em></strong></span> <span class='ocrx_word' id='word_1_28' title='bbox 921 644 1048 721; x_wconf 81' lang='grc' dir='ltr'><strong><em>δύναμις</em></strong></span> <span class='ocrx_word' id='word_1_29' title='bbox 1073 643 1124 708; x_wconf 74' lang='grc' dir='ltr'><strong><em>καὶ</em></strong></span> <span class='ocrx_word' id='word_1_30' title='bbox 1149 643 1232 721; x_wconf 69' lang='grc' dir='ltr'><strong><em>ἀρχή</em></strong></span> <span class='ocrx_word' id='word_1_31' title='bbox 1256 643 1287 708; x_wconf 81' lang='grc' dir='ltr'><strong><em>ἐν</em></strong></span> 
     </span>
     <span class='ocr_line' id='line_1_6' title="bbox 105 746 1286 829; baseline 0 -17"><span class='ocrx_word' id='word_1_32' title='bbox 105 749 151 826; x_wconf 82' lang='grc' dir='ltr'><strong><em>μὲν</em></strong></span> <span class='ocrx_word' id='word_1_33' title='bbox 183 748 353 828; x_wconf 71' lang='grc' dir='ltr'><strong><em>προσθήκης</em></strong></span> <span class='ocrx_word' id='word_1_34' title='bbox 386 746 468 827; x_wconf 92' lang='grc' dir='ltr'><strong><em>μέρει</em></strong></span> <span class='ocrx_word' id='word_1_35' title='bbox 501 748 549 817; x_wconf 81' lang='grc' dir='ltr'><strong><em>ἕςί</em></strong></span> <span class='ocrx_word' id='word_1_36' title='bbox 580 773 626 823; x_wconf 85' lang='grc' dir='ltr'><strong><em>τις</em></strong></span> <span class='ocrx_word' id='word_1_37' title='bbox 659 751 691 815; x_wconf 86' lang='grc' dir='ltr'><strong><em>ού</em></strong></span> <span class='ocrx_word' id='word_1_38' title='bbox 722 748 838 829; x_wconf 86' lang='grc' dir='ltr'><strong><em>μικρά,</em></strong></span> <span class='ocrx_word' id='word_1_39' title='bbox 872 787 914 798; x_wconf 87' lang='lat'><strong><em>--</em></strong></span> <span class='ocrx_word' id='word_1_40' title='bbox 939 749 1019 823; x_wconf 79' lang='grc' dir='ltr'><strong><em>αύτή</em></strong></span> <span class='ocrx_word' id='word_1_41' title='bbox 1044 748 1165 814; x_wconf 80' lang='grc' dir='ltr'><strong><em>δὲκαθ’</em></strong></span> <span class='ocrx_word' id='word_1_42' title='bbox 1189 747 1286 823; x_wconf 82' lang='grc' dir='ltr'><strong><em>αὑτήν</em></strong></span> 
     </span>
     <span class='ocr_line' id='line_1_7' title="bbox 104 849 1284 940; baseline 0.002 -22"><span class='ocrx_word' id='word_1_43' title='bbox 104 855 221 930; x_wconf 83' lang='grc' dir='ltr'><strong><em>άσθενής</em></strong></span> <span class='ocrx_word' id='word_1_44' title='bbox 251 854 304 919; x_wconf 80' lang='grc' dir='ltr'><strong><em>καί</em></strong></span> <span class='ocrx_word' id='word_1_45' title='bbox 336 859 457 918; x_wconf 79' lang='grc' dir='ltr'><em>πολλῶν</em></span> <span class='ocrx_word' id='word_1_46' title='bbox 490 861 591 920; x_wconf 81' lang='grc' dir='ltr'><strong><em>κακῶν</em></strong></span> <span class='ocrx_word' id='word_1_47' title='bbox 623 855 668 923; x_wconf 68' lang='lat' dir='ltr'><strong><em>ert</em></strong></span> <span class='ocrx_word' id='word_1_48' title='bbox 699 857 790 932; x_wconf 79' lang='grc' dir='ltr'><strong><em>μεςή.</em></strong></span> <span class='ocrx_word' id='word_1_49' title='bbox 838 854 998 921; x_wconf 84' lang='lat' dir='ltr'><strong>Faleariue</strong></span> <span class='ocrx_word' id='word_1_50' title='bbox 1029 874 1102 940; x_wconf 81' lang='lat' dir='ltr'><strong>pag.</strong></span> <span class='ocrx_word' id='word_1_51' title='bbox 1129 851 1203 918; x_wconf 76' lang='lat'><strong>154.</strong></span> <span class='ocrx_word' id='word_1_52' title='bbox 1230 849 1284 920; x_wconf 82' lang='lat'><strong><em>17.</em></strong></span> 
     </span>
     <span class='ocr_line' id='line_1_8' title="bbox 105 955 1282 1042; baseline -0.001 -19"><span class='ocrx_word' id='word_1_53' title='bbox 105 955 169 1034; x_wconf 84' lang='grc' dir='ltr'><strong><em>θλος</em></strong></span> <span class='ocrx_word' id='word_1_54' title='bbox 193 961 252 1038; x_wconf 81' lang='grc' dir='ltr'><strong><em>μὲν</em></strong></span> <span class='ocrx_word' id='word_1_55' title='bbox 274 959 337 1038; x_wconf 84' lang='grc' dir='ltr'><strong><em>γάρ</em></strong></span> <span class='ocrx_word' id='word_1_56' title='bbox 364 961 380 1035; x_wconf 87' lang='grc' dir='ltr'><strong><em>ή</em></strong></span> <span class='ocrx_word' id='word_1_57' title='bbox 404 960 597 1035; x_wconf 85' lang='grc' dir='ltr'><strong><em>Μακεδονική</em></strong></span> <span class='ocrx_word' id='word_1_58' title='bbox 620 959 748 1038; x_wconf 88' lang='grc' dir='ltr'><strong><em>δύναμις</em></strong></span> <span class='ocrx_word' id='word_1_59' title='bbox 774 960 804 1024; x_wconf 83' lang='grc' dir='ltr'><strong><em>ἒν</em></strong></span> <span class='ocrx_word' id='word_1_60' title='bbox 825 960 882 1037; x_wconf 77' lang='grc' dir='ltr'><strong><em>μέν</em></strong></span> <span class='ocrx_word' id='word_1_61' title='bbox 902 961 1069 1042; x_wconf 80' lang='grc' dir='ltr'><strong><em>προσθήκης</em></strong></span> <span class='ocrx_word' id='word_1_62' title='bbox 1089 959 1172 1039; x_wconf 83' lang='grc' dir='ltr'><strong><em>μέρει</em></strong></span> <span class='ocrx_word' id='word_1_63' title='bbox 1191 958 1282 1039; x_wconf 72' lang='grc' dir='ltr'><strong><em>ῥοπήν</em></strong></span> 
     </span>
     <span class='ocr_line' id='line_1_9' title="bbox 103 1062 1283 1148; baseline -0.002 -18"><span class='ocrx_word' id='word_1_64' title='bbox 103 1065 161 1148; x_wconf 80' lang='grc' dir='ltr'><strong><em>ἔχει</em></strong></span> <span class='ocrx_word' id='word_1_65' title='bbox 194 1066 264 1133; x_wconf 84' lang='grc' dir='ltr'><strong><em>τινά</em></strong></span> <span class='ocrx_word' id='word_1_66' title='bbox 296 1066 349 1131; x_wconf 78' lang='grc' dir='ltr'><strong><em>καί</em></strong></span> <span class='ocrx_word' id='word_1_67' title='bbox 380 1072 507 1145; x_wconf 75' lang='grc' dir='ltr'><strong><em>χρῆσιν,</em></strong></span> <span class='ocrx_word' id='word_1_68' title='bbox 542 1066 622 1140; x_wconf 85' lang='grc' dir='ltr'><strong><em>αύτή</em></strong></span> <span class='ocrx_word' id='word_1_69' title='bbox 645 1067 676 1131; x_wconf 81' lang='grc' dir='ltr'><strong><em>δὲ</em></strong></span> <span class='ocrx_word' id='word_1_70' title='bbox 700 1065 769 1131; x_wconf 90' lang='grc' dir='ltr'><strong><em>καθ’</em></strong></span> <span class='ocrx_word' id='word_1_71' title='bbox 794 1068 889 1142; x_wconf 85' lang='grc' dir='ltr'><strong><em>αὑτήν</em></strong></span> <span class='ocrx_word' id='word_1_72' title='bbox 912 1067 1038 1142; x_wconf 87' lang='grc' dir='ltr'><strong><em>άσθενής</em></strong></span> <span class='ocrx_word' id='word_1_73' title='bbox 1064 1067 1110 1134; x_wconf 79' lang='grc' dir='ltr'><strong><em>ἒςι</em></strong></span> <span class='ocrx_word' id='word_1_74' title='bbox 1133 1065 1186 1130; x_wconf 85' lang='grc' dir='ltr'><strong><em>καῖ</em></strong></span> <span class='ocrx_word' id='word_1_75' title='bbox 1211 1062 1283 1145; x_wconf 81' lang='grc' dir='ltr'><strong><em>πρὸς</em></strong></span> 
     </span>
     <span class='ocr_line' id='line_1_10' title="bbox 103 1169 1286 1253; baseline -0.001 -17"><span class='ocrx_word' id='word_1_76' title='bbox 103 1179 226 1239; x_wconf 79' lang='grc' dir='ltr'><strong><em>τοιοῦτον</em></strong></span> <span class='ocrx_word' id='word_1_77' title='bbox 257 1170 347 1251; x_wconf 89' lang='grc' dir='ltr'><strong><em>θγκον</em></strong></span> <span class='ocrx_word' id='word_1_78' title='bbox 376 1170 573 1251; x_wconf 91' lang='grc' dir='ltr'><strong><em>πραγμάτων</em></strong></span> <span class='ocrx_word' id='word_1_79' title='bbox 603 1171 880 1253; x_wconf 83' lang='grc' dir='ltr'><strong><em>εύκαταψρθνντος.</em></strong></span> <span class='ocrx_word' id='word_1_80' title='bbox 929 1171 1009 1238; x_wconf 86' lang='lat' dir='ltr'><strong>Vide</strong></span> <span class='ocrx_word' id='word_1_81' title='bbox 1039 1173 1190 1238; x_wconf 86' lang='lat' dir='ltr'><strong>tertium:</strong></span> <span class='ocrx_word' id='word_1_82' title='bbox 1223 1169 1286 1236; x_wconf 91' lang='lat' dir='ltr'><strong><em>De·</em></strong></span> 
     </span>
     <span class='ocr_line' id='line_1_11' title="bbox 103 1269 1281 1365; baseline -0.001 -23"><span class='ocrx_word' id='word_1_83' title='bbox 103 1279 277 1346; x_wconf 86' lang='lat' dir='ltr'><strong>mosthenee</strong></span> <span class='ocrx_word' id='word_1_84' title='bbox 307 1299 380 1365; x_wconf 81' lang='lat' dir='ltr'><strong>pag.</strong></span> <span class='ocrx_word' id='word_1_85' title='bbox 414 1269 468 1342; x_wconf 83' lang='grc'><strong><em>23.</em></strong></span> <span class='ocrx_word' id='word_1_86' title='bbox 491 1275 545 1344; x_wconf 83' lang='grc'><strong><em>27.</em></strong></span> <span class='ocrx_word' id='word_1_87' title='bbox 571 1282 621 1343; x_wconf 82' lang='grc' dir='ltr'><strong><em>νῶν</em></strong></span> <span class='ocrx_word' id='word_1_88' title='bbox 644 1279 700 1356; x_wconf 78' lang='grc' dir='ltr'><strong><em>μὲν</em></strong></span> <span class='ocrx_word' id='word_1_89' title='bbox 724 1279 882 1344; x_wconf 80' lang='grc' dir='ltr'><strong><em>ἐπισκοτεῖ</em></strong></span> <span class='ocrx_word' id='word_1_90' title='bbox 903 1277 1019 1350; x_wconf 77' lang='grc' dir='ltr'><strong><em>τούτοις</em></strong></span> <span class='ocrx_word' id='word_1_91' title='bbox 1042 1281 1077 1343; x_wconf 83' lang='grc' dir='ltr'><strong><em>τὸ</em></strong></span> <span class='ocrx_word' id='word_1_92' title='bbox 1102 1280 1281 1357; x_wconf 83' lang='grc' dir='ltr'><strong><em>κατορθοῦν·</em></strong></span> 
     </span>
     <span class='ocr_line' id='line_1_12' title="bbox 104 1382 1283 1466; baseline 0.002 -19"><span class='ocrx_word' id='word_1_93' title='bbox 104 1386 132 1449; x_wconf 88' lang='grc' dir='ltr'><strong><em>αῖ</em></strong></span> <span class='ocrx_word' id='word_1_94' title='bbox 159 1385 223 1464; x_wconf 78' lang='grc' dir='ltr'><strong><em>γάρ</em></strong></span> <span class='ocrx_word' id='word_1_95' title='bbox 255 1382 422 1464; x_wconf 74' lang='grc' dir='ltr'><strong><em>εὐπραξίαι</em></strong></span> <span class='ocrx_word' id='word_1_96' title='bbox 454 1384 547 1449; x_wconf 81' lang='grc' dir='ltr'><strong><em>δειναί</em></strong></span> <span class='ocrx_word' id='word_1_97' title='bbox 580 1384 759 1466; x_wconf 74' lang='grc' dir='ltr'><strong><em>συγκρύψαι</em></strong></span> <span class='ocrx_word' id='word_1_98' title='bbox 790 1385 834 1451; x_wconf 81' lang='grc' dir='ltr'><strong><em>τά</em></strong></span> <span class='ocrx_word' id='word_1_99' title='bbox 865 1385 983 1452; x_wconf 87' lang='grc' dir='ltr'><strong><em>τοιαῦτ’</em></strong></span> <span class='ocrx_word' id='word_1_100' title='bbox 1007 1385 1121 1460; x_wconf 82' lang='grc' dir='ltr'><strong><em>θνείδή·</em></strong></span> <span class='ocrx_word' id='word_1_101' title='bbox 1148 1386 1173 1450; x_wconf 88' lang='grc' dir='ltr'><strong><em>εῖ</em></strong></span> <span class='ocrx_word' id='word_1_102' title='bbox 1198 1383 1230 1450; x_wconf 91' lang='grc' dir='ltr'><strong><em>δέ</em></strong></span> <span class='ocrx_word' id='word_1_103' title='bbox 1253 1407 1283 1450; x_wconf 95' lang='grc' dir='ltr'><strong><em>τι</em></strong></span> 
     </span>
     <span class='ocr_line' id='line_1_13' title="bbox 102 1489 1283 1572; baseline 0.002 -18"><span class='ocrx_word' id='word_1_104' title='bbox 102 1493 221 1557; x_wconf 85' lang='grc' dir='ltr'><strong><em>πταίσει</em></strong></span> <span class='ocrx_word' id='word_1_105' title='bbox 254 1490 321 1556; x_wconf 83' lang='grc' dir='ltr'><strong><em>τότ’</em></strong></span> <span class='ocrx_word' id='word_1_106' title='bbox 353 1490 486 1569; x_wconf 86' lang='grc' dir='ltr'><strong><em>άκριβῶς</em></strong></span> <span class='ocrx_word' id='word_1_107' title='bbox 518 1492 613 1556; x_wconf 80' lang='grc' dir='ltr'><strong><em>αὐτοῦ</em></strong></span> <span class='ocrx_word' id='word_1_108' title='bbox 636 1493 728 1555; x_wconf 81' lang='grc' dir='ltr'><strong><em>ταῦτ’</em></strong></span> <span class='ocrx_word' id='word_1_109' title='bbox 750 1490 1004 1568; x_wconf 77' lang='grc' dir='ltr'><strong><em>ἐξετασθήσεται.</em></strong></span> <span class='ocrx_word' id='word_1_110' title='bbox 1032 1529 1074 1540; x_wconf 85' lang='lat'><em>-</em></span> <span class='ocrx_word' id='word_1_111' title='bbox 1097 1489 1196 1572; x_wconf 88' lang='grc' dir='ltr'><strong><em>ῶσπερ</em></strong></span> <span class='ocrx_word' id='word_1_112' title='bbox 1220 1491 1283 1572; x_wconf 82' lang='grc' dir='ltr'><strong><em>γάρ</em></strong></span> 
     </span>
     <span class='ocr_line' id='line_1_14' title="bbox 101 1594 1283 1685; baseline 0.003 -25"><span class='ocrx_word' id='word_1_113' title='bbox 101 1598 128 1662; x_wconf 84' lang='grc' dir='ltr'><strong><em>ἐν</em></strong></span> <span class='ocrx_word' id='word_1_114' title='bbox 155 1607 218 1670; x_wconf 88' lang='grc' dir='ltr'><strong><em>τοῖς</em></strong></span> <span class='ocrx_word' id='word_1_115' title='bbox 249 1597 389 1674; x_wconf 88' lang='grc' dir='ltr'><strong><em>σύμασιν</em></strong></span> <span class='ocrx_word' id='word_1_116' title='bbox 420 1599 503 1674; x_wconf 88' lang='grc' dir='ltr'><strong><em>ήμῶν</em></strong></span> <span class='ocrx_word' id='word_1_117' title='bbox 527 1597 626 1678; x_wconf 89' lang='lat' dir='ltr'><strong>(male</strong></span> <span class='ocrx_word' id='word_1_118' title='bbox 648 1595 671 1662; x_wconf 82' lang='lat' dir='ltr'>S</span> <span class='ocrx_word' id='word_1_119' title='bbox 696 1617 757 1664; x_wconf 89' lang='lat' dir='ltr'><strong>om.</strong></span> <span class='ocrx_word' id='word_1_120' title='bbox 785 1597 881 1685; x_wconf 88' lang='grc' dir='ltr'><strong><em>ήμῶν)</em></strong></span> <span class='ocrx_word' id='word_1_121' title='bbox 905 1594 959 1670; x_wconf 77' lang='grc' dir='ltr'><strong><em>ἕως</em></strong></span> <span class='ocrx_word' id='word_1_122' title='bbox 982 1598 1039 1675; x_wconf 85' lang='grc' dir='ltr'><strong><em>μέν</em></strong></span> <span class='ocrx_word' id='word_1_123' title='bbox 1063 1596 1101 1664; x_wconf 72' lang='grc' dir='ltr'><strong><em>ἂν</em></strong></span> <span class='ocrx_word' id='word_1_124' title='bbox 1124 1596 1283 1677; x_wconf 74' lang='grc' dir='ltr'><strong><em>ἐρρωμένος</em></strong></span> 
     </span>
     <span class='ocr_line' id='line_1_15' title="bbox 102 1699 1283 1784; baseline -0.001 -15"><span class='ocrx_word' id='word_1_125' title='bbox 102 1701 117 1784; x_wconf 83' lang='grc' dir='ltr'><strong><em>ή</em></strong></span> <span class='ocrx_word' id='word_1_126' title='bbox 135 1729 177 1778; x_wconf 90' lang='grc' dir='ltr'><strong><em>τις</em></strong></span> <span class='ocrx_word' id='word_1_127' title='bbox 197 1702 281 1770; x_wconf 78' lang='grc' dir='ltr'><strong><em>οὐδὲν</em></strong></span> <span class='ocrx_word' id='word_1_128' title='bbox 303 1700 524 1770; x_wconf 72' lang='grc' dir='ltr'><strong><em>ἐπαισθάνεται</em></strong></span> <span class='ocrx_word' id='word_1_129' title='bbox 544 1708 603 1769; x_wconf 90' lang='grc' dir='ltr'><strong><em>τῶν</em></strong></span> <span class='ocrx_word' id='word_1_130' title='bbox 622 1702 692 1769; x_wconf 87' lang='grc' dir='ltr'><strong><em>καθ’</em></strong></span> <span class='ocrx_word' id='word_1_131' title='bbox 713 1699 816 1772; x_wconf 81' lang='grc' dir='ltr'><strong><em>ἕκαςα</em></strong></span> <span class='ocrx_word' id='word_1_132' title='bbox 835 1702 1283 1783; x_wconf 49' lang='lat' dir='ltr'><strong><em>carpentoratensem</em></strong></span> 
     </span>
     <span class='ocr_line' id='line_1_16' title="bbox 102 1807 1283 1893; baseline 0.001 -21"><span class='ocrx_word' id='word_1_133' title='bbox 102 1833 127 1873; x_wconf 92' lang='grc' dir='ltr'><strong><em>τι</em></strong></span> <span class='ocrx_word' id='word_1_134' title='bbox 155 1809 264 1893; x_wconf 76' lang='grc' dir='ltr'><strong><em>συμβή</em></strong></span> <span class='ocrx_word' id='word_1_135' title='bbox 297 1809 405 1874; x_wconf 85' lang='grc' dir='ltr'><strong><em>πάντα</em></strong></span> <span class='ocrx_word' id='word_1_136' title='bbox 435 1817 583 1886; x_wconf 91' lang='grc' dir='ltr'><strong><em>κινεῖται,</em></strong></span> <span class='ocrx_word' id='word_1_137' title='bbox 617 1807 675 1874; x_wconf 81' lang='grc' dir='ltr'><strong><em>κάν</em></strong></span> <span class='ocrx_word' id='word_1_138' title='bbox 702 1813 812 1892; x_wconf 78' lang='grc' dir='ltr'><strong><em>ῥῆγμα</em></strong></span> <span class='ocrx_word' id='word_1_139' title='bbox 834 1807 893 1874; x_wconf 82' lang='grc' dir='ltr'><strong><em>κάν</em></strong></span> <span class='ocrx_word' id='word_1_140' title='bbox 916 1807 1044 1888; x_wconf 81' lang='grc' dir='ltr'><strong><em>ςρέμμα</em></strong></span> <span class='ocrx_word' id='word_1_141' title='bbox 1068 1807 1126 1876; x_wconf 83' lang='grc' dir='ltr'><strong><em>κάν</em></strong></span> <span class='ocrx_word' id='word_1_142' title='bbox 1149 1807 1229 1874; x_wconf 88' lang='grc' dir='ltr'><strong><em>άλλο</em></strong></span> <span class='ocrx_word' id='word_1_143' title='bbox 1252 1833 1283 1873; x_wconf 96' lang='grc' dir='ltr'><strong><em>τι</em></strong></span> 
     </span>
     <span class='ocr_line' id='line_1_17' title="bbox 101 1912 1285 1997; baseline 0.003 -21"><span class='ocrx_word' id='word_1_144' title='bbox 101 1921 152 1979; x_wconf 88' lang='grc' dir='ltr'><strong><em>τῶν</em></strong></span> <span class='ocrx_word' id='word_1_145' title='bbox 183 1914 387 1997; x_wconf 74' lang='grc' dir='ltr'><strong><em>ὑπαρχόντων</em></strong></span> <span class='ocrx_word' id='word_1_146' title='bbox 419 1916 526 1997; x_wconf 82' lang='grc' dir='ltr'><strong><em>σαθρὸν</em></strong></span> <span class='ocrx_word' id='word_1_147' title='bbox 558 1912 592 1996; x_wconf 67' lang='lat' dir='ltr'><strong><em>ds</em></strong></span> <span class='ocrx_word' id='word_1_148' title='bbox 624 1913 699 1981; x_wconf 86' lang='grc' dir='ltr'><strong><em>ούτω</em></strong></span> <span class='ocrx_word' id='word_1_149' title='bbox 724 1914 777 1980; x_wconf 80' lang='grc' dir='ltr'><strong><em>καί</em></strong></span> <span class='ocrx_word' id='word_1_150' title='bbox 801 1922 860 1980; x_wconf 85' lang='grc' dir='ltr'><strong><em>τῶν</em></strong></span> <span class='ocrx_word' id='word_1_151' title='bbox 882 1913 999 1980; x_wconf 88' lang='grc' dir='ltr'><strong><em>πύλεων</em></strong></span> <span class='ocrx_word' id='word_1_152' title='bbox 1022 1914 1074 1980; x_wconf 84' lang='grc' dir='ltr'><strong><em>καί</em></strong></span> <span class='ocrx_word' id='word_1_153' title='bbox 1097 1921 1156 1980; x_wconf 91' lang='grc' dir='ltr'><strong><em>τῶν</em></strong></span> <span class='ocrx_word' id='word_1_154' title='bbox 1177 1916 1285 1995; x_wconf 85' lang='grc' dir='ltr'><strong><em>πυράν-</em></strong></span> 
     </span>
     <span class='ocr_line' id='line_1_18' title="bbox 100 2018 1283 2105; baseline 0.004 -20"><span class='ocrx_word' id='word_1_155' title='bbox 100 2046 164 2098; x_wconf 92' lang='grc' dir='ltr'><strong><em>νων,</em></strong></span> <span class='ocrx_word' id='word_1_156' title='bbox 189 2019 244 2095; x_wconf 78' lang='grc' dir='ltr'><strong><em>ἕως</em></strong></span> <span class='ocrx_word' id='word_1_157' title='bbox 268 2022 326 2098; x_wconf 78' lang='grc' dir='ltr'><strong><em>μὲν</em></strong></span> <span class='ocrx_word' id='word_1_158' title='bbox 351 2018 390 2085; x_wconf 66' lang='lat' dir='ltr'><strong><em>aa</em></strong></span> <span class='ocrx_word' id='word_1_159' title='bbox 413 2018 469 2097; x_wconf 76' lang='grc' dir='ltr'><strong><em>ἔξω</em></strong></span> <span class='ocrx_word' id='word_1_160' title='bbox 494 2028 667 2100; x_wconf 78' lang='grc' dir='ltr'><strong><em>πολεμῶσιν</em></strong></span> <span class='ocrx_word' id='word_1_161' title='bbox 685 2025 794 2105; x_wconf 84' lang='grc' dir='ltr'><strong><em>άψανή</em></strong></span> <span class='ocrx_word' id='word_1_162' title='bbox 814 2021 858 2088; x_wconf 82' lang='grc' dir='ltr'><strong><em>τοὶ</em></strong></span> <span class='ocrx_word' id='word_1_163' title='bbox 878 2022 963 2088; x_wconf 86' lang='grc' dir='ltr'><strong><em>κακά</em></strong></span> <span class='ocrx_word' id='word_1_164' title='bbox 981 2030 1044 2095; x_wconf 89' lang='grc' dir='ltr'><strong><em>τοῖς</em></strong></span> <span class='ocrx_word' id='word_1_165' title='bbox 1062 2030 1188 2095; x_wconf 77' lang='grc' dir='ltr'><strong><em>πολλοῖς</em></strong></span> <span class='ocrx_word' id='word_1_166' title='bbox 1208 2023 1256 2090; x_wconf 79' lang='grc' dir='ltr'><strong><em>ε’ςί</em></strong></span> <span class='ocrx_word' id='word_1_167' title='bbox 1273 2071 1283 2090; x_wconf 96' lang='grc'><strong><em>.</em></strong></span> 
     </span>
    </p>

    <p class='ocr_par' dir='ltr' id='par_1_4' title="bbox 87 2125 1287 4342">
     <span class='ocr_line' id='line_1_19' title="bbox 139 2125 1286 2215; baseline 0.002 -21"><span class='ocrx_word' id='word_1_168' title='bbox 139 2129 300 2196; x_wconf 83' lang='lat' dir='ltr'><strong>Falsarius</strong></span> <span class='ocrx_word' id='word_1_169' title='bbox 330 2148 404 2215; x_wconf 82' lang='lat' dir='ltr'><strong>pag.</strong></span> <span class='ocrx_word' id='word_1_170' title='bbox 431 2125 506 2193; x_wconf 81' lang='lat'><strong>155.</strong></span> <span class='ocrx_word' id='word_1_171' title='bbox 535 2127 590 2194; x_wconf 89' lang='grc'><strong><em>22.</em></strong></span> <span class='ocrx_word' id='word_1_172' title='bbox 614 2134 664 2195; x_wconf 82' lang='grc' dir='ltr'><strong><em>νῦν</em></strong></span> <span class='ocrx_word' id='word_1_173' title='bbox 687 2131 744 2207; x_wconf 80' lang='grc' dir='ltr'><strong><em>μέν</em></strong></span> <span class='ocrx_word' id='word_1_174' title='bbox 767 2128 803 2194; x_wconf 82' lang='grc' dir='ltr'><strong><em>τὸ</em></strong></span> <span class='ocrx_word' id='word_1_175' title='bbox 828 2131 988 2209; x_wconf 83' lang='grc' dir='ltr'><strong><em>κατορθοῦν</em></strong></span> <span class='ocrx_word' id='word_1_176' title='bbox 1011 2130 1105 2196; x_wconf 85' lang='grc' dir='ltr'><strong><em>αύτθν</em></strong></span> <span class='ocrx_word' id='word_1_177' title='bbox 1128 2131 1286 2196; x_wconf 77' lang='grc' dir='ltr'><strong><em>ἐπισκοτεῖ</em></strong></span> 
     </span>
     <span class='ocr_line' id='line_1_20' title="bbox 99 2233 1281 2316; baseline 0.003 -17"><span class='ocrx_word' id='word_1_178' title='bbox 99 2240 171 2300; x_wconf 87' lang='grc' dir='ltr'><strong><em>τοῖσι</em></strong></span> <span class='ocrx_word' id='word_1_179' title='bbox 214 2243 277 2307; x_wconf 85' lang='grc' dir='ltr'><strong><em>τοῖς</em></strong></span> <span class='ocrx_word' id='word_1_180' title='bbox 319 2233 482 2306; x_wconf 89' lang='grc' dir='ltr'><strong><em>τοιούτοις·</em></strong></span> <span class='ocrx_word' id='word_1_181' title='bbox 518 2235 551 2299; x_wconf 87' lang='grc' dir='ltr'><strong><em>αῖ</em></strong></span> <span class='ocrx_word' id='word_1_182' title='bbox 586 2234 649 2314; x_wconf 80' lang='grc' dir='ltr'><strong><em>γάρ</em></strong></span> <span class='ocrx_word' id='word_1_183' title='bbox 684 2234 848 2316; x_wconf 78' lang='grc' dir='ltr'><strong><em>εύπραξίαι</em></strong></span> <span class='ocrx_word' id='word_1_184' title='bbox 883 2234 975 2300; x_wconf 79' lang='grc' dir='ltr'><strong><em>δειναί</em></strong></span> <span class='ocrx_word' id='word_1_185' title='bbox 1013 2233 1193 2316; x_wconf 71' lang='grc' dir='ltr'><strong><em>συγκρύψαι</em></strong></span> <span class='ocrx_word' id='word_1_186' title='bbox 1228 2237 1281 2302; x_wconf 76' lang='grc' dir='ltr'><strong><em>καί</em></strong></span> 
     </span>
     <span class='ocr_line' id='line_1_21' title="bbox 98 2338 1280 2422; baseline 0.002 -18"><span class='ocrx_word' id='word_1_187' title='bbox 98 2342 259 2408; x_wconf 86' lang='grc' dir='ltr'><strong><em>συσκιάσαι</em></strong></span> <span class='ocrx_word' id='word_1_188' title='bbox 289 2340 350 2413; x_wconf 75' lang='grc' dir='ltr'><strong><em>τοῖς</em></strong></span> <span class='ocrx_word' id='word_1_189' title='bbox 382 2338 540 2419; x_wconf 82' lang='grc' dir='ltr'><strong><em>οὲμοιρτίας</em></strong></span> <span class='ocrx_word' id='word_1_190' title='bbox 571 2345 629 2403; x_wconf 90' lang='grc' dir='ltr'><strong><em>τῶν</em></strong></span> <span class='ocrx_word' id='word_1_191' title='bbox 660 2341 820 2422; x_wconf 73' lang='grc' dir='ltr'><strong><em>ἀνθρώπων</em></strong></span> <span class='ocrx_word' id='word_1_192' title='bbox 851 2339 942 2406; x_wconf 87' lang='grc' dir='ltr'><strong><em>εῖσίν·</em></strong></span> <span class='ocrx_word' id='word_1_193' title='bbox 975 2341 1000 2405; x_wconf 87' lang='grc' dir='ltr'><strong><em>εί</em></strong></span> <span class='ocrx_word' id='word_1_194' title='bbox 1029 2338 1062 2406; x_wconf 90' lang='grc' dir='ltr'><strong><em>δέ</em></strong></span> <span class='ocrx_word' id='word_1_195' title='bbox 1094 2366 1124 2406; x_wconf 89' lang='grc' dir='ltr'><strong><em>τι</em></strong></span> <span class='ocrx_word' id='word_1_196' title='bbox 1154 2342 1280 2407; x_wconf 86' lang='grc' dir='ltr'><strong><em>πταίσει</em></strong></span> 
     </span>
     <span class='ocr_line' id='line_1_22' title="bbox 97 2445 1281 2529; baseline 0.004 -20"><span class='ocrx_word' id='word_1_197' title='bbox 97 2445 158 2510; x_wconf 80' lang='grc' dir='ltr'><strong><em>τότ’</em></strong></span> <span class='ocrx_word' id='word_1_198' title='bbox 198 2447 333 2529; x_wconf 87' lang='grc' dir='ltr'><strong><em>άκριβῶς</em></strong></span> <span class='ocrx_word' id='word_1_199' title='bbox 376 2445 667 2526; x_wconf 68' lang='grc' dir='ltr'><strong><em>διακαλυφθήσεται</em></strong></span> <span class='ocrx_word' id='word_1_200' title='bbox 711 2451 817 2512; x_wconf 78' lang='grc' dir='ltr'><strong><em>ταῦτα</em></strong></span> <span class='ocrx_word' id='word_1_201' title='bbox 852 2446 974 2512; x_wconf 91' lang='grc' dir='ltr'><strong><em>πάντα·</em></strong></span> <span class='ocrx_word' id='word_1_202' title='bbox 1015 2447 1183 2525; x_wconf 81' lang='grc' dir='ltr'><strong><em>συμβαίνει</em></strong></span> <span class='ocrx_word' id='word_1_203' title='bbox 1218 2448 1281 2529; x_wconf 81' lang='grc' dir='ltr'><strong><em>γάρ</em></strong></span> 
     </span>
     <span class='ocr_line' id='line_1_23' title="bbox 96 2547 1282 2635; baseline 0.003 -19"><span class='ocrx_word' id='word_1_204' title='bbox 96 2551 190 2633; x_wconf 88' lang='grc' dir='ltr'><strong><em>ῶσπερ</em></strong></span> <span class='ocrx_word' id='word_1_205' title='bbox 226 2555 257 2618; x_wconf 83' lang='grc' dir='ltr'><strong><em>ἒν</em></strong></span> <span class='ocrx_word' id='word_1_206' title='bbox 292 2560 355 2619; x_wconf 78' lang='grc' dir='ltr'><strong><em>τοῖς</em></strong></span> <span class='ocrx_word' id='word_1_207' title='bbox 391 2553 529 2629; x_wconf 84' lang='grc' dir='ltr'><strong><em>σάμασιν</em></strong></span> <span class='ocrx_word' id='word_1_208' title='bbox 564 2553 666 2630; x_wconf 91' lang='grc' dir='ltr'><strong><em>ήμῶν·</em></strong></span> <span class='ocrx_word' id='word_1_209' title='bbox 701 2547 774 2616; x_wconf 88' lang='grc' dir='ltr'><strong><em>ύταν</em></strong></span> <span class='ocrx_word' id='word_1_210' title='bbox 804 2552 860 2630; x_wconf 82' lang='grc' dir='ltr'><strong><em>μὲν</em></strong></span> <span class='ocrx_word' id='word_1_211' title='bbox 890 2551 1046 2633; x_wconf 79' lang='grc' dir='ltr'><strong><em>ἐρρωμένος</em></strong></span> <span class='ocrx_word' id='word_1_212' title='bbox 1077 2550 1095 2635; x_wconf 78' lang='grc' dir='ltr'><strong><em>ή</em></strong></span> <span class='ocrx_word' id='word_1_213' title='bbox 1124 2577 1173 2625; x_wconf 87' lang='grc' dir='ltr'><strong><em>τις</em></strong></span> <span class='ocrx_word' id='word_1_214' title='bbox 1200 2555 1282 2621; x_wconf 80' lang='grc' dir='ltr'><strong><em>οὐδὲν</em></strong></span> 
     </span>
     <span class='ocr_line' id='line_1_24' title="bbox 98 2653 1281 2740; baseline 0.003 -18"><span class='ocrx_word' id='word_1_215' title='bbox 98 2658 316 2726; x_wconf 80' lang='grc' dir='ltr'><strong><em>ἐπαισθάνεται</em></strong></span> <span class='ocrx_word' id='word_1_216' title='bbox 348 2663 407 2722; x_wconf 85' lang='grc' dir='ltr'><strong><em>τῶν</em></strong></span> <span class='ocrx_word' id='word_1_217' title='bbox 440 2658 507 2721; x_wconf 85' lang='grc' dir='ltr'><strong><em>καθ’</em></strong></span> <span class='ocrx_word' id='word_1_218' title='bbox 539 2653 640 2726; x_wconf 61' lang='lat' dir='ltr'><strong>saara</strong></span> <span class='ocrx_word' id='word_1_219' title='bbox 671 2659 802 2739; x_wconf 87' lang='grc' dir='ltr'><strong><em>σαθρῶν·</em></strong></span> <span class='ocrx_word' id='word_1_220' title='bbox 835 2658 915 2723; x_wconf 83' lang='grc' dir='ltr'><strong><em>ἐπάν</em></strong></span> <span class='ocrx_word' id='word_1_221' title='bbox 941 2658 971 2724; x_wconf 81' lang='grc' dir='ltr'><strong><em>δέ</em></strong></span> <span class='ocrx_word' id='word_1_222' title='bbox 996 2658 1153 2740; x_wconf 75' lang='grc' dir='ltr'><strong><em>άρριοςήσρ</em></strong></span> <span class='ocrx_word' id='word_1_223' title='bbox 1176 2657 1281 2725; x_wconf 84' lang='grc' dir='ltr'><strong><em>πάντα</em></strong></span> 
     </span>
     <span class='ocr_line' id='line_1_25' title="bbox 94 2761 1282 2846; baseline 0 -16"><span class='ocrx_word' id='word_1_224' title='bbox 94 2775 219 2832; x_wconf 89' lang='grc' dir='ltr'><strong><em>κινεῖται</em></strong></span> <span class='ocrx_word' id='word_1_225' title='bbox 252 2765 312 2832; x_wconf 82' lang='grc' dir='ltr'><strong><em>κάν</em></strong></span> <span class='ocrx_word' id='word_1_226' title='bbox 344 2767 452 2846; x_wconf 73' lang='grc' dir='ltr'><strong><em>ρ”ήγμα</em></strong></span> <span class='ocrx_word' id='word_1_227' title='bbox 483 2763 542 2828; x_wconf 83' lang='grc' dir='ltr'><strong><em>κάν</em></strong></span> <span class='ocrx_word' id='word_1_228' title='bbox 570 2762 696 2843; x_wconf 76' lang='grc' dir='ltr'><strong><em>σρέμμα</em></strong></span> <span class='ocrx_word' id='word_1_229' title='bbox 720 2762 778 2828; x_wconf 83' lang='grc' dir='ltr'><strong><em>κάν</em></strong></span> <span class='ocrx_word' id='word_1_230' title='bbox 802 2761 882 2830; x_wconf 85' lang='grc' dir='ltr'><strong><em>άλλο</em></strong></span> <span class='ocrx_word' id='word_1_231' title='bbox 905 2788 935 2830; x_wconf 92' lang='grc' dir='ltr'><strong><em>τι</em></strong></span> <span class='ocrx_word' id='word_1_232' title='bbox 958 2771 1017 2830; x_wconf 91' lang='grc' dir='ltr'><strong><em>τῶν</em></strong></span> <span class='ocrx_word' id='word_1_233' title='bbox 1040 2763 1240 2844; x_wconf 82' lang='grc' dir='ltr'><strong><em>ύπαρχύντων</em></strong></span> <span class='ocrx_word' id='word_1_234' title='bbox 1265 2762 1282 2846; x_wconf 63' lang='lat' dir='ltr'><strong>si</strong></span> 
     </span>
     <span class='ocr_line' id='line_1_26' title="bbox 94 2870 1284 2951; baseline -0.001 -13"><span class='ocrx_word' id='word_1_235' title='bbox 94 2875 135 2949; x_wconf 81' lang='grc' dir='ltr'><strong><em>μή</em></strong></span> <span class='ocrx_word' id='word_1_236' title='bbox 165 2875 279 2946; x_wconf 87' lang='grc' dir='ltr'><strong><em>τελέως</em></strong></span> <span class='ocrx_word' id='word_1_237' title='bbox 313 2873 466 2951; x_wconf 86' lang='grc' dir='ltr'><strong><em>ὑγιαῖνον·</em></strong></span> <span class='ocrx_word' id='word_1_238' title='bbox 501 2877 627 2935; x_wconf 83' lang='grc' dir='ltr'>ΟΤΤΩ</span> <span class='ocrx_word' id='word_1_239' title='bbox 659 2871 711 2935; x_wconf 80' lang='grc' dir='ltr'><strong><em>καί</em></strong></span> <span class='ocrx_word' id='word_1_240' title='bbox 743 2875 802 2935; x_wconf 90' lang='grc' dir='ltr'><strong><em>τῶν</em></strong></span> <span class='ocrx_word' id='word_1_241' title='bbox 829 2870 995 2949; x_wconf 88' lang='grc' dir='ltr'><strong><em>βασιλειῶν</em></strong></span> <span class='ocrx_word' id='word_1_242' title='bbox 1019 2871 1072 2935; x_wconf 80' lang='grc' dir='ltr'><strong><em>καί</em></strong></span> <span class='ocrx_word' id='word_1_243' title='bbox 1096 2873 1203 2937; x_wconf 89' lang='grc' dir='ltr'><strong><em>πασῶν</em></strong></span> <span class='ocrx_word' id='word_1_244' title='bbox 1225 2879 1284 2937; x_wconf 89' lang='grc' dir='ltr'><strong><em>τῶν</em></strong></span> 
     </span>
     <span class='ocr_line' id='line_1_27' title="bbox 95 2975 1283 3058; baseline 0 -14"><span class='ocrx_word' id='word_1_245' title='bbox 95 2980 269 3058; x_wconf 81' lang='grc' dir='ltr'><strong><em>δνναςειῶν,</em></strong></span> <span class='ocrx_word' id='word_1_246' title='bbox 311 2975 366 3048; x_wconf 72' lang='grc' dir='ltr'><strong><em>ἕως</em></strong></span> <span class='ocrx_word' id='word_1_247' title='bbox 401 2976 458 3054; x_wconf 82' lang='grc' dir='ltr'><strong><em>μέν</em></strong></span> <span class='ocrx_word' id='word_1_248' title='bbox 490 2975 528 3040; x_wconf 79' lang='grc' dir='ltr'><strong><em>ῶν</em></strong></span> <span class='ocrx_word' id='word_1_249' title='bbox 561 2976 590 3040; x_wconf 81' lang='grc' dir='ltr'><strong><em>έν</em></strong></span> <span class='ocrx_word' id='word_1_250' title='bbox 621 2985 683 3049; x_wconf 89' lang='grc' dir='ltr'><strong><em>τοῖς</em></strong></span> <span class='ocrx_word' id='word_1_251' title='bbox 716 2976 861 3054; x_wconf 86' lang='grc' dir='ltr'><strong><em>πολέμοις</em></strong></span> <span class='ocrx_word' id='word_1_252' title='bbox 892 2979 1071 3056; x_wconf 87' lang='grc' dir='ltr'><strong><em>κατορθῶσιν</em></strong></span> <span class='ocrx_word' id='word_1_253' title='bbox 1100 2979 1208 3058; x_wconf 80' lang='grc' dir='ltr'><strong><em>άψανή</em></strong></span> <span class='ocrx_word' id='word_1_254' title='bbox 1241 2979 1283 3044; x_wconf 80' lang='grc' dir='ltr'><strong><em>τά</em></strong></span> 
     </span>
     <span class='ocr_line' id='line_1_28' title="bbox 95 3082 1284 3163; baseline 0.002 -15"><span class='ocrx_word' id='word_1_255' title='bbox 95 3087 175 3150; x_wconf 79' lang='grc' dir='ltr'><strong><em>κακά</em></strong></span> <span class='ocrx_word' id='word_1_256' title='bbox 207 3093 271 3158; x_wconf 81' lang='grc' dir='ltr'><strong><em>τοῖς</em></strong></span> <span class='ocrx_word' id='word_1_257' title='bbox 303 3090 430 3154; x_wconf 81' lang='grc' dir='ltr'><strong><em>πολλοῖς</em></strong></span> <span class='ocrx_word' id='word_1_258' title='bbox 455 3083 518 3151; x_wconf 73' lang='lat' dir='ltr'><strong>irin</strong></span> <span class='ocrx_word' id='word_1_259' title='bbox 542 3083 606 3147; x_wconf 80' lang='grc' dir='ltr'><strong><em>κτὲ.</em></strong></span> <span class='ocrx_word' id='word_1_260' title='bbox 654 3082 758 3163; x_wconf 81' lang='lat' dir='ltr'><strong>Quam</strong></span> <span class='ocrx_word' id='word_1_261' title='bbox 781 3085 846 3148; x_wconf 83' lang='lat' dir='ltr'><strong>sint</strong></span> <span class='ocrx_word' id='word_1_262' title='bbox 866 3082 1089 3148; x_wconf 80' lang='lat' dir='ltr'><strong>huiuscemodi</strong></span> <span class='ocrx_word' id='word_1_263' title='bbox 1109 3082 1173 3150; x_wconf 82' lang='lat' dir='ltr'><strong>loni</strong></span> <span class='ocrx_word' id='word_1_264' title='bbox 1196 3087 1284 3150; x_wconf 86' lang='lat' dir='ltr'><strong>eimi-</strong></span> 
     </span>
     <span class='ocr_line' id='line_1_29' title="bbox 92 3187 1287 3274; baseline 0 -18"><span class='ocrx_word' id='word_1_265' title='bbox 92 3191 136 3256; x_wconf 85' lang='lat' dir='ltr'><strong><em>las</em></strong></span> <span class='ocrx_word' id='word_1_266' title='bbox 159 3197 192 3258; x_wconf 88' lang='lat' dir='ltr'><strong><em>et</em></strong></span> <span class='ocrx_word' id='word_1_267' title='bbox 218 3192 259 3258; x_wconf 94' lang='lat' dir='ltr'><strong><em>ad</em></strong></span> <span class='ocrx_word' id='word_1_268' title='bbox 281 3209 374 3258; x_wconf 85' lang='lat' dir='ltr'><strong>veras</strong></span> <span class='ocrx_word' id='word_1_269' title='bbox 395 3188 546 3254; x_wconf 75' lang='lat' dir='ltr'><strong>lectiones</strong></span> <span class='ocrx_word' id='word_1_270' title='bbox 569 3189 767 3274; x_wconf 80' lang='lat' dir='ltr'><strong>reperiendae</strong></span> <span class='ocrx_word' id='word_1_271' title='bbox 791 3192 823 3254; x_wconf 89' lang='lat' dir='ltr'><strong><em>et</em></strong></span> <span class='ocrx_word' id='word_1_272' title='bbox 846 3188 887 3254; x_wconf 91' lang='lat' dir='ltr'><strong><em>ad</em></strong></span> <span class='ocrx_word' id='word_1_273' title='bbox 909 3187 1035 3254; x_wconf 78' lang='lat' dir='ltr'><strong>fraudes</strong></span> <span class='ocrx_word' id='word_1_274' title='bbox 1054 3188 1287 3272; x_wconf 84' lang='lat' dir='ltr'><strong>deprehenden-</strong></span> 
     </span>
     <span class='ocr_line' id='line_1_30' title="bbox 93 3293 1286 3382; baseline -0.002 -18"><span class='ocrx_word' id='word_1_275' title='bbox 93 3297 146 3364; x_wconf 87' lang='lat' dir='ltr'><strong><em>das</em></strong></span> <span class='ocrx_word' id='word_1_276' title='bbox 177 3297 278 3363; x_wconf 90' lang='lat' dir='ltr'><strong>utiles</strong></span> <span class='ocrx_word' id='word_1_277' title='bbox 307 3299 418 3381; x_wconf 88' lang='lat' dir='ltr'><strong>sponte</strong></span> <span class='ocrx_word' id='word_1_278' title='bbox 439 3293 645 3380; x_wconf 75' lang='lat' dir='ltr'><strong>intelligitur.</strong></span> <span class='ocrx_word' id='word_1_279' title='bbox 691 3293 883 3360; x_wconf 87' lang='lat' dir='ltr'><strong>Mendorum</strong></span> <span class='ocrx_word' id='word_1_280' title='bbox 906 3294 1064 3380; x_wconf 72' lang='lat' dir='ltr'><strong>originem</strong></span> <span class='ocrx_word' id='word_1_281' title='bbox 1087 3298 1119 3358; x_wconf 87' lang='lat' dir='ltr'><strong><em>et</em></strong></span> <span class='ocrx_word' id='word_1_282' title='bbox 1141 3315 1286 3382; x_wconf 77' lang='lat' dir='ltr'><strong>progres-</strong></span> 
     </span>
     <span class='ocr_line' id='line_1_31' title="bbox 93 3397 1284 3488; baseline -0.003 -20"><span class='ocrx_word' id='word_1_283' title='bbox 93 3425 163 3468; x_wconf 88' lang='lat' dir='ltr'><strong><em>sum</em></strong></span> <span class='ocrx_word' id='word_1_284' title='bbox 195 3408 365 3488; x_wconf 81' lang='lat' dir='ltr'><strong>tamquam</strong></span> <span class='ocrx_word' id='word_1_285' title='bbox 397 3400 497 3466; x_wconf 81' lang='lat' dir='ltr'><strong>oculis</strong></span> <span class='ocrx_word' id='word_1_286' title='bbox 528 3402 697 3466; x_wconf 82' lang='lat' dir='ltr'><strong>cernimus.</strong></span> <span class='ocrx_word' id='word_1_287' title='bbox 745 3399 877 3465; x_wconf 81' lang='lat' dir='ltr'><strong>Dixerat</strong></span> <span class='ocrx_word' id='word_1_288' title='bbox 908 3397 1136 3466; x_wconf 75' lang='lat' dir='ltr'><strong>Demosthenes</strong></span> <span class='ocrx_word' id='word_1_289' title='bbox 1167 3397 1284 3468; x_wconf 72' lang='grc' dir='ltr'><strong><em>ἅπαντ’</em></strong></span> 
     </span>
     <span class='ocr_line' id='line_1_32' title="bbox 93 3495 1286 3590; baseline 0.002 -16"><span class='ocrx_word' id='word_1_290' title='bbox 93 3511 316 3590; x_wconf 81' lang='grc' dir='ltr'><strong><em>άνεχαίτισεν,</em></strong></span> <span class='ocrx_word' id='word_1_291' title='bbox 333 3495 384 3572; x_wconf 77' lang='grc' dir='ltr'><strong><em>Ι1ο]</em></strong></span> <span class='ocrx_word' id='word_1_292' title='bbox 415 3505 507 3572; x_wconf 87' lang='lat' dir='ltr'><strong>libris</strong></span> <span class='ocrx_word' id='word_1_293' title='bbox 538 3511 585 3571; x_wconf 87' lang='lat' dir='ltr'><strong><em>est</em></strong></span> <span class='ocrx_word' id='word_1_294' title='bbox 616 3505 800 3586; x_wconf 85' lang='grc' dir='ltr'><strong><em>άνεχαίτισε</em></strong></span> <span class='ocrx_word' id='word_1_295' title='bbox 832 3503 883 3569; x_wconf 80' lang='grc' dir='ltr'><strong><em>καί</em></strong></span> <span class='ocrx_word' id='word_1_296' title='bbox 917 3504 1097 3569; x_wconf 88' lang='grc' dir='ltr'><strong><em>κατέλυσεν.</em></strong></span> <span class='ocrx_word' id='word_1_297' title='bbox 1152 3504 1286 3576; x_wconf 79' lang='lat' dir='ltr'><strong>Dixerat</strong></span> 
     </span>
     <span class='ocr_line' id='line_1_33' title="bbox 95 3609 1285 3694; baseline 0.003 -15"><span class='ocrx_word' id='word_1_298' title='bbox 95 3616 189 3681; x_wconf 78' lang='grc' dir='ltr'><strong><em>δειναί</em></strong></span> <span class='ocrx_word' id='word_1_299' title='bbox 234 3613 433 3694; x_wconf 82' lang='grc' dir='ltr'><strong><em>συγκρύψαι,</em></strong></span> <span class='ocrx_word' id='word_1_300' title='bbox 472 3611 548 3676; x_wconf 86' lang='lat' dir='ltr'><strong>libri</strong></span> <span class='ocrx_word' id='word_1_301' title='bbox 586 3611 765 3693; x_wconf 92' lang='grc' dir='ltr'><strong><em>συγκρύψαι</em></strong></span> <span class='ocrx_word' id='word_1_302' title='bbox 796 3611 847 3676; x_wconf 81' lang='grc' dir='ltr'><strong><em>καί</em></strong></span> <span class='ocrx_word' id='word_1_303' title='bbox 880 3609 1056 3675; x_wconf 87' lang='grc' dir='ltr'><strong><em>συσκιάσαι.</em></strong></span> <span class='ocrx_word' id='word_1_304' title='bbox 1109 3609 1162 3677; x_wconf 77' lang='lat' dir='ltr'><strong><em>Sic</em></strong></span> <span class='ocrx_word' id='word_1_305' title='bbox 1191 3620 1285 3683; x_wconf 83' lang='lat' dir='ltr'><strong>vetus</strong></span> 
     </span>
     <span class='ocr_line' id='line_1_34' title="bbox 89 3715 1284 3805; baseline -0.002 -14"><span class='ocrx_word' id='word_1_306' title='bbox 89 3727 213 3792; x_wconf 74' lang='lat' dir='ltr'><strong>uitium</strong></span> <span class='ocrx_word' id='word_1_307' title='bbox 248 3720 349 3788; x_wconf 88' lang='lat' dir='ltr'><strong>latens</strong></span> <span class='ocrx_word' id='word_1_308' title='bbox 379 3739 453 3805; x_wconf 78' lang='lat' dir='ltr'><strong>pag.</strong></span> <span class='ocrx_word' id='word_1_309' title='bbox 480 3715 555 3782; x_wconf 87' lang='grc'><strong>155.</strong></span> <span class='ocrx_word' id='word_1_310' title='bbox 580 3716 634 3783; x_wconf 84' lang='grc'><strong><em>27.</em></strong></span> <span class='ocrx_word' id='word_1_311' title='bbox 659 3717 914 3801; x_wconf 86' lang='lat' dir='ltr'><strong>deprehanditur.</strong></span> <span class='ocrx_word' id='word_1_312' title='bbox 960 3717 1092 3783; x_wconf 77' lang='lat' dir='ltr'><strong>Editur:</strong></span> <span class='ocrx_word' id='word_1_313' title='bbox 1117 3720 1284 3799; x_wconf 86' lang='grc' dir='ltr'><strong><em>συμβαίνει</em></strong></span> 
     </span>
     <span class='ocr_line' id='line_1_35' title="bbox 91 3818 1285 3912; baseline -0.002 -18"><span class='ocrx_word' id='word_1_314' title='bbox 91 3832 152 3908; x_wconf 81' lang='grc' dir='ltr'><strong><em>γάρ</em></strong></span> <span class='ocrx_word' id='word_1_315' title='bbox 190 3824 293 3906; x_wconf 83' lang='grc' dir='ltr'><strong><em>ῶσπερ</em></strong></span> <span class='ocrx_word' id='word_1_316' title='bbox 326 3827 356 3889; x_wconf 80' lang='grc' dir='ltr'><strong><em>ἐν</em></strong></span> <span class='ocrx_word' id='word_1_317' title='bbox 383 3831 446 3897; x_wconf 87' lang='grc' dir='ltr'><strong><em>τοῖς</em></strong></span> <span class='ocrx_word' id='word_1_318' title='bbox 471 3822 610 3901; x_wconf 83' lang='grc' dir='ltr'><strong><em>σάμασιν</em></strong></span> <span class='ocrx_word' id='word_1_319' title='bbox 635 3823 735 3899; x_wconf 87' lang='grc' dir='ltr'><strong><em>ήμῶν·</em></strong></span> <span class='ocrx_word' id='word_1_320' title='bbox 761 3818 835 3888; x_wconf 85' lang='grc' dir='ltr'><strong><em>θσαν</em></strong></span> <span class='ocrx_word' id='word_1_321' title='bbox 859 3823 915 3899; x_wconf 80' lang='grc' dir='ltr'><strong><em>μὲν</em></strong></span> <span class='ocrx_word' id='word_1_322' title='bbox 939 3860 981 3874; x_wconf 85' lang='lat'><strong><em>-·</em></strong></span> <span class='ocrx_word' id='word_1_323' title='bbox 1006 3819 1080 3888; x_wconf 86' lang='grc' dir='ltr'><strong><em>ούτω</em></strong></span> <span class='ocrx_word' id='word_1_324' title='bbox 1105 3824 1180 3901; x_wconf 84' lang='grc' dir='ltr'><strong><em>καί,</em></strong></span> <span class='ocrx_word' id='word_1_325' title='bbox 1205 3849 1285 3912; x_wconf 84' lang='lat' dir='ltr'><strong>quae</strong></span> 
     </span>
     <span class='ocr_line' id='line_1_36' title="bbox 87 3927 1285 4018; baseline -0.001 -17"><span class='ocrx_word' id='word_1_326' title='bbox 87 3940 207 4002; x_wconf 84' lang='lat' dir='ltr'><strong>vitiosa</strong></span> <span class='ocrx_word' id='word_1_327' title='bbox 232 3938 281 3998; x_wconf 84' lang='lat' dir='ltr'><strong><em>est</em></strong></span> <span class='ocrx_word' id='word_1_328' title='bbox 304 3931 500 4015; x_wconf 80' lang='lat' dir='ltr'><strong>compositio.</strong></span> <span class='ocrx_word' id='word_1_329' title='bbox 549 3929 598 3996; x_wconf 76' lang='lat' dir='ltr'><strong><em>Ex</em></strong></span> <span class='ocrx_word' id='word_1_330' title='bbox 621 3927 845 3994; x_wconf 85' lang='lat' dir='ltr'><strong>Demosthenis</strong></span> <span class='ocrx_word' id='word_1_331' title='bbox 867 3927 937 3993; x_wconf 86' lang='lat' dir='ltr'><strong>loeo</strong></span> <span class='ocrx_word' id='word_1_332' title='bbox 960 3935 1090 4013; x_wconf 87' lang='lat' dir='ltr'><strong>apparet</strong></span> <span class='ocrx_word' id='word_1_333' title='bbox 1110 3929 1285 4018; x_wconf 81' lang='lat' dir='ltr'><strong>legendum</strong></span> 
     </span>
     <span class='ocr_line' id='line_1_37' title="bbox 90 4028 1286 4115; baseline -0.004 -5"><span class='ocrx_word' id='word_1_334' title='bbox 90 4063 155 4110; x_wconf 86' lang='lat' dir='ltr'><strong>esee</strong></span> <span class='ocrx_word' id='word_1_335' title='bbox 187 4037 293 4115; x_wconf 85' lang='grc' dir='ltr'><strong><em>ῶσπερ</em></strong></span> <span class='ocrx_word' id='word_1_336' title='bbox 320 4047 397 4102; x_wconf 90' lang='grc' dir='ltr'><strong><em>ΓΑΡ</em></strong></span> <span class='ocrx_word' id='word_1_337' title='bbox 423 4037 452 4100; x_wconf 80' lang='grc' dir='ltr'><strong><em>ἓν</em></strong></span> <span class='ocrx_word' id='word_1_338' title='bbox 475 4043 539 4107; x_wconf 89' lang='grc' dir='ltr'><strong><em>τοῖς</em></strong></span> <span class='ocrx_word' id='word_1_339' title='bbox 563 4039 702 4110; x_wconf 81' lang='grc' dir='ltr'><strong><em>σάμασιν</em></strong></span> <span class='ocrx_word' id='word_1_340' title='bbox 726 4037 809 4111; x_wconf 87' lang='grc' dir='ltr'><strong><em>ήμῶν</em></strong></span> <span class='ocrx_word' id='word_1_341' title='bbox 832 4028 907 4098; x_wconf 83' lang='grc' dir='ltr'><strong><em>ύταν</em></strong></span> <span class='ocrx_word' id='word_1_342' title='bbox 930 4071 974 4085; x_wconf 88' lang='lat'><em>-</em></span> <span class='ocrx_word' id='word_1_343' title='bbox 1000 4041 1126 4100; x_wconf 84' lang='grc' dir='ltr'>ΟΤΤΩ</span> <span class='ocrx_word' id='word_1_344' title='bbox 1150 4038 1286 4106; x_wconf 77' lang='grc' dir='ltr'><strong><em>καὶτῶν</em></strong></span> 
     </span>
     <span class='ocr_line' id='line_1_38' title="bbox 90 4137 1286 4227; baseline -0.002 -15"><span class='ocrx_word' id='word_1_345' title='bbox 90 4151 265 4226; x_wconf 86' lang='grc' dir='ltr'><strong><em>βασιλειῶν</em></strong></span> <span class='ocrx_word' id='word_1_346' title='bbox 285 4142 348 4206; x_wconf 71' lang='lat' dir='ltr'><strong>ari.</strong></span> <span class='ocrx_word' id='word_1_347' title='bbox 370 4147 526 4227; x_wconf 81' lang='lat' dir='ltr'><strong>expuncto</strong></span> <span class='ocrx_word' id='word_1_348' title='bbox 541 4141 708 4220; x_wconf 88' lang='grc' dir='ltr'><strong><em>συμβαίνει</em></strong></span> <span class='ocrx_word' id='word_1_349' title='bbox 722 4141 795 4220; x_wconf 85' lang='grc' dir='ltr'><strong><em>γάρ.</em></strong></span> <span class='ocrx_word' id='word_1_350' title='bbox 828 4138 936 4220; x_wconf 73' lang='lat' dir='ltr'><strong>Quum</strong></span> <span class='ocrx_word' id='word_1_351' title='bbox 948 4141 983 4204; x_wconf 88' lang='lat' dir='ltr'><strong>in</strong></span> <span class='ocrx_word' id='word_1_352' title='bbox 994 4140 1100 4206; x_wconf 79' lang='lat' dir='ltr'><strong>verbis</strong></span> <span class='ocrx_word' id='word_1_353' title='bbox 1112 4137 1210 4222; x_wconf 87' lang='grc' dir='ltr'><strong><em>ῶσπερ</em></strong></span> <span class='ocrx_word' id='word_1_354' title='bbox 1222 4145 1286 4226; x_wconf 88' lang='grc' dir='ltr'><strong><em>γάρ</em></strong></span> 
     </span>
     <span class='ocr_line' id='line_1_39' title="bbox 89 4243 1286 4342; baseline -0.003 -23"><span class='ocrx_word' id='word_1_355' title='bbox 89 4254 242 4342; x_wconf 78' lang='lat' dir='ltr'><strong>periisset</strong></span> <span class='ocrx_word' id='word_1_356' title='bbox 263 4247 374 4314; x_wconf 77' lang='lat' dir='ltr'><strong>vocula</strong></span> <span class='ocrx_word' id='word_1_357' title='bbox 393 4248 455 4327; x_wconf 84' lang='grc' dir='ltr'><strong><em>γάρ</em></strong></span> <span class='ocrx_word' id='word_1_358' title='bbox 476 4253 630 4315; x_wconf 79' lang='lat' dir='ltr'><strong>corrector</strong></span> <span class='ocrx_word' id='word_1_359' title='bbox 648 4247 765 4332; x_wconf 84' lang='lat' dir='ltr'><strong>aliquis</strong></span> <span class='ocrx_word' id='word_1_360' title='bbox 778 4246 945 4324; x_wconf 86' lang='grc' dir='ltr'><strong><em>συμβαίνει</em></strong></span> <span class='ocrx_word' id='word_1_361' title='bbox 956 4243 1020 4324; x_wconf 88' lang='grc' dir='ltr'><strong><em>γάρ</em></strong></span> <span class='ocrx_word' id='word_1_362' title='bbox 1033 4245 1071 4309; x_wconf 89' lang='lat' dir='ltr'><strong><em>de</em></strong></span> <span class='ocrx_word' id='word_1_363' title='bbox 1083 4265 1141 4310; x_wconf 85' lang='lat' dir='ltr'><strong>suo</strong></span> <span class='ocrx_word' id='word_1_364' title='bbox 1153 4247 1286 4317; x_wconf 82' lang='lat' dir='ltr'><strong>addidit.</strong></span> 
     </span>
    </p>

    <p class='ocr_par' dir='ltr' id='par_1_5' title="bbox 134 4351 1286 4436">
     <span class='ocr_line' id='line_1_40' title="bbox 134 4351 1286 4436; baseline -0.002 -16"><span class='ocrx_word' id='word_1_365' title='bbox 134 4360 200 4429; x_wconf 77' lang='lat' dir='ltr'><strong><em>Sed</em></strong></span> <span class='ocrx_word' id='word_1_366' title='bbox 225 4352 320 4420; x_wconf 88' lang='lat' dir='ltr'><strong>nulla</strong></span> <span class='ocrx_word' id='word_1_367' title='bbox 339 4355 371 4421; x_wconf 88' lang='lat' dir='ltr'><strong>in</strong></span> <span class='ocrx_word' id='word_1_368' title='bbox 393 4375 428 4419; x_wconf 90' lang='lat' dir='ltr'><strong><em>re</em></strong></span> <span class='ocrx_word' id='word_1_369' title='bbox 450 4353 597 4422; x_wconf 78' lang='lat' dir='ltr'><strong>falsarius</strong></span> <span class='ocrx_word' id='word_1_370' title='bbox 620 4353 738 4420; x_wconf 86' lang='lat' dir='ltr'><strong>melius</strong></span> <span class='ocrx_word' id='word_1_371' title='bbox 762 4352 800 4417; x_wconf 86' lang='lat' dir='ltr'><strong><em>de</em></strong></span> <span class='ocrx_word' id='word_1_372' title='bbox 819 4351 1032 4420; x_wconf 87' lang='lat' dir='ltr'><strong>Demosthene</strong></span> <span class='ocrx_word' id='word_1_373' title='bbox 1050 4353 1170 4416; x_wconf 88' lang='lat' dir='ltr'><strong>meruit</strong></span> <span class='ocrx_word' id='word_1_374' title='bbox 1188 4374 1286 4436; x_wconf 85' lang='lat' dir='ltr'><strong>quum</strong></span> 
     </span>
    </p>
   </div>
   <div class='ocr_carea' id='block_1_4' title="bbox 0 0 1544 4972">
    <p class='ocr_par' dir='ltr' id='par_1_6' title="bbox 0 0 1544 4972">
     <span class='ocr_line' id='line_1_41' title="bbox 0 0 1544 4972; baseline 0 5"><span class='ocrx_word' id='word_1_375' title='bbox 0 0 1544 4972; x_wconf 95' lang='lat' dir='ltr'><strong><em> </em></strong></span> 
     </span>
    </p>
   </div>
  </div>
 </body>
</html>
