3034 4968
654 251 717 317 1³3

98 442 165 528 quid
186 439 306 530 igitur?
339 439 503 506 Sententia
522 439 640 504 elamat
660 441 734 506 eddi
754 441 883 508 debere:
907 466 967 508 ooo
981 446 1140 527 placebant
1158 447 1186 511 σι’
1203 465 1279 534 qaae

98 551 196 613 coeteri
225 550 435 622 moliebantur,
467 545 520 611 vel
549 569 609 609 ooo
633 549 778 628 probabat
805 550 985 633 reliquorum
1008 553 1144 617 σοιιείθὶο.
1193 554 1277 634 Quid

96 655 166 720 latet
185 658 288 742 igitur
309 657 360 718 in:
386 657 438 718 οὐκ
459 653 598 728 ἠρέσκετο
612 688 630 700 -
643 662 707 725 τοῖς
732 656 797 732 περὶ
818 665 873 728 τῆς
895 656 1042 732 *βουλῆς
1065 660 1277 725 'ONOMAC.

96 758 196 826 θείοινὶ
219 761 317 824 Recte
341 756 455 824 Goraes
478 759 543 836 περὶ
569 765 623 829 τῆς
648 761 856 836 ἘΠΙβουλῆς.
894 760 954 826 Sed
977 764 1172 841 κομισθεῖσιν,
1194 765 1277 849 quod

95 867 171 931 idem
195 868 344 942 oonieoit,
368 871 425 929 aut
448 864 678 940 ὁμολογηθεῖσιν
706 864 760 930 vel
783 866 1024 941 ἓτοιμασθεῑσιν,
1049 870 1134 954 quod
1156 870 1278 934 Meine·

96 972 143 1037 nio
163 975 195 1036 in
216 978 357 1036 mentem
381 972 488 1044 venit,
513 967 613 1033 nihilo
636 968 769 1035 meliora
792 977 866 1036 sunt
889 993 985 1057 quam
1007 974 1091 1059 quod
1113 974 1277 1061 vulgatur.

96 1077 233 1143 Rescribe
255 1085 318 1148 τοῖς
342 1076 409 1155 περὶ
442 1081 497 1147 τῆς
529 1075 696 1150 ἐπιβουλῆς
731 1081 1018 1144 ΕΤΝΟΜΟθεῖσιυ.
1070 1082 1277 1159 Συνομοθῆναι

98 1183 204 1248 dieitur
226 1188 263 1248 ut
286 1183 371 1268 apud
394 1181 639 1266 Aristophanem
663 1183 698 1246 in
720 1183 905 1268 Lyaiatroto:

289 1289 374 1355 τουτὶ
398 1290 433 1354 τὸ
456 1292 595 1367 πρᾶγμα
620 1287 817 1367 πανταχόθεν
842 1290 1054 1370 ξυνομώμοται

291 1395 348 1459 ὑπὸ
371 1400 429 1458 τών
452 1394 614 1471 γυναικών.

99 1507 128 1567 et
148 1503 187 1566 τοὶ
208 1500 411 1578 συνομοθέντα
434 1505 509 1564 sunt
531 1500 656 1562 oonsilio
678 1500 907 1567 ooaiarotorom.

139 1606 299 1674 Praeterea
328 1627 385 1691 pro
416 1606 543 1682 νὶπλῶς,
576 1606 660 1690 quod
691 1628 784 1672 sensu
816 1614 917 1687 earet,
949 1606 1053 1681 σίλλος
1078 1611 1280 1676 scribendum

102 1714 224 1780 videtur.

140 1821 226 1901 Nune
257 1821 366 1884 omnia
392 1817 487 1903 plena
518 1821 592 1881 sunt
622 1821 654 1882 et
685 1817 809 1903 reliqua
840 1818 929 1884 nullo
958 1822 1087 1906 negotio
1119 1820 1281 1886 emendari

101 1933 228 2011 possunt.
277 1924 447 2009 Sequitur:
473 1922 624 1987 συνέκειτο
648 1924 705 1998 μὲν
728 1924 762 1995 δῆ
786 1931 849 1994 τοῖς
873 1926 1051 1996 ’Ὑακινθίοις
1072 1926 1100 1988 ἐν
1122 1929 1162 2005 τῷ
1183 1929 1282 2004 Ἀμυ-

102 2034 188 2112 κλαίῳ
219 2030 457 2104 συντελουμένου
490 2033 543 2092 τοῦ
574 2029 690 2105 ἀγῶνος
723 2031 812 2103 ῆνίκα
837 2036 933 2108 (reete
956 2031 1105 2097 Meineke
1130 2035 1206 2106 ἡνίκ’
1229 2032 1280 2120 ἂν)

101 2140 147 2210 τῆν
169 2148 255 2212 κυνῆν
286 2139 443 2214 περίθηται
479 2136 492 2198 ὁ
526 2135 682 2204 Φάλανθος
714 2137 863 2200 ποιεῖσθαι
895 2138 950 2210 τῆν
975 2138 1115 2202 ε’πίθεσιν.
1140 2139 1281 2216 γνώριμοι

101 2245 123 2308 δ’
144 2243 217 2319 ῆναν
242 2245 304 2308 απὸ
328 2251 383 2316 τῆς
408 2241 504 2317 alane
532 2242 557 2306 σί
581 2245 633 2303 τοῦ
658 2241 763 2316 δῆμον.
811 2241 899 2306 Haeo
923 2245 1031 2308 omnia
1054 2263 1129 2309 sana
1152 2251 1226 2309 sunt
1249 2249 1282 2310 et

101 2351 230 2438 integre,
260 2349 315 2414 sed
344 2347 495 2413 mendosa
525 2353 598 2410 sunt
629 2367 708 2430 quae
732 2353 923 2432 sequnntur:
950 2349 1216 2426 ἐξαγγείλαντες
1250 2350 1280 2414 δὲ

102 2457 190 2536 λοίθρρ
213 2457 255 2519 τοὶ
275 2459 468 2531 συγκείμενα
492 2460 549 2516 τῶν
575 2454 639 2531 περὶ
666 2453 825 2517 Φώλανθον
854 2453 934 2538 [καί]
959 2459 1011 2519 τοῦ
1035 2457 1148 2531 ώγώνοι
1177 2457 1280 2525 ἐνεςῶ-

102 2586 145 2632 τος
176 2562 320 2638 προελθών
352 2561 365 2622 ἱ
397 2556 490 2637 κῆρυξ
521 2553 607 2622 είπε·
641 2562 685 2633 μῆ
718 2558 756 2622 οἱν
793 2562 954 2637 περιθεῖναι
987 2569 1074 2633 κυνῆν
1110 2561 1279 2628 Φοίλανθσν.

102 2670 247 2752 Apertum
271 2673 318 2732 est
337 2687 405 2730 rem
426 2686 485 2730 eeu
504 2667 648 2752 tetigisse
669 2662 789 2730 Ooraen
806 2665 1049 2730 rescribentem:
1072 2665 1280 2745 ε’ξαγγειλθν-

103 2783 181 2838 τΩΝ
205 2776 235 2838 δὲ
259 2773 357 2855 λώθρρι
382 2772 423 2835 τοὶ
448 2774 637 2848 συγκείμενα
664 2777 720 2834 τῶν
748 2771 814 2849 περ)
841 2770 1015 2848 Φάλανθον,
1041 2793 1137 2856 quam
1162 2780 1281 2839 certem

102 2882 343 2946 emendationem
365 2877 510 2942 Editores
529 2879 678 2941 reiioiunt
695 2879 769 2960 quia
784 2879 945 2960 superiora
965 2898 1027 2943 non
1046 2877 1280 2966 intelligebant.

103 2983 290 3051 Phalanthos
313 2986 398 3048 enim
421 2985 489 3067 ipse
512 2985 747 3047 coniuratorum
773 2982 904 3047 oonsilio
930 2988 961 3048 et
985 2987 1195 3048 constitutum
1218 2987 1282 3072 eig-

103 3112 169 3155 num
193 3091 276 3157 olem
299 3088 416 3175 populo
440 3091 578 3172 aperuit,
606 3090 631 3152 oi
657 3088 688 3153 δὲ
714 3087 883 3164 αίνθθμενοι
908 3090 945 3157 ὡς
970 3089 1164 3164 μεμηνθκασι
1190 3089 1282 3178 (adde

104 3200 184 3282 τινες)
209 3202 263 3271 τῆν
289 3195 455 3271 ἐπιβουλὴν
479 3195 503 3257 οἱ
527 3195 583 3270 μὲν
608 3193 827 3272 διεδίδρασκον,
853 3195 877 3257 οἱ
902 3194 928 3258 δ’
952 3193 1093 3259 ἱκέτευον.

141 3303 271 3368 Restant
293 3304 375 3367 vitia
398 3304 431 3364 in
448 3301 596 3364 ultimis:
623 3301 769 3378 προελθών
793 3300 807 3365 ὁ
832 3297 924 3376 κῆρυξ
945 3296 1013 3362 είπε
1036 3302 1080 3377 μῆ
1100 3297 1176 3364 *AN
1201 3324 1282 3379 περι-

104 3409 185 3472 θεῖναι
209 3417 298 3481 κυνῆν
319 3405 485 3472 Φάλανθον.
521 3405 558 3469 In
580 3407 685 3470 verbis
705 3409 864 3490 praeconis
885 3404 922 3470 ών
947 3406 1092 3470 additum
1109 3406 1281 3471 absurdum

104 3521 145 3578 est
165 3524 196 3580 et
219 3519 381 3592 περιθεῖναι
406 3535 461 3599 pro
486 3513 655 3592 περιθέσθαι
678 3516 753 3597 poni
772 3534 834 3577 non
856 3519 967 3597 potest.
987 3513 1115 3597 Neque
1134 3513 1172 3576 de
1195 3534 1286 3598 pree-

104 3639 171 3687 eone
193 3624 310 3687 dieitur
332 3621 434 3697 λέγειν
455 3621 509 3684 sed
533 3619 737 3698 ἀναγορεύειν.
786 3618 896 3703 Itaque
920 3639 1034 3702 repone
1059 3627 1117 3683 AN
1137 3639 1194 3684 suo
1213 3619 1282 3685 loeo

104 3731 134 3789 et
152 3728 269 3793 scribe:
294 3728 306 3792 ί
333 3726 424 3806 κῆρυξ
447 3727 589 3791 ἈΝείπε
611 3728 655 3805 μῆ
680 3724 848 3805 περιθέσθαι
874 3733 962 3799 κυνῆν
987 3725 1154 3791 Φώλαυθον.

147 3935 220 4025 Peg.
245 3937 320 4003 280.
346 3939 385 4022 (οἱ
409 3937 660 4014 Λακεδαιμόνιοι)
692 3936 911 4008 ἕτανελθθντες
945 3938 1046 4003 οίκαδε
1077 3940 1147 4009 τοὺς
1171 3941 1281 4020 Παρθε·

103 4043 165 4113 νίας
196 4049 253 4126 οὐχ
287 4046 393 4120 δμοίως
425 4052 487 4112 τοῖς
511 4043 617 4114 ἄλλοις
643 4045 763 4120 ἐτίμων.
790 4083 831 4093 -—
856 4047 882 4108 οἱ
907 4046 999 4122 (adde
1022 4045 1067 4135 δὲ)
1090 4047 1284 4118 συνιςοίμενοι

103 4151 185 4224 μετα
208 4157 262 4214 τῶν
287 4151 430 4214 Εἱλώτων
454 4149 693 4226 ἐπεβούλευσαν.
710 4158 821 4214 -τών
848 4152 877 4215 δὲ
900 4153 1042 4216 Εἱλώτων
1066 4162 1165 4217 senec
1189 4151 1285 4230 ἔξαγ-

103 4255 282 4330 γείλαντΕΕ
306 4256 340 4320 τὸ
365 4258 420 4332 μὲν
444 4258 688 4321 οἱντεπιτίθεσθαι
713 4260 858 4335 χαλεπὸν
883 4255 1020 4334 ἔγνωσαν
1045 4263 1171 4342 (nempe
1191 4257 1285 4322 Lace·

104 4359 288 4450 daemonii),
303 4397 346 4412 -
359 4363 428 4431 τοὺς
448 4361 622 4439 μέλλοντας
647 4363 675 4428 δ’
699 4361 791 4441 αίρειν
810 4362 845 4426 οἱ
866 4364 1022 4439 σύσσημον
1041 4364 1075 4427 ἐκ
1092 4369 1147 4435 τῆς
1169 4365 1286 4444 α’γορνῖς
