3034 4968
736 217 778 290 77

161 409 378 489 ὀμωμοκότας.
426 407 558 476 Certum
586 412 672 476 enim
703 413 737 476 in
768 432 805 476 ee
827 433 861 477 re
883 417 915 478 et
937 417 1082 480 constans
1107 413 1232 478 dicendi
1255 433 1356 501 genus

162 522 211 582 est
234 518 286 581 τδι
310 516 404 581 αιἰτδν
428 517 533 597 ἐχθρὸν
558 516 610 581 καὶ
635 517 726 596 Φίκιον
750 541 786 580 νο
795 517 838 592 μί
847 517 865 598 ζ
873 542 941 582 ειν.
988 519 1096 584 Multa
1126 519 1271 604 exempla
1295 520 1356 584 ool-

160 623 305 711 legimus
341 624 376 684 in
409 623 487 686 Noe.
522 623 616 686 Ῑιοοθί.
647 644 721 710 pag.
755 622 830 687 519.
862 624 902 688 ad
931 623 1039 688 looum
1068 625 1287 710 Xenophontis
1323 627 1356 689 in

162 729 299 792 Aeobori
322 727 362 792 Π.
389 726 419 792 5.
446 727 499 792 39.
521 728 688 806 ὀμόσαντες
712 732 784 807 ήμῖν
805 730 874 801 τοὺς
894 730 1004 802 αὐτοὺς
1026 732 1136 812 φίλους
1156 729 1208 795 καί
1230 731 1354 810 ἐχθροὺς

161 842 287 913 νομιεῖν.
334 832 372 898 In
394 834 553 922 singulari
576 841 708 900 numero
733 835 816 900 dixit
838 836 1009 901 Aeschines
1031 839 1065 901 in
1092 837 1215 918 Οίοοίροίι.
1241 833 1353 920 5100.

161 940 307 1021 πρέσβεις
340 936 445 1011 οἵτινες
477 939 634 1015 δεήσονται
665 940 717 1004 τὸν
745 942 838 1006 αὑτὸν
863 941 1029 1016 Ἀθηναίοις
1055 941 1146 1023 Φίλαν
1172 945 1224 1006 καί
1249 941 1356 1024 ἐχθρὸν

161 1047 303 1128 νομίζειν.

206 1259 287 1347 Peg.
322 1258 398 1325 200.
432 1259 486 1325 22.
518 1261 578 1340 οὐχ
609 1256 628 1324 θ’
650 1282 680 1326 τι
704 1284 750 1331 τις
775 1261 979 1341 κατηγορήσει
1004 1263 1118 1327 τούτων
1143 1300 1184 1310 -
1208 1259 1354 1343 χαλεπὸν

159 1365 275 1445 εὑρεῖν,
309 1366 383 1431 αλλ’
414 1366 476 1445 ἀφ’
508 1366 616 1432 θτοίοιν
639 1367 739 1445 λόγων
763 1405 806 1415 -
832 1368 1074 1448 ἐπανορθώσεταί
1096 1364 1187 1442 τιςθι
1220 1373 1269 1432 νῦν
1301 1369 1353 1432 οὐκ

158 1474 247 1552 θρθῶς
280 1467 349 1550 ἔχει
385 1470 481 1558 [τοῦτ’
515 1463 599 1553 ἔργον
633 1471 754 1560 εὑρεῖνή.
802 1473 889 1553 Quae
917 1477 1002 1539 euris
1025 1475 1102 1540 haee
1126 1476 1205 1540 ferre
1229 1471 1354 1559 potest?
1400 1501 1401 1506 ¹

159 1576 241 1657 Quis
274 1582 422 1641 nostrum
456 1580 502 1642 ite
536 1575 733 1662 scripsisset?
777 1577 921 1645 Remove
954 1582 1058 1667 igitur
1091 1578 1251 1645 emblema
1285 1585 1353 1644 tem

156 1681 277 1748 inutile
302 1703 399 1768 quam
423 1681 606 1748 molestum.

489 1895 607 1959 ‘mer
630 1902 1034 1960 ΜΘΓΑΛΟΠΟΛΙΤΩΝ.

204 2108 287 2194 Peg.
313 2105 389 2171 202.
418 2104 469 2170 10.
494 2108 522 2170 εί
543 2129 590 2179 τις
614 2107 714 2171 αὐτῶν
739 2106 852 2187 ἀφέλοι
874 2107 908 2171 ri
929 2106 1153 2184 γιγνώσκεσθαι
1177 2107 1228 2172 καὶ
1254 2107 1289 2172 τθ
1312 2117 1351 2189 σή

154 2219 246 2294 Φωνή
268 2210 374 2288 λέγειν
394 2214 561 2289 Ἀττικῶς,
586 2213 718 2282 πολλοὺς
742 2210 780 2276 θον
804 2207 889 2290 οἶμαι
914 2213 983 2284 τοὺς
1008 2213 1063 2289 μὲν
1086 2211 1260 2297 Ἀρκιίδας,
1282 2213 1351 2285 τοὺς

154 2319 192 2385 δὲ
216 2316 371 2392 Λοίκωνας
396 2320 495 2383 αὐτῶν
519 2315 595 2383 εἶναι
620 2320 750 2395 νομίσαι,
800 2318 880 2386 Vivo
901 2318 1114 2385 Demosthene
1137 2341 1231 2385 nemo
1255 2317 1352 2386 Gree-

155 2444 274 2491 oorum
295 2423 404 2503 ἔλεγεν
425 2426 584 2496 Ἀττικῶς.
620 2425 827 2490 Athenienses
847 2422 954 2503 ἔλεγον
975 2426 1120 2494 θττιιιιςί.
1157 2424 1227 2490 Ηοο
1244 2427 1352 2510 ipsum

153 2531 272 2614 reponi
310 2534 452 2616 oportere
488 2529 659 2617 diligenter
694 2531 817 2595 ostendi
850 2533 885 2594 in
918 2531 994 2595 Noe.
1031 2531 1124 2595 Leett.
1146 2551 1234 2619 pag.
1275 2530 1349 2596 100.

155 2636 366 2720 Quemquam
389 2656 438 2701 res
461 2638 538 2700 satis
561 2636 730 2700 manifeste
753 2641 926 2701 esttamen
946 2639 1002 2702 vix
1020 2639 1200 2722 quisquam,
1221 2639 1348 2723 opinor,

154 2741 247 2807 mihi
269 2745 351 2810 esset
375 2762 534 2820 assensus,
559 2743 622 2806 nisi
644 2745 759 2806 testem
781 2747 922 2808 veterem
945 2742 1176 2828 produxissem.
1211 2740 1352 2830 Collegit

153 2849 267 2913 neseio
300 2849 371 2932 quis
402 2847 548 2928 Προοίμια
582 2849 759 2912 maximam
790 2853 915 2932 partem
947 2868 986 2912 ex
1007 2846 1220 2914 Demosthene
1243 2855 1351 2916 sumta

155 2959 195 3020 et
225 2956 259 3018 in
279 2954 503 3020 Demosthenis
532 2950 664 3018 (lodices
683 2958 817 3038 recepta.
843 2954 947 3019 Dnota
969 2958 1044 3017 sunt
1068 2975 1106 3018 er
1129 2952 1220 3018 libris
1243 2976 1351 3040 perve-

155 3062 259 3125 tustis
283 3064 316 3125 et
339 3058 518 3145 complures
541 3058 638 3124 bonas
662 3057 812 3123 lectiones
835 3059 901 3124 sola
926 3064 1071 3136 servent,
1095 3063 1132 3122 ut
1154 3058 1187 3122 h.
1207 3058 1230 3124 l.
1256 3061 1289 3124 τὸ
1312 3071 1350 3142 τῇ

155 3173 249 3249 φωνή
274 3166 379 3245 λέγειν
403 3167 584 3231 οίττικΙΕΤΙ
609 3186 683 3252 pag.
710 3161 807 3227 1424.

209 3377 288 3466 Peg.
321 3376 398 3442 203.
432 3376 463 3442 5.
497 3375 758 3454 Λακεδαιμονίους
792 3375 822 3441 δὲ
853 3375 879 3440 εί
909 3374 1082 3449 ποιήσονται
1107 3375 1161 3449 τήν
1186 3376 1351 3454 Ἀρκαδίαν

157 3482 220 3566 ὑφ’
253 3485 370 3556 ἑαυτοῖς
401 3483 453 3548 καὶ
483 3483 640 3562 Μεγοίλήν
671 3481 758 3546 ντθλιν
783 3482 947 3561 ΑΙρήσοιισι
973 3481 1069 3547 τιίλιν
1093 3482 1235 3564 ἰσχυροὺς
1259 3486 1351 3560 γενή-

156 3592 280 3657 σεσθαι.
323 3589 412 3654 Haeo
444 3594 491 3654 est
519 3589 653 3676 vulgata
683 3587 777 3654 leetio
810 3589 982 3668 αἱρήσουσι,
1013 3609 1069 3673 pro
1101 3609 1162 3674 que
1186 3586 1352 3674 Septimo

156 3697 391 3776 ἈΝαιρήσοοσι
433 3697 580 3759 servavit.
629 3694 781 3760 Perverse
822 3697 909 3759 enim
951 3695 1083 3759 dieitur:
1123 3695 1150 3757 ei
1187 3696 1352 3760 Arcadiam

155 3803 329 3884 οιιθοροιίιοθ
361 3820 400 3866 nr
425 3801 634 3884 Μοροίοροῶιοο
665 3784 811 3883 reperiet,
835 3802 985 3884 quoniam
1008 3801 1071 3864 nisi
1094 3805 1185 3886 oepta
1208 3800 1350 3890 Megalo·

155 3908 229 3998 poli
252 3907 389 3973 Arcadia
411 3908 507 3992 potiri
529 3928 592 3972 non
615 3910 774 3991 poterant:
796 3906 848 3970 sed
867 3905 1003 3970 Arcadia.
1021 3910 1114 3989 eapte
1132 3905 1352 3993 Megalopolin

156 4016 261 4080 delere
282 4014 395 4078 etrele
416 4034 542 4097 aequore
560 4012 722 4086 volebant,
745 4013 879 4090 θναιρεῑν
899 4011 951 4074 καί
972 4009 1118 4089 διοικίζειν
1135 4013 1219 4076 κατοὶ
1232 4013 1350 4091 κῶμος,

157 4126 200 4187 ut
224 4120 301 4184 olim
325 4117 537 4184 Mantineam.
571 4118 658 4182 Audi
680 4119 789 4201 ipsum
808 4136 881 4203 pag.
902 4114 978 4180 210.
1001 4115 1032 4178 4·
1053 4117 1107 4180 ε’διν
1127 4118 1184 4194 μὲν
1199 4118 1352 4198 ἈΝαιρε-

159 4229 232 4292 θῶσι
263 4224 315 4289 καὶ
346 4225 539 4290 διοικισθῶσιν
569 4223 608 4309 (οἱ
638 4223 916 4311 Μεγαλοπολῖται)
940 4223 1074 4302 ἰσχυροῖς
1099 4220 1351 4297 Λακεδαιμονίοις

158 4328 249 4407 εὐθὺς
274 4331 336 4400 ἔςιν
360 4325 448 4395 εἶναι.
495 4329 616 4394 Eadem
639 4348 733 4414 opera
755 4328 788 4391 in
812 4329 1012 4416 Argumento
1035 4329 1185 4393 orationis
1207 4329 1275 4393 sive
1298 4327 1351 4391 Li-
