3026 4970
650 219 715 294 347

104 414 205 485 vitiose
237 421 270 484 et
293 415 432 500 soloeae,
455 436 530 482 nam
554 413 659 489 πόλιος
682 438 871 504 suspensum
892 422 940 485 est
959 425 1060 506 neqne
1083 442 1145 506 quo
1167 419 1280 488 refera-

101 526 148 587 tur
165 523 272 589 habet.
318 520 475 589 Mendum
499 526 547 588 est
568 525 602 586 in
624 523 716 590 libris
737 526 966 592 recentioribus
988 530 1114 613 ortum,
1140 549 1279 614 namque

102 648 166 693 vera
187 628 283 694 lectio
307 628 391 714 apud
413 633 536 695 veteres
559 633 655 694 testes
678 635 802 698 servata
825 631 902 696 haee
925 636 988 697 est:

362 726 389 798 οἳ
413 732 441 800 δ’
467 734 533 799 ε’πεί
560 736 622 800 ἘΚ
647 735 751 810 πόλιος
774 736 924 815 κατέβαν.

139 841 185 906 Ad
209 851 247 906 E.
273 839 329 906 26.
354 839 403 926 (Φ.
428 837 495 925 32).

249 946 324 1012 δῶκε
348 945 372 1011 δ’
399 946 788 1026 transmearem
812 949 919 1021 κοίλας
945 949 994 1013 ἐπὶ
1020 958 1105 1024 νῆας.

101 1056 274 1118 annotatur:
296 1053 326 1117 έν
346 1053 480 1132 ταπεινῷ
501 1053 564 1133 γὰρ
584 1054 618 1118 τὸ
638 1053 828 1133 ναόςαόμσν,
846 1055 907 1130 ἥδέ
920 1054 1009 1129 πόλις
1022 1054 1193 1134 ἠνεμόεσσα
1206 1054 1276 1122 καὶ·

361 1150 387 1222 οἳ
410 1159 436 1223 δ’
459 1157 525 1223 ἐπεὶ
554 1160 616 1224 ἘΚ
641 1158 745 1232 πόλιος
768 1160 922 1239 κατέβαν.

100 1263 186 1330 etad
209 1274 244 1330 Z.
271 1263 324 1331 53.

250 1370 303 1435 καὶ
328 1370 363 1445 διί
386 1394 439 1450 μιν
464 1369 543 1450 πόχ’
566 1370 682 1450 ἔμελλε
707 1373 776 1444 droia
801 1370 851 1436 ἐπὶ
876 1379 950 1446 νῆας
974 1374 1113 1452 Ἀχαιῶν

250 1477 353 1542 δώσειν
378 1472 399 1558 ᾧ
423 1475 579 1558 θεράποντι
605 1476 797 1556 καταξέμεν.

139 1581 287 1649 Scholion
310 1588 375 1648 est:
401 1584 507 1666 ὑψηλὴ
530 1585 594 1664 yar
618 1585 670 1649 καί
694 1579 866 1661 ἠνεμόεσσα
890 1583 907 1658 ἡ
928 1584 1032 1655 Ἴλιος.

137 1688 288 1755 Homeris
322 1691 385 1754 sibi
418 1692 487 1775 ipse
520 1690 582 1756 fert
610 1710 716 1774 opem,
751 1709 827 1754 nam
859 1690 893 1752 in
924 1687 1065 1774 Odyssea
1088 1709 1212 1776 quoque
1235 1693 1279 1757 sie

99 1793 214 1862 dixerat
238 1821 270 1860 ω.
296 1795 373 1860 205.

182 1893 207 1966 ot
232 1900 260 1965 δ’
286 1900 351 1966 ε’πεί
376 1906 439 1966 ἘΚ
464 1900 568 1973 πόλιος
593 1903 752 1980 κατέβαν,
776 1899 868 1981 τρίχα
894 1899 919 1963 δ’
943 1897 1036 1977 styria
1059 1898 1166 1965 ἵκοντο.

97 2007 150 2072 ubi
167 2010 333 2073 annotavit
353 2007 482 2093 aliquis:
508 2008 692 2088 κατέβαν;
718 2007 784 2073 ἐπεὶ
810 2005 927 2085 ὑψηλός
952 2006 965 2069 ό
989 2003 1085 2086 λόφος
1109 2005 1187 2082 έςίν,
1211 2007 1277 2074 vid.

98 2112 251 2180 Mnemos.
277 2111 375 2181 1873.
401 2135 474 2202 pag.
500 2112 553 2178 43.

138 2219 381 2286 Eiusdemmodi
411 2222 571 2285 annotatio
603 2219 642 2284 ad
669 2219 761 2286 Iliad.
798 2229 845 2286 Ω.
879 2216 954 2284 329.
989 2218 1168 2298 intercidit,
1203 2241 1280 2286 nam

97 2323 171 2392 talia
199 2326 447 2414 diligentissime
477 2325 694 2393 observabant
742 2325 853 2414 Itaque
883 2346 984 2411 quum
1013 2327 1048 2390 in
1077 2324 1219 2411 Odyssea
1247 2341 1278 2392 λ.

100 2429 170 2497 187.
193 2431 374 2520 legeretur:

136 2541 237 2620 πατὴρ
261 2537 293 2601 δὲ
317 2540 367 2610 σὸς
391 2537 494 2603 αότόίι
518 2537 624 2616 μίμνει
647 2536 749 2618 Ἀχρῷ
774 2537 839 2603 οὐδὲ
861 2535 984 2602 πόλινδε
1007 2537 1207 2619 κατέρχεται.

97 2642 200 2724 όπσρεΐ
222 2642 463 2711 Grammations
486 2646 590 2710 neseio
613 2646 700 2730 quis:
725 2650 788 2714 πῶς
813 2639 877 2709 οὖν·

182 2743 208 2816 ot
233 2750 259 2816 δ’
285 2749 351 2815 ἐπεὶ
377 2751 411 2814 έκ
435 2749 538 2822 πόλιος
564 2750 723 2834 κατέβαν,
747 2749 839 2829 τόχα
862 2750 888 2814 δ’
911 2749 1007 2830 arpa
1031 2745 1136 2814 ἵκοντι.

96 2856 158 2922 vid.
188 2856 347 2922 Mnemos.
381 2855 478 2922 1373.
509 2879 582 2945 pag.
619 2856 650 2921 5.
695 2855 836 2923 Miratur
864 2855 960 2921 homo
992 2855 1069 2939 quid
1099 2857 1141 2919 sit
1168 2875 1225 2920 sur
1248 2863 1280 2922 et

97 2962 214 3028 πόλινδε
246 2963 463 3044 ΚΑΤέρχεται
495 2969 528 3030 et
557 2965 591 3027 έκ
621 2962 724 3035 πόλιος
754 2962 921 3039 ΚλΤέβαν
944 2961 1069 3025 dicatur
1092 2981 1192 3044 quum
1215 2962 1280 3024 sint

95 3066 170 3134 haec
190 3072 274 3134 inter
296 3089 329 3134 se
352 3072 525 3135 contraria:
548 3072 657 3154 itaque
681 3068 760 3133 duas
781 3068 1027 3152 praepositiones
1049 3068 1133 3130 inter
1155 3087 1188 3130 se
1211 3087 1279 3151 per-

96 3179 235 3240 mutatas
264 3195 332 3241 esse
361 3179 554 3261 suspicatur:
581 3178 631 3240 νῦν
655 3171 703 3240 οὖν
727 3177 744 3250 ἡ
770 3174 876 3238 κατιέ
899 3172 968 3238 atari
992 3179 1047 3247 τῆς
1071 3171 1143 3238 όπό.
1191 3172 1280 3238 Futi-

95 3275 230 3346 lissime:
261 3285 386 3366 poterat
411 3282 523 3348 eodem
545 3285 615 3346 iure
638 3280 741 3347 dicere
764 3278 850 3346 κατό
873 3282 1011 3365 posit-am
1034 3298 1100 3344 esse
1122 3298 1179 3363 pro
1202 3277 1277 3356 όνιί,

96 3389 127 3448 et
158 3387 264 3452 omnia
296 3408 411 3472 susque
442 3388 559 3472 deque,
587 3384 647 3450 όνα
680 3385 732 3450 καὶ
765 3383 867 3464 κόπω,
901 3385 1029 3450 confusa
1060 3388 1092 3449 et
1120 3385 1282 3468 permixta

96 3496 197 3556 erunt.
242 3493 301 3557 Iist
330 3503 439 3559 tamen
464 3514 514 3558 res
537 3492 790 3578 simplicissima:
815 3492 891 3556 urbs
914 3495 961 3556 ast
985 3490 1025 3556 ad
1048 3492 1193 3554 marein
1217 3488 1281 3554 alto

97 3597 222 3663 tumulo
246 3602 317 3665 sita.
366 3598 566 3683 Quicumque
589 3602 692 3686 igitur
716 3620 754 3665 ex
777 3600 926 3664 interiore
948 3616 1025 3684 agro
1050 3596 1089 3660 ad
1111 3595 1205 3661 littus
1231 3615 1282 3660 ao-

97 3704 180 3772 sedit
203 3705 408 3784 καταβαίνει,
424 3707 638 3786 κατέρχεται,
664 3710 696 3771 et
716 3706 743 3769 si
763 3704 839 3790 quid
861 3702 940 3768 illuo
963 3702 1052 3768 duoit
1074 3700 1228 3780 κατόμει,
1250 3707 1282 3768 et

95 3809 170 3876 hino
188 3813 271 3899 apud
288 3812 470 3879 Homerum
490 3819 538 3880 est
558 3811 782 3889 sortiremini
804 3817 897 3885 νῆας,
918 3807 966 3873 ε’πὶ
990 3801 1064 3884 νῆας
1084 3807 1282 3886 καταξέμεν,

96 3935 159 3981 non
180 3921 253 4004 quia
274 3920 350 3985 urbs
373 3919 469 3985 Troia
491 3921 525 3983 in
549 3919 614 3985 alto
637 3920 740 4004 posita
763 3920 825 4001 est,
849 3915 904 3980 sed
928 3918 1002 3999 quia
1025 3915 1038 3980 ό
1059 3914 1205 3993 αἰγιαλός
1226 3923 1281 3991 τῆς

98 4020 196 4100 statar
226 4026 330 4106 χώρας
362 4024 575 4106 ταπεινότερός
607 4026 678 4094 έςιν.
728 4020 845 4090 Contra
876 4025 904 4087 si
933 4025 1005 4108 quis
1028 4043 1067 4087 ex
1090 4020 1205 4107 oppido
1228 4043 1283 4090 rus

97 4129 175 4195 abiit
206 4130 244 4196 de
267 4131 394 4198 tumulo
418 4131 607 4198 descendens
631 4132 665 4196 ἐκ
689 4130 794 4202 πόλιος
817 4127 956 4207 κατέβη,
983 4132 1015 4194 et
1038 4129 1206 4212 utrobique
1229 4151 1282 4195 na-

96 4238 184 4302 turae
202 4239 320 4304 veritas
343 4243 496 4305 servatur.

143 4339 307 4410 Caeterum
329 4343 466 4410 ostendit
486 4344 614 4411 evidens
634 4344 788 4411 mendum
807 4343 947 4411 evidenti
968 4342 1187 4410 emendatione
1211 4341 1283 4410 sub-
