3080 4972
708 223 752 280 ΧΥ

127 449 244 500 nemus
267 432 303 498 in
325 430 397 500 eliis
420 429 527 510 ipsese
549 431 617 519 legi
639 433 674 500 in
697 431 769 500 aliis
793 431 899 507 ἤρεσκε
912 433 932 473 *
950 431 1045 500 litera
1064 457 1079 499 ν
1100 453 1196 500 erese.
1242 431 1325 502 Ocn-

127 557 193 621 stat
224 550 573 638 plusquamperfectum
605 552 640 618 in
663 561 724 618 -H
749 555 851 632 exire;
876 553 989 620 Editor
1011 555 1039 620 si
1060 553 1136 622 libri
1158 529 1324 642 tamquam

128 690 203 744 aves
235 673 389 742 addicunt
419 679 457 742 ut
486 677 521 742 iu
550 675 696 759 Aptucca
728 695 803 763 pag.
837 672 877 742 31
892 694 921 742 r.
950 676 1096 751 decadas
1121 682 1154 744 et
1177 678 1322 756 ὥΦελιίκη

126 791 258 880 scribit,
282 797 340 865 ubi
361 817 425 865 non
448 797 624 864 admittunt
648 801 684 862 ut
707 799 742 862 in
763 797 909 882 Aperopia
932 817 1007 885 pag.
1029 796 1115 864 221).
1137 797 1272 882 §crilatu
1290 806 1323 868 et

129 917 208 1000 saec
240 920 366 988 retines.
414 917 450 984 Si
480 918 671 986 dissertiunt
701 921 810 985 omnic
844 920 974 1005 apponit
1009 925 1046 986 ut
1082 919 1122 986 ad
1156 921 1321 1006 mttpptr.

128 1058 201 1126 pag.
248 1039 332 1108 140.
375 1041 483 1114 lucaris
526 1038 565 1106 tc
599 1040 781 1118 iucundius
818 1045 1003 1108 cunctatur:
1042 1090 1059 1120 „
1069 1043 1250 1120 ἐμεμαθήκη
1286 1043 1322 1122 b,

127 1163 342 1239 *pruciis*
364 1182 403 1240 1),
428 1161 678 1241 imcctcu***
697 1181 733 1247 B,
758 1164 949 1242 μεμαθήκειν
969 1164 1022 1240 od,
1046 1165 1251 1242 cccccccccc
1269 1182 1322 1242 lc,

126 1291 160 1354 in
192 1309 298 1375 marg.
333 1285 383 1354 b.'’
412 1286 453 1353 ad
482 1305 564 1372 ques
595 1288 680 1371 ipsc,
713 1287 839 1371 opinor,
875 1288 903 1351 si
935 1292 983 1352 cst
1012 1289 1141 1374 ingenio
1172 1286 1321 1371 hilarior,

126 1409 317 1478 subridebit.
358 1407 447 1474 Haec
470 1409 593 1492 inepta,
618 1407 682 1473 clia
704 1407 785 1486 iniec
806 1412 890 1476 sunt.
935 1407 997 1488 Qui
1021 1405 1173 1474 Oodicem
1196 1407 1322 1474 Bodlei-

127 1551 227 1598 anum
255 1532 383 1616 scripsit
413 1529 499 1598 mele
521 1529 611 1596 addit
634 1531 711 1596 cccc
735 1529 895 1596 adverbiis
919 1534 956 1596 ut
979 1529 1173 1610 repertricem,
1198 1534 1231 1596 et
1253 1550 1322 1616 pes·

127 1655 188 1718 sim
221 1648 305 1731 dcte,
338 1658 395 1717 cut
419 1652 526 1718 verbis
549 1653 740 1730 μιμνῆισκω,
768 1651 976 1729 duodecime,
1002 1649 1106 1733 σῶιζω.
1156 1649 1321 1720 Contrario

125 1795 227 1841 errore
256 1772 361 1854 ccccc
384 1778 563 1842 constanter
585 1773 680 1842 dedit.
728 1773 800 1839 Non
823 1773 1070 1840 contemnebas
1093 1773 1316 1860 orthographi-

129 1917 179 1961 cas
214 1895 487 1982 quaestiunculas,
523 1901 555 1964 et
590 1893 695 1962 mults
724 1897 792 1980 ipse
823 1897 936 1980 scripsi
965 1900 1002 1960 ut
1035 1894 1232 1962 ostenderem
1263 1893 1299 1978 νῲ
1310 1941 1319 1974 ,

128 2017 213 2102 cpit,
235 2020 328 2100 ζῷον,
354 2017 424 2100 ᾠόν,
453 2017 568 2099 δμῳαί,
592 2017 698 2099 Tppcl
720 2023 751 2084 ct
775 2021 847 2084 sim.
872 2018 969 2084 scribi
993 2022 1151 2103 oporterc;
1177 2017 1232 2082 sed
1258 2037 1321 2084 non

127 2146 259 2225 possunt
290 2139 351 2206 hee
382 2142 611 2206 controversiae
644 2160 682 2205 ex
712 2135 867 2205 (lodicum
898 2142 1063 2226 scripturis
1093 2139 1261 2205 diiudicari
1288 2147 1320 2205 et

126 2263 285 2348 componi.
334 2261 517 2330 Absurdum
547 2260 640 2347 plane
672 2265 719 2328 est
746 2258 823 2328 cra.
871 2261 943 2328 Non
975 2265 1023 2327 est
1053 2261 1231 2343 ἀποθνῄσκω
1263 2267 1319 2326 aut

127 2385 354 2466 ἀναμιμνήσκω
380 2382 584 2452 scribendum
607 2387 640 2450 et
662 2383 702 2450 ob
725 2383 863 2450 rationes
885 2383 1113 2470 grammaticas
1136 2386 1169 2447 et
1192 2386 1333 2467 propter¹

127 2509 268 2571 veterem
298 2525 449 2571 cunonem
476 2503 632 2591 (etymol.
656 2503 704 2570 M.
730 2523 804 2592 pag.
830 2501 907 2572 272.
935 2503 1018 2590 11.):
1043 2502 1186 2570 οὐδέποτε
1210 2502 1252 2568 τὰ
1276 2505 1318 2576 εἰς

128 2635 214 2692 cito
239 2627 368 2708 ῥήματα
391 2625 475 2690 κοινὰ
498 2623 572 2690 ὄντα
596 2622 756 2708 διφθᾶγγῳ
779 2635 817 2708 τῇ
842 2625 892 2691 διὰ
914 2629 968 2690 τοῦ
993 2634 1006 2690 Ι
1027 2625 1262 2708 παραλήγεται,
1276 2662 1317 2673 -

127 2748 303 2828 πρόσκειται
335 2745 448 2814 κοινά
480 2746 530 2812 διὰ
554 2745 597 2811 τὰ
621 2745 762 2813 Alcccccl.
787 2743 812 2811 oi
836 2747 899 2826 γὰρ
923 2747 1044 2819 Αἰολεῖς
1070 2747 1240 2812 decisae
1265 2746 1317 2812 καὶ

126 2871 364 2948 niusaltus
398 2869 449 2935 διὰ
482 2878 537 2945 τῆς
562 2878 605 2935 AI
632 2867 802 2950 dstbddyycv
825 2867 979 2947 λέγουσιν.
1027 2869 1195 2935 Facessant
1217 2871 1320 2957 igitur

126 2991 244 3058 scribae
269 3011 345 3058 cum
369 2992 435 3058 suis
458 2990 616 3056 erroribus
641 2993 672 3056 et
691 2990 883 3056 obiiciantur
906 2988 1076 3076 aliquando
1097 2993 1221 3070 omnic,
1240 3012 1320 3076 ques

125 3110 295 3178 Platonem
326 3111 458 3180 lecturis
482 3118 516 3177 et
538 3111 754 3180 emendaturis
778 3111 944 3180 festidium
968 3111 1098 3196 quidem
1122 3116 1154 3178 et
1177 3111 1318 3178 tcedium

124 3252 232 3317 perere
263 3239 413 3319 possunt,
439 3233 493 3300 ssd
514 3232 691 3302 utilitatem
716 3232 858 3319 aliquem
882 3239 938 3300 aut
961 3233 1101 3300 fructum
1126 3231 1234 3300 efferre
1257 3252 1319 3298 non

125 3359 266 3440 possunt.

168 3448 293 3565 lingna
325 3497 378 3544 me
410 3497 480 3562 spes
511 3480 598 3542 tenet
629 3477 695 3543 fore
726 3483 762 3542 ut
794 3478 993 3562 caeteroquin
1024 3477 1155 3565 egregie
1185 3475 1320 3544 Martini

128 3595 247 3664 Schenr
282 3598 381 3664 editio
413 3597 581 3685 aliquando
606 3600 665 3666 hec
690 3619 814 3685 quoque
835 3604 925 3686 perte
948 3601 1121 3687 ingeniosis
1144 3598 1319 3666 adolescen-

128 3720 212 3785 tibus
231 3721 350 3785 merito
370 3721 586 3786 commendari
606 3726 638 3787 et
657 3720 780 3807 placere
799 3723 913 3807 possit,
935 3741 1048 3807 eosque
1068 3723 1107 3788 cd
1119 3728 1321 3790 venustatem

129 3844 160 3904 et
192 3842 389 3908 suavitatem
420 3841 603 3909 Platonicae
627 3842 775 3908 dictionis
796 3844 1034 3929 percipiendam
1057 3844 1172 3911 blanda
1194 3848 1229 3912 vi
1252 3844 1322 3912 elli·

128 3980 202 4026 cere.
235 3960 287 4026 .Si
318 3983 395 4050 ego,
428 3965 483 4049 qui
510 3966 544 4029 in
568 3963 619 4029 his
642 3965 758 4030 studiis
780 3966 946 4043 consenui,
972 3965 1116 4031 taedium
1139 3965 1199 4033 hcc
1223 3969 1321 4053 scrip·

128 4085 270 4148 turerum
302 4083 397 4149 nihili
426 4085 575 4152 devorare
606 4105 669 4151 non
700 4105 846 4172 possum,
879 4086 958 4172 quid
980 4088 1110 4153 tandem
1131 4090 1231 4154 enimi
1254 4109 1321 4156 esse

129 4208 277 4286 putemus
301 4205 341 4272 ed
364 4205 441 4272 heec
462 4207 624 4273 iuventuti
647 4207 1021 4290 petracoricenses
1042 4209 1163 4276 fervore
1187 4209 1321 4277 estatis?

128 4319 186 4389 His
215 4327 292 4412 ipsis
323 4325 435 4392 diebus
466 4327 560 4393 sudio
590 4323 788 4415 Thucydidis
818 4329 896 4396 duos
915 4332 1034 4418 priores
1057 4331 1155 4397 libros
1178 4331 1212 4394 ic
1234 4353 1320 4434 cuum
