3086 4968
664 260 729 336 let

101 457 241 524 dixerat:
280 458 315 534 ἡν
345 459 427 536 ὑμῶν
456 459 558 523 αὐτῶν
589 457 754 533 ἐθελήσητε
783 457 927 536 γενέσθαι
959 458 1011 524 καί
1043 455 1290 524 παύσασθαι

102 566 193 638 αὐτὸς
224 566 282 644 μὲν
313 563 394 629 οὐδὲν
425 562 535 636 ἕκαςος
567 565 701 639 ποιὴσειν
732 564 880 645 ἐλπίζων,
909 563 961 630 τὸν
985 563 1016 629 δὲ
1039 565 1170 638 πλησίον
1193 562 1286 630 πάνθ’
1324 553 1332 562 ’

104 671 174 752 ὑπὲρ
199 673 296 738 αὐτοῦ
319 667 455 753 προίξειν.

143 878 225 968 Pag.
250 877 304 944 42.
339 877 392 944 16.
414 877 503 944 ἄλλοί
535 878 587 943 καί
617 885 707 956 μισεῖ
725 903 772 951 πις
797 880 963 944 ἐκεῖνον-
977 878 1029 945 καί
1054 885 1111 944 τῶν
1133 875 1216 944 ποίνν
1239 883 1292 944 νῦν

102 983 262 1051 θοκοθνποιν
285 985 398 1059 οἰκείως
422 981 506 1067 ἐχειν
531 983 660 1071 [αθπῷ].
709 983 837 1058 Οίιιείοις
858 982 942 1066 ἐχειν
961 991 999 1051 ul
1022 985 1114 1068 Φίλον
1137 981 1213 1050 εἶναι
1235 984 1292 1052 du·

101 1091 217 1178 plieem
247 1090 345 1157 habet
374 1088 577 1178 significandi
606 1093 825 1176 potestatemz·
847 1096 895 1156 est
924 1092 1012 1157 enim
1033 1091 1213 1178 promiscue
1235 1095 1292 1157 ent

101 1203 204 1279 Φιλεῖν
227 1202 285 1262 aut
307 1198 479 1278 Φιλεῖσθαι.
524 1194 596 1262 Ηοο
618 1195 689 1262 loeo
711 1195 883 1262 manifesto
906 1194 1066 1284 signifieat
1094 1202 1153 1262 πῶν
1176 1195 1292 1264 δοκοθν-

101 1326 156 1368 ταν
179 1294 287 1387 φιλεῖν
316 1302 425 1368 αθπθνι
458 1300 537 1368 elibi
564 1321 656 1386 saepe
678 1303 881 1388 perspicuum
904 1307 952 1368 est
974 1323 1031 1389 pro
1054 1303 1214 1387 φιλεῖσθαι
1236 1323 1293 1390 po·

101 1411 198 1476 silum
223 1429 310 1484 esse,
340 1413 379 1473 ui
407 1407 492 1495 apud
522 1405 778 1492 Theophrastum
812 1409 965 1474 Οίοοοοίί.
991 1407 1047 1474 23.
1072 1409 1164 1480 δεινὸς
1186 1409 1292 1488 λέγειν

100 1519 135 1587 sis
158 1514 236 1595 μετ’
268 1512 468 1595 Ἀλεξάνδρου
499 1513 707 1594 ἐςρατεθσαπο
737 1513 789 1579 καί
819 1515 932 1588 οἰκείως
962 1515 1046 1595 αὐτῷ
1078 1510 1181 1599 εἶχεν,
1216 1535 1292 1580 nem

100 1622 143 1686 sie
165 1622 248 1688 slibi
278 1619 475 1687 ostendimus
497 1619 671 1708 legendum
693 1640 750 1704 pro
773 1620 826 1685 καί
850 1622 888 1691 οῖς
915 1621 999 1700 αὐτῷ
1023 1616 1125 1700 εἶχεν,
1150 1620 1235 1705 quod
1256 1622 1292 1685 in

99 1727 264 1794 hominem
284 1727 461 1816 gloriosum
484 1731 517 1791 et
539 1725 682 1807 ιῖλαζθια
707 1746 770 1791 non
793 1728 950 1791 convenit.

142 1834 269 1901 Deinde
292 1847 366 1899 eum
390 1828 506 1899 Oodiee
529 1830 562 1898 S.
586 1831 702 1897 inutile
726 1835 759 1896 et
779 1831 972 1918 languidum
991 1830 1076 1910 αὐτῷ
1101 1829 1233 1918 expelle.

141 2044 264 2112 Misere
287 2047 452 2129 corruptus
475 2047 508 2107 et
530 2041 741 2128 interpolatus
764 2044 813 2107 est
843 2038 931 2106 loeus
953 2060 1028 2127 pag.
1052 2037 1106 2105 43.
1132 2038 1185 2108 17.
1211 2038 1240 2105 εί
1260 2063 1290 2104 τι

100 2150 189 2216 ποίθοι
222 2149 250 2235 (θ
280 2148 447 2224 Φίλιππος)
481 2146 533 2213 καί
566 2147 608 2212 sai
640 2153 695 2221 πὴς
722 2148 824 2228 πιίχὴς
857 2149 931 2224 ἡμῖν
962 2145 1115 2227 ὑπιίρξαι,
1141 2143 1215 2226 ἡπερ
1240 2144 1289 2211 θεῖ

99 2255 224 2334 βέλσιον
246 2254 263 2331 ἡ
285 2257 373 2333 ἡμεῖς
394 2257 479 2332 ἡμῶν
498 2253 599 2318 αὐτῶν
616 2253 846 2331 ἐπιμελούμεθα
866 2252 933 2339 [καί
955 2259 1039 2318 τοῦτ’
1060 2251 1291 2338 sleswicense}

98 2361 154 2428 ἐσθ’
179 2356 228 2426 θ’πι
251 2359 381 2433 πλησίον
402 2359 459 2438 μὲν
483 2356 566 2431 ὄντες
591 2360 656 2424 xri.
703 2358 803 2426 Plane
828 2363 980 2425 assentior
1001 2356 1164 2426 Dindorfio
1183 2361 1292 2425 existi·

98 2469 202 2536 manti
223 2466 274 2531 καί
299 2469 383 2532 τοῦτ’
409 2465 611 2546 ἐξερνοίσαιπο
631 2487 697 2532 esse
718 2468 970 2545 ,μᾱιίίθοοιιοιιίιιιιο
991 2467 1165 2552 interpretis
1183 2489 1291 2550 parum

96 2573 250 2640 subtiliter
272 2571 490 2656 σαοομίίσθιιοθ.
527 2570 704 2638 Coniuncta
726 2572 806 2638 olim
828 2572 977 2638 fuerunt:
1001 2573 1027 2638 εί
1048 2573 1092 2638 ποῖ
1111 2579 1167 2648 πὴι
1189 2571 1290 2654 σίχὴς

98 2682 172 2758 ἡμῖν
206 2675 361 2758 θποίρξαι,
392 2677 451 2742 ἴσθ’
479 2674 546 2754 θπι,
580 2682 702 2743 seelera
731 2681 806 2743 sunt
829 2676 880 2742 διθι
903 2677 999 2757 μέσον
1021 2679 1134 2765 posits.
1180 2677 1218 2743 ln
1240 2678 1292 2744 his

96 2791 208 2852 eutem
244 2783 366 2851 violate
404 2789 452 2850 est
483 2788 568 2849 serta
597 2783 651 2849 lex
681 2785 852 2857 sermonis,
886 2805 967 2869 quse
1000 2786 1035 2849 in
1069 2783 1292 2848 huiuscemodi

97 2889 205 2977 ellipsi
229 2910 269 2955 ex
291 2891 361 2976 ipse
383 2891 430 2955 rei
452 2893 567 2956 natura
587 2890 748 2955 observari
768 2887 872 2954 debet.
907 2888 986 2954 Post
1005 2889 1022 2966 ἡ
1045 2891 1133 2967 ἡμεῖς
1156 2888 1293 2956 verbum

97 2996 278 3074 omittitur,
302 3000 374 3081 post
399 2991 474 3074 ἡπερ
496 2993 588 3061 nullo
610 2993 716 3060 modo.
763 2993 877 3079 Itaque
901 3015 940 3059 ex
964 2995 1159 3073 ἐπιμελεῖται
1184 2993 1293 3072 ἐπιμε-

95 3101 235 3179 λούμεθα
266 3100 433 3188 cogitando
465 3099 606 3187 suppleri
636 3102 773 3186 poterit,
802 3119 864 3166 non
888 3105 1004 3167 eontra.
1053 3099 1167 3166 Potuit
1189 3101 1292 3188 igitur

96 3206 213 3274 Orator
233 3207 281 3271 ils
304 3205 437 3272 dixisse:
462 3205 538 3284 ἡπει
563 3206 612 3271 οίεί
637 3205 761 3284 βέλτιον
787 3208 888 3285 ἡμῶν,
914 3205 932 3282 ἡ
953 3207 1041 3285 ἡμεῖς
1064 3211 1147 3285 ἡμῶν
1171 3207 1272 3270 αὐτῶν
1280 3252 1290 3284 ,
1341 3291 1346 3302 ⁸

97 3314 305 3392 ἐπιμελεῖται.
352 3313 493 3377 Accessit
523 3311 635 3377 deinde
668 3311 708 3377 ed
740 3311 818 3378 hses
849 3311 965 3396 aliquis
989 3332 1099 3379 eorum
1123 3313 1179 3397 qui
1203 3312 1292 3390 ἡμεῖς

98 3421 182 3498 ἡμῶν
204 3421 306 3484 αὐτῶν
328 3418 524 3496 ἐπιμελεῖται
551 3418 717 3482 coniunxit
738 3422 789 3494 el,
815 3419 843 3483 si
862 3417 967 3486 Musis
985 3418 1110 3506 pleeet,
1131 3415 1295 3496 ἐπιμελοί-

99 3526 182 3604 μεθα
206 3524 337 3590 σοοοιαὴί
359 3523 491 3591 seilicet.

146 3629 281 3698 Utiliter
302 3631 479 3716 comparari
500 3632 618 3716 poterit
638 3629 727 3697 loeus
750 3651 824 3719 pag.
838 3628 915 3696 294.
940 3628 973 3696 8.
997 3629 1035 3695 σὺ
1058 3630 1090 3696 δὲ
1104 3663 1145 3678 -
1159 3625 1232 3711 ίπερ
1256 3625 1294 3695 θν

102 3738 116 3802 θ
141 3733 344 3821 φανλθπαιος
376 3735 429 3801 καί
454 3735 680 3814 διισμενέςοιποα
703 3733 853 3817 ἄνθρωποι
878 3746 918 3818 πῇ
942 3734 1030 3803 πθλει
1055 3740 1145 3803 τοῦτο
1169 3759 1295 3810 πεποιὴ·

103 3845 160 3917 κὼς
190 3841 352 3920 ἐξὴπασαι.
399 3839 453 3908 Sis
484 3847 570 3908 reete
593 3839 626 3908 S.
673 3841 711 3907 ln
741 3841 856 3908 multis
886 3841 959 3908 eliis
988 3841 1111 3929 ellipsis
1134 3841 1174 3909 de
1205 3839 1296 3908 scioli

102 3953 283 4017 coniectura
316 3950 362 4014 sie
393 3947 519 4035 explete
549 3952 614 4013 est:
655 3942 728 4029 ίπερ
757 3946 795 4014 θον
815 3984 858 3996 -
878 3943 1030 4029 ἄνθρωπος
1060 3947 1224 4033 [ποιὴσειε]
1255 3956 1298 4032 εὴ-

101 4056 202 4123 πθλει.
1095 4051 1098 4056 ’

144 4266 226 4355 Peg.
252 4261 305 4332 44.
334 4262 386 4335 17.
419 4269 534 4348 πρῶτον
560 4264 672 4344 μέν-
686 4263 811 4347 πιιὴρεις
837 4264 1029 4340 πειπὴκονπα
1053 4241 1297 4346 παρασκεοοίσα-

95 4375 168 4441 σθαι
199 4369 286 4457 φημί
320 4371 381 4439 δεῖν
405 4409 447 4422 -
473 4371 546 4455 πρὸς
577 4371 609 4437 δὲ
639 4368 758 4445 ποθσοις
793 4410 836 4421 -
865 4377 962 4438 πλοῖα
992 4369 1087 4437 ίιιανιὶ
1118 4369 1295 4453 εὐτρεπίσαι
