3026 4970
812 275 878 347 292

264 461 281 541 ἦ
314 463 530 549 Ἀοοςοφοὲνονς
562 475 687 532 BO'rN.
717 467 795 540 τινὲς
827 467 858 532 δὲ
882 463 938 544 ἔξω
961 472 1015 534 τοῦ
1040 475 1069 534 Ν
1094 477 1156 534 ΒΩ
1180 467 1233 533 καὶ
1256 467 1369 547 μήποτε
1388 488 1426 529 νο·

263 572 356 641 dorcic
380 571 449 636 cirri
473 577 526 638 τοῦ
547 583 642 640 BOA.
674 573 711 638 In
731 572 858 640 Scholio
876 573 1058 640 Victoriano
1078 580 1144 640 esi:
1165 575 1196 640 ἕν
1217 581 1279 646 τοῖς
1301 577 1425 642 achaicis

263 677 441 758 ἐγέγραπτο
475 689 578 755 ΒΟΝ,
610 675 754 760 direptrix
779 679 953 752 induranti
979 681 1154 760 δοορθωτοοί,
1178 680 1214 745 id
1237 685 1283 745 esi
1306 681 1356 766 qui
1374 676 1426 741 Ho-

264 786 398 850 mericus
431 785 592 867 δνοροώσεοο
623 787 789 852 ediderunt
822 785 1017 861 Zenodotus,
1047 784 1290 871 Aristophanes,
1315 785 1427 850 Aristar·

265 889 352 954 chus.
400 890 490 970 Quod
520 894 622 979 igitur
653 895 720 956 erat
750 893 784 955 in
815 891 906 956 libris
936 894 1165 958 vetustissimis
1200 900 1285 956 BON
1321 894 1363 956 est
1385 889 1428 951 aut

262 995 358 1070 βοῦν,
390 1002 428 1060 ut
455 998 681 1082 Aristophanes
703 996 844 1084 legebat,
870 1004 926 1062 aut
947 999 1028 1075 βῶν,
1052 1001 1089 1062 ut
1112 999 1323 1062 Aristarchus.
1364 993 1428 1058 Utra

262 1103 419 1186 scriptura
438 1108 485 1168 est
503 1100 627 1188 potiori
651 1100 726 1166 Sine
746 1105 958 1168 controversia
975 1104 1205 1188 Aristophanes
1216 1104 1302 1180 βοῦν.
1325 1093 1428 1182 Quare?

262 1210 337 1291 quia
359 1208 433 1284 βοῦς
458 1214 490 1273 et
513 1208 597 1293 apud
620 1207 799 1273 Homerum
822 1210 942 1293 passim
961 1213 993 1273 et
1013 1208 1097 1294 apud
1114 1228 1225 1274 omnes
1244 1209 1428 1274 Athenienses

261 1311 359 1392 hahet
381 1333 505 1398 semper
527 1319 559 1378 et
581 1314 700 1398 ubique
723 1316 942 1379 accusativum
960 1313 1047 1391 βοῦν.
1072 1314 1134 1380 Sed
1154 1314 1231 1379 audi
1249 1314 1427 1379 Bekkerum:

266 1418 348 1496 „Bria
372 1419 568 1482 Aristarchus
592 1416 641 1504 (td
661 1425 703 1482 eat
725 1417 817 1496 βοέην
840 1418 941 1507 βοοῖν),
965 1421 1040 1497 βοῦν
1065 1420 1293 1504 Ανίοίορβοοοοο,
1317 1421 1360 1498 βῶ
1381 1415 1429 1480 He·

263 1524 433 1588 rodiccca''
468 1525 554 1612 Ergo
583 1526 647 1602 βῶν
676 1545 714 1589 ex
744 1526 838 1608 βοοῖν,
866 1525 962 1610 idque
985 1547 1024 1591 ex
1047 1525 1137 1603 βοέην
1162 1531 1357 1592 contractum
1377 1540 1429 1587 esse

261 1630 403 1716 putabat.
441 1629 504 1696 Sed
533 1633 675 1716 primum
706 1629 867 1696 Homerus
897 1652 960 1696 non
983 1631 1076 1696 aliter
1099 1633 1202 1698 dicere
1226 1634 1331 1717 potuit
1351 1647 1430 1714 quam

261 1734 355 1815 βοέην
375 1743 407 1802 et
425 1737 539 1814 βοείην.
564 1745 621 1812 Bai
641 1739 824 1802 Atticorum
843 1742 891 1802 esi
909 1742 947 1802 ui
966 1745 1091 1812 λεοντῆ,
1106 1738 1252 1818 rapiam?
1264 1787 1270 1810 .
1284 1740 1428 1807 dicarat,

261 1849 350 1920 κυνῆ,
386 1865 465 1928 quae
499 1844 619 1908 formae
653 1842 782 1908 Ionibus
812 1826 888 1907 non·
902 1846 977 1907 sunt
1006 1845 1041 1907 in
1070 1863 1151 1926 usu,
1183 1843 1239 1908 sed
1271 1837 1429 1923 πνρδολέη,

260 1947 433 2028 deoperte,
467 1947 557 2023 κυνέη
583 1948 775 2032 similiaque.
799 1947 921 2014 Deinde
944 1947 1044 2014 semel
1068 1952 1268 2014 contractum
1290 1950 1362 2028 βοῆν
1381 1964 1431 2010 non

260 2055 378 2118 iterum
410 2055 554 2120 contrahi
584 2058 689 2139 potest
718 2057 752 2119 in
775 2053 855 2131 βῶν,
880 2053 983 2138 qualis
1006 2059 1054 2145 est
1077 2075 1162 2120 error
1184 2054 1312 2130 Kantii‚
1332 2055 1383 2138 qui
1401 2070 1431 2114 er

262 2149 408 2235 νοούμενα
439 2159 516 2224 fecit
542 2183 682 2236 cumeae,
709 2159 793 2244 quod
815 2160 986 2224 barbarum
1009 2163 1067 2225 est.
1114 2160 1282 2226 Praeterea
1303 2157 1431 2226 Homeri·

261 2285 335 2329 cum
366 2264 440 2341 βοέη
472 2267 719 2330 contractionem
750 2267 893 2330 Atticam
924 2268 958 2329 in
989 2266 1048 2344 βοῆ
1071 2286 1135 2330 non
1157 2266 1302 2330 admittit
1323 2267 1432 2352 propter

259 2372 479 2455 interpositam
511 2377 742 2436 consonantem.
776 2371 821 2436 Ut
849 2373 936 2435 enim
959 2370 1132 2438 Homerica
1154 2377 1230 2437 sunt
1253 2372 1347 2438 πλέον
1369 2364 1431 2435 πλό-

259 2501 302 2548 roc
337 2474 494 2552 circitoria,
524 2480 556 2541 et
586 2475 652 2556 ῥέοοο
676 2476 769 2560 ῥόοοο,
796 2480 828 2541 et
850 2475 929 2558 χέτω
953 2475 1039 2558 χδοος
1063 2475 1221 2556 οοινοχάνος
1246 2475 1430 2560 χρονοχόνοο,

260 2586 292 2647 et
315 2580 381 2647 θένω
406 2581 498 2658 dordr,
524 2581 614 2646 πνέοο
640 2580 741 2653 andree
765 2586 798 2647 et
813 2582 920 2657 πνοοη,
940 2584 985 2647 sic
1003 2582 1107 2661 βοοός,
1127 2583 1209 2661 βοεΙ,
1229 2582 1335 2662 βόοες,
1354 2577 1431 2654 dirae

260 2687 356 2763 booic,
377 2687 458 2760 bovi,
482 2689 582 2758 bocer.
606 2688 725 2753 habent
744 2691 778 2753 τὸ
798 2688 962 2766 alroppa.
982 2689 1092 2774 Itaque
1111 2689 1198 2767 βοοέη
1217 2695 1251 2755 et
1270 2689 1364 2767 βοοείη
1380 2705 1431 2751 non

259 2797 365 2882 magis
396 2793 539 2859 contrahi
567 2798 699 2879 possunt
729 2814 826 2878 quam
854 2794 996 2868 εὐπλοοίη
1022 2801 1078 2860 aut
1100 2796 1285 2876 χρονοχόοος
1309 2800 1361 2860 aut
1381 2790 1432 2857 alia

260 2900 491 2966 eiusdemmodi
515 2906 671 2966 sexcenta.
695 2900 816 2966 Eadem
840 2921 933 2986 opera
951 2901 1134 2966 confutatur
1153 2901 1258 2966 futilis
1277 2895 1431 2967 Herodiani
1502 2945 1503 2972 .

259 3007 438 3072 coniectura
465 3007 511 3084 βῶ
543 3027 600 3092 pro
630 3005 711 3084 βδοτ
745 3008 820 3091 quia
850 3028 951 3092 neque
982 3005 1045 3085 βόοο
1077 3005 1238 3073 Graecum
1271 3013 1318 3074 est
1343 3011 1388 3080 et,
1409 3001 1431 3063 si

259 3114 499 3196 quammaxime
523 3116 621 3190 esset,
646 3110 723 3189 βόοοο
747 3113 786 3177 ob
809 3112 951 3177 mediam
973 3117 1197 3178 consonantem
1214 3116 1250 3178 in
1268 3133 1361 3179 unam
1377 3105 1428 3194 syl·

259 3216 366 3282 labam
396 3217 581 3284 coalescere¹
597 3219 717 3302 nequit.
746 3217 857 3302 Itaque
880 3219 1120 3283 Aristarcheum
1142 3218 1205 3296 βῶν
1229 3218 1317 3284 nullo
1338 3213 1429 3282 funda·

258 3327 368 3388 mento
398 3325 511 3388 nixum
543 3325 682 3401 corruit,
706 3329 738 3389 et
761 3325 853 3388 unice
876 3345 990 3388 verum
1012 3328 1061 3388 cst
1084 3325 1348 3409 Aristophancum
1367 3319 1429 3399 βοῦν

259 3426 410 3510 οὶζοολέην,
443 3430 528 3515 quod
557 3429 697 3513 undique
724 3432 835 3492 tutum
858 3434 915 3493 est.
952 3432 1026 3500 Βοῦς
1050 3431 1138 3494 enim
1161 3433 1330 3511 Ὁμηρικῶς
1351 3426 1428 3512 plane

259 3535 344 3600 idem
367 3535 526 3624 significat
550 3535 633 3620 quod
656 3534 771 3618 ἀσπίς,
796 3533 910 3609 σάκος,
935 3534 1009 3612 βοέη
1035 3538 1067 3600 et
1090 3535 1189 3614 βοείη.
1240 3533 1428 3617 Quemadmo

258 3639 336 3706 dum
360 3644 481 3728 optimc
504 3643 622 3706 dicitnr
643 3640 736 3707 Iliad.
761 3650 807 3706 M.
835 3638 910 3708 137.

419 3739 445 3812 οἳ
468 3747 494 3812 δ’
519 3745 581 3820 ἰθὺς
605 3745 676 3827 πρὸς
701 3753 806 3825 τεῖχος
832 3746 980 3826 ἐΰδμητον
1005 3755 1115 3812 BOAC
1140 3756 1254 3813 ATAC

423 3851 513 3932 ootc'
537 3851 745 3932 οένοοσχόμενοο
770 3849 847 3916 ἕκοον
871 3851 1005 3933 μεγάλῳ
1030 3852 1193 3934 ἀλαλητῷ.

259 3958 369 4023 codem
393 3959 487 4024 modo
511 3960 545 4023 in
568 3958 724 4046 singulari
747 3961 868 4044 optime
891 3959 988 4024 habet
1006 3967 1145 4036 νωμῆσαι
1167 3966 1281 4025 BOTN
1297 3950 1423 4038 οέζολὲην,

260 4069 292 4128 et
321 4063 386 4140 βῶν
416 4064 499 4129 nihil
531 4064 619 4130 aliud
642 4069 689 4130 cst
713 4085 810 4149 quam
834 4065 977 4147 σφάλμα
1000 4070 1058 4132 τῶν
1082 4067 1136 4141 νην
1160 4057 1423 4147 apportaverant
1499 4103 1500 4144 η

260 4178 346 4235 BON
370 4170 471 4241 κοοκῶς
494 4167 887 4252 μετοχοοροοκτηοοσοέντων.

304 4379 353 4448 iix
377 4378 486 4443 eodem
510 4380 612 4465 igitur
635 4380 720 4443 fonte
742 4385 914 4448 manarunt
937 4385 969 4446 ct
993 4380 1050 4450 aiii
1073 4401 1210 4467 errores,
1235 4402 1310 4470 quos
1327 4373 1422 4467 partlm
1498 4465 1499 4472 ἵ
