3026 4970
641 243 703 312 321

135 433 182 499 Ad
204 432 315 522 Odyss.
341 459 373 501 κ.
399 432 476 503 337.
498 432 559 506 ἔθος
584 434 750 514 Ὁμηρικὸν
769 435 832 501 ἀπὸ
859 439 913 502 τοῦ
937 447 1015 502 ΓΛΡ
1040 435 1211 518 ἄρχεσθαι.

133 541 326 606 Aristonicus
356 541 396 606 ad
426 540 452 604 δ.
480 539 553 608 722.
583 540 670 620 περ)
696 539 773 620 γάρ
794 560 879 619 per:
906 543 922 617 ἡ
946 543 1039 616 διπλῆ
1063 539 1108 608 ὅτι
1132 543 1162 606 ἐν
1186 545 1271 627 ἀρχῇ

93 644 178 724 λόγον
203 648 216 711 ὃ
241 658 330 715 ΓΛΡ.
354 650 393 720 ὥς
418 648 470 713 act
497 649 527 712 tv
550 645 658 712 Ἰλιάδι
684 647 736 733 (Η.
762 645 851 732 327).

490 751 597 818 πολλοὶ
622 752 685 832 γὰρ
709 753 859 818 τεθνᾶσιν.

129 857 247 923 Iterum
272 857 311 924 ad
335 857 463 926 6174.
490 861 506 933 ἡ
529 859 624 933 διπλῆ
647 855 692 921 ὅτι
716 857 778 922 ἀπὸ
803 863 856 924 τοῦ
879 867 957 926 ΓΑΡ
982 858 1102 939 ἤρξατο.

91 967 119 1025 61
147 965 184 1028 ad
208 989 235 1030 κ.
262 963 338 1030 sol.
364 966 509 1032 brevius:
535 964 597 1029 ιἰιιὸ
621 968 674 1028 τοῦ
698 973 775 1030 ΓΑΡ
801 963 932 1046 ἤρξατο,
954 972 987 1030 61
1010 966 1050 1032 ad
1073 989 1109 1043 μ.
1132 963 1209 1031 320.
1232 965 1268 1031 τὸ

90 1077 158 1134 ΓΛΡ
182 1071 250 1135 ἀντὶ
274 1075 327 1136 τοῦ
353 1070 504 1145 ἐπειδή.

128 1175 162 1240 16
195 1177 267 1243 aliis
301 1183 350 1243 est
383 1183 476 1245 vetus
511 1176 666 1263 quaedam
704 1178 879 1263 scripturae
911 1178 1136 1264 discrepantia,
1165 1181 1203 1243 ut
1232 1178 1267 1243 in

88 1281 182 1348 Illiad.
207 1294 248 1349 Ψ.
275 1281 351 1349 156.

214 1388 373 1473 Ἀτρεΐδη,
398 1388 443 1454 cot
468 1399 546 1454 ΓΑΡ
570 1413 605 1454 τε
627 1387 753 1468 penes
776 1413 816 1466 γε
839 1388 916 1464 tata
940 1395 1079 1470 ’Λχνιῶν

225 1495 381 1562 πείσονται
405 1493 551 1574 μύθοισιν.

85 1601 136 1665 611
157 1606 205 1667 661
227 1601 364 1689 Didymi
385 1603 564 1667 annotatio:
591 1602 620 1664 ἐν
645 1599 733 1684 ἄλλῳ
759 1601 835 1679 „roi
857 1609 952 1668 ΜΕΝ
975 1599 1044 1665 τε.”
1075 1600 1137 1667 Sed
1157 1601 1263 1668 multo

84 1709 179 1790 potior
209 1712 257 1773 est
280 1706 379 1774 altera
401 1707 514 1783 lectio,
541 1708 690 1793 quoniam
714 1728 822 1773 sensus
845 1710 909 1773 est:
934 1705 1089 1786 Ἀτρεΐδη,
1123 1708 1263 1782 ἐπειδὴ

84 1811 123 1876 cci
151 1812 275 1890 μάλιςιι
306 1816 332 1879 oi
360 1813 486 1894 Ἀχαιοὶ
510 1813 682 1892 πείσονται,
707 1819 757 1879 νῦν
780 1813 842 1878 ἀπὸ
867 1813 1015 1892 πυρκαϊῆς
1038 1810 1186 1878 σκέδασιν
1209 1809 1261 1876 κιιὶ

84 1917 192 1984 δεῖπνον
216 1917 330 1999 ἄνωχθι
352 1916 513 1984 ὅπλεσθαι.

122 2025 232 2092 Restat
262 2032 300 2090 ut
326 2047 365 2091 ex
388 2024 607 2111 compluribus
630 2025 709 2091 16616
731 2047 826 2112 supra
848 2027 1019 2111 propositis
1040 2026 1261 2110 pervetustum

83 2132 194 2196 vitium
225 2135 392 2198 eximatur.
439 2131 583 2198 Praeivit
613 2133 834 2218 Aristarchus,
864 2152 961 2217 quem
988 2135 1058 2197 tuto
1082 2149 1261 2217 sequemur.

82 2235 114 2300 16
134 2237 226 2305 Iliad.
251 2248 288 2304 E.
314 2236 390 2302 182.

210 2352 274 2425 Πρι
298 2345 371 2427 θεοὶ,
397 2342 444 2414 τίς
469 2352 548 2408 ΓΑΡ
575 2368 610 2408 σε
635 2345 704 2408 θεῶν
727 2343 792 2422 ἐμοὶ
817 2341 957 2423 ἄγγελον
980 2339 1069 2420 ἧκενς

82 2447 220 2516 dubitare
240 2453 343 2535 coepit
362 2448 564 2514 Aristarchus
584 2450 661 2533 quid
680 2449 809 2515 tandem
828 2449 863 2515 in
883 2456 950 2516 tam
973 2452 1063 2518 breui
1086 2448 1261 2533 sententia,

81 2555 132 2619 ubi
149 2555 231 2620 nihil
249 2555 423 2641 praecedit,
443 2554 526 2619 nihil
546 2557 704 2639 sequitur,
726 2557 787 2621 sibi
808 2555 907 2622 vellet
926 2566 1004 2623 I'AP
1024 2559 1259 2642 interpositum.

81 2658 184 2746 Itaque
216 2661 400 2727 emendavit
431 2663 479 2733 τίς
511 2670 595 2726 ΤΛΡ
627 2685 661 2725 σε
688 2662 756 2726 θεῶν
779 2660 942 2728 lenissima
965 2684 1038 2729 sane
1060 2663 1261 2729 correctione.

81 2765 161 2832 Audi
190 2768 388 2854 Didymum:
420 2769 436 2843 ἡ
467 2766 555 2849 ἕτέριι
577 2773 635 2832 τῶν
658 2764 844 2846 Ἀριςθρχνν
868 2767 918 2832 διὰ
941 2773 994 2834 τοῦ
1017 2776 1046 2832 Τ
1071 2768 1153 2847 „ric
1178 2777 1261 2832 ΤΑΡ

82 2873 150 2937 σε.”
184 2875 318 2949 Μήποτε
344 2873 375 2938 δὲ
399 2873 530 2952 ἀμείνων
554 2876 570 2947 t
596 2872 726 2951 προτέρα
749 2869 880 2953 πιιρόσον
903 2873 1026 2948 σύνηθες
1051 2873 1175 2952 Ὁμήρῳ
1199 2871 1261 2936 ἀπὸ

81 2983 129 3042 τοῦ
162 2989 239 3046 ΓΑΡ
276 2977 437 3060 aimerice.
505 2978 586 3044 Vide
622 2978 705 3042 mihi
739 2980 1000 3063 intempestivam
1036 2975 1261 3044 eruditionem!

81 3083 147 3149 Non
177 3091 301 3172 poterat
332 3088 418 3152 enim
450 3085 549 3151 Poeta
572 3084 635 3149 oiri
658 3088 711 3148 τοῦ
735 3093 812 3150 ΓΑΡ
838 3082 1010 3164 ἄρχεσθαι,
1034 3085 1091 3149 ubi
1107 3085 1263 3150 sententia

80 3187 138 3255 loci
166 3191 257 3257 iilam
287 3191 479 3278 particulam
507 3212 570 3256 non
593 3192 787 3257 admitteret.
835 3190 918 3271 Quid
942 3190 1060 3257 diceres
1083 3192 1111 3256 si
1133 3190 1205 3276 quis
1227 3191 1261 3256 in

81 3293 190 3362 Iliados
212 3300 369 3384 principio
392 3300 440 3362 ita
463 3298 629 3363 scriberet:

253 3404 302 3476 τίς
327 3413 406 3469 ΓΑΡ
432 3409 517 3485 σφωε
543 3404 613 3467 θεῶν
636 3401 705 3483 ἔριδι
730 3400 855 3479 ξυνέηκε
881 3400 1061 3481 μάχεσθνι;
1095 3416 1097 3420 ’

81 3527 177 3576 errare
194 3511 376 3587 hominem,
397 3511 521 3595 opinor,
543 3515 575 3575 61
595 3509 677 3574 nihil
694 3509 807 3575 dicere.
833 3507 896 3574 Sed
910 3508 1040 3594 perinde
1051 3527 1187 3593 pravum
1199 3512 1262 3573 est:

209 3624 272 3696 Πρι
297 3614 370 3701 tert,
396 3617 443 3688 ric
471 3626 548 3681 ΓΑΡ
572 3640 607 3680 σε
630 3617 700 3680 θεῶν
724 3615 789 3692 ἐμοὶ
815 3613 954 3693 ἄγγελον
978 3611 1066 3691 ἥκεις

122 3719 301 3787 Videndum
331 3725 434 3810 igitur
465 3744 549 3787 nunc
580 3726 628 3786 est
657 3725 768 3786 utrum
797 3722 832 3786 in
862 3720 941 3786 locis
963 3720 1160 3797 Homericis,
1185 3740 1263 3806 quos

81 3845 171 3911 supra
192 3831 431 3913 proposuimus,
456 3838 535 3894 ΓΑΡ
560 3849 600 3893 66
623 3837 706 3892 TAP
730 3828 832 3912 potior
854 3829 1010 3913 scriptura
1030 3829 1089 3911 sit,
1109 3827 1205 3912 idque
1225 3848 1264 3892 ex

81 3932 275 4018 singulorum
314 3934 458 3999 locorum
501 3935 658 4000 sententia
699 3954 734 3999 ac
768 3938 882 3998 natura
917 3936 978 3998 erit
1010 3934 1261 4002 diiudicandum.

80 4037 167 4103 Nihil
195 4043 284 4115 enim
314 4042 347 4103 in
378 4039 499 4105 talibus
527 4041 676 4126 praesidii
698 4042 731 4103 in
753 4039 846 4105 h'bris
869 4044 932 4116 est,
958 4045 989 4104 61
1012 4041 1040 4104 61
1062 4040 1264 4106 Aristarchus

83 4163 116 4206 ac
145 4143 273 4211 Veteres
305 4167 414 4211 omnes
438 4148 521 4211 inter
544 4155 628 4210 ΤΑΡ
654 4150 685 4210 61
707 4153 785 4209 ΓΑΡ
810 4146 957 4232 ambigui
975 4145 1163 4229 haerebant,
1187 4145 1263 4230 quid

83 4267 136 4313 nos
164 4249 357 4318 confidamus
388 4254 504 4317 nostris
528 4251 618 4317 libris
641 4253 728 4316 omni
747 4272 863 4338 genere
885 4253 1039 4315 vitiorum
1062 4255 1094 4315 61
1116 4255 1263 4317 veterum

83 4357 112 4418 ct
133 4378 286 4424 novorum
309 4360 430 4444 passim
452 4355 651 4443 depravatis?
686 4354 762 4421 8166
785 4356 899 4422 mendo
922 4355 1043 4443 legitur
1067 4366 1105 4419 Σ.
1133 4355 1206 4421 188.

1083 4464 1110 4508 ar
