3086 4968
681 219 747 290 519

126 401 311 475 Graecitatis
339 408 584 506 intelligentia..
624 412 660 478 Si
695 413 813 481 dicitur
848 413 996 496 παρέχεον
1031 416 1144 496 κυρίους
1179 420 1228 485 alst
1264 424 1305 504 τῷ

126 513 247 595 δεομένῳ
272 516 491 602 coniungenda
514 523 588 583 sunt
609 518 757 598 τυρίχεον
780 521 845 598 οίεί,
870 522 954 606 quod
977 543 1051 586 cum
1069 520 1132 587 loci
1151 529 1306 592 sententia

125 641 181 684 non
204 621 346 706 quadrat.
395 619 486 700 Quod
508 629 617 689 autem
636 630 766 709 apparet
786 626 952 692 Oratorem
972 625 1089 692 dixisse
1108 630 1155 693 ita
1174 629 1304 696 demum

124 731 202 790 recte
232 727 354 791 dictum
384 729 445 792 erit
475 731 503 792 si
534 730 585 794 οίεί
615 728 749 795 articulo
779 735 984 816 postponatur
1014 733 1055 811 τῷ
1088 730 1136 795 alst
1165 731 1303 814 δεομένῳ.

124 830 264 917 Imperiti
294 832 463 911 Graeculi,
496 838 573 918 quia
601 857 665 901 non
694 838 757 921 ipsi
787 839 835 901 ita
855 836 1082 921 loquebantur,
1107 841 1307 923 transponere

124 937 195 1002 haec
227 937 345 1016 solent,
380 940 435 1004 sed
468 943 591 1006 nemini
625 943 813 1028 imponunt,
847 948 879 1006 et
909 943 1030 1027 ubique
1056 943 1142 1008 fraus
1167 944 1309 1030 perpluit

125 1045 218 1127 ipsius
241 1047 416 1110 sententiae
438 1046 566 1113 indicio.
625 1061 628 1066 ’

166 1147 325 1215 Similiter
354 1173 429 1238 pag.
462 1151 539 1217 206.
572 1152 604 1218 2.
636 1174 735 1238 quum
761 1155 936 1218 rectissime
960 1152 1138 1242 legeretur:
1164 1155 1215 1220 διὰ
1239 1156 1308 1230 τοὺς

125 1254 169 1318 cist
201 1266 395 1323 πλεονεκτεῖν
426 1259 630 1337 βουλομένους
661 1281 745 1324 nunc
777 1281 815 1325 ex
846 1256 961 1324 Oodice
985 1257 1008 1324 S
1031 1281 1177 1345 perverso
1201 1262 1309 1326 ordine

124 1359 239 1448 legitur
262 1362 311 1428 οίεί
336 1364 387 1428 διὰ
410 1365 491 1438 τοώς.

165 1571 242 1660 Pag.
278 1571 355 1638 586.
390 1573 442 1638 12.
476 1575 524 1639 δεῖ
552 1575 649 1639 τοίνυν
667 1611 710 1625 -
726 1575 801 1652 μήτ’
836 1573 918 1639 ἔλεον
948 1576 1024 1652 μήτ’
1061 1572 1155 1657 tropa
1190 1578 1307 1656 μνδένοο

124 1675 199 1752 μήτε
223 1677 337 1758 τέχνην
361 1680 515 1758 μηδεμίαν
539 1681 679 1760 εὑρῆσίοον
707 1682 796 1765 [μήτ’
817 1680 896 1746 ἄλλο
918 1680 1045 1766 μηδενί,
1066 1681 1102 1745 δι’
1121 1679 1188 1747 ίτον
1208 1709 1307 1764 τοορνο-

124 1781 182 1858 βοίς
212 1808 258 1857 τις
291 1785 363 1857 τοὺς
387 1785 493 1863 νόμους
517 1788 550 1851 οὐ
575 1785 661 1850 δώσει
685 1787 779 1861 δίκην.
827 1786 930 1853 Verba
952 1788 1027 1864 μήτ’
1050 1786 1132 1852 οίλλο
1156 1788 1250 1865 μηδέν
1274 1793 1308 1855 in

125 1887 144 1951 S
173 1893 290 1956 omissa
320 1893 354 1955 in
386 1891 457 1957 aliis
488 1898 618 1957 mutant
648 1892 754 1958 locum
786 1897 818 1956 et
841 1896 909 1958 sine
932 1897 1144 1960 controversia
1167 1900 1309 1982 expungi

125 1994 241 2061 debent.
298 1997 412 2064 Dicam
440 1999 525 2064 'unde
554 2004 630 2064 nata
660 2002 740 2063 sint:
772 2000 952 2064 nesciebant
987 1997 1137 2064 Graeculi
1170 2001 1208 2064 δι’
1240 1999 1308 2067 ίτου

125 2121 185 2168 esse
207 2125 263 2189 pro
288 2105 325 2169 δι’
351 2101 485 2183 ἧστινος,
510 2126 647 2190 namque
670 2107 723 2169 τοῦ
748 2110 778 2170 et
801 2128 854 2169 σου
876 2109 908 2169 et
930 2103 999 2170 ίτου
1022 2106 1141 2171 formas
1163 2127 1229 2172 esse
1252 2111 1308 2173 tri-

124 2205 178 2272 bus
207 2211 379 2297 generibus
411 2232 607 2277 communes.
656 2210 736 2277 Vide
758 2210 866 2277 locum
889 2211 1032 2278 Platonis
1055 2214 1113 2278 ubi
1134 2212 1308 2300 legendum

124 2313 183 2392 τερί
210 2315 313 2390 ώλλνς
338 2318 455 2382 ὁτουοῦν
479 2320 579 2398 ἀρχῆς
602 2319 636 2381 in
666 2316 735 2381 Vcr.
760 2319 853 2382 lecti.
878 2339 952 2405 pag.
980 2317 1055 2384 532.
1102 2318 1214 2404 Itaque
1231 2342 1308 2386 neu·

123 2424 205 2486 trum
232 2443 300 2488 esse
323 2425 385 2487 rati
409 2421 485 2500 μήτ’
510 2421 591 2488 σίλλο
614 2422 707 2500 μηδέν
731 2424 932 2489 addiderunt.

163 2631 241 2720 Pag.
268 2629 344 2697 586.
372 2629 422 2696 16.
451 2633 532 2710 ὑμῶν
556 2633 582 2696 οί
606 2631 746 2712 θεώμενον
769 2642 831 2705 τοῖς
857 2633 1020 2705 Διονυσίοις
1045 2632 1177 2698 είσοίντοο
1201 2637 1243 2707 είς
1272 2636 1307 2699 τὸ

122 2734 237 2817 ίίοοτρον
270 2743 376 2803 τοῦτον
407 2738 581 2819 ἐσυρίττετε
609 2737 660 2802 κοί
695 2737 844 2819 ἐκλώζετε
876 2737 927 2802 κοοί
953 2739 1060 2803 τοίντοο
1084 2731 1106 2802 cl
1130 2741 1236 2816 μίσους
1261 2742 1306 2809 ἐς)

121 2853 231 2920 σημείου
268 2846 405 2910 ἕτοοεῖτε.
462 2848 498 2909 In
531 2842 553 2910 S
589 2849 621 2909 et
656 2845 728 2910 aliis
762 2845 948 2910 melioribus
982 2865 1038 2929 pro
1074 2844 1125 2908 κοοί
1158 2842 1307 2924 ἐκλώζετε

120 2953 272 3036 scriptum
296 2957 343 3017 est
366 2951 418 3015 κκί
443 2949 640 3030 ε’κεκρνίνετε.
689 2951 806 3017 Manus
829 2950 1053 3016 Demosthenis
1076 2950 1159 3035 apud
1183 2950 1306 3036 Harpo-

119 3060 290 3123 crationem
320 3064 444 3125 servata
474 3064 522 3123 est
552 3081 590 3142 v..
609 3056 790 3138 Ἐκλώζεσε.
849 3057 985 3122 Dubitat
1019 3055 1161 3120 Dindorf.
1196 3062 1305 3124 utrum

118 3161 290 3242 ἐσυρίττετε
321 3164 373 3228 κοί
404 3165 606 3235 retinendum
635 3167 677 3228 sit
701 3186 740 3229 an
763 3185 820 3251 pro
843 3167 1123 3249 interpretamento
1146 3165 1235 3230 verbi
1258 3187 1306 3230 ra-

117 3269 206 3335 rioris
236 3268 385 3350 ἐκλώζετε
416 3271 609 3336 habendum.
658 3269 733 3336 Sine
765 3273 976 3337 controversia
1006 3276 1054 3334 est
1084 3270 1305 3335 retinendum:
1362 3325 1363 3328 ,

117 3377 287 3461 utrumque
307 3379 394 3454 enim
414 3377 493 3442 duce
513 3382 627 3442 natura
648 3378 747 3441 etiam
767 3398 851 3442 nunc
864 3375 1305 3463 explodentesfaceresolent‚

117 3477 171 3544 alii
194 3482 341 3560 sibilant,
369 3482 426 3548 alii
449 3483 500 3548 διώ
523 3490 581 3549 τών
606 3483 729 3548 ὀδόντων
753 3483 901 3565 σίζουσνν,
927 3483 1010 3567 quod
1034 3479 1158 3560 κλώζεον
1184 3489 1306 3548 veteres

117 3588 286 3672 appellant.
332 3589 466 3656 Necesse
498 3595 546 3655 est
578 3593 676 3654 etiam
707 3595 745 3655 ut
776 3592 835 3655 dcc
865 3591 961 3656 verba
983 3589 1170 3674 praecedant
1192 3610 1306 3674 nempe

117 3697 152 3756 ut
174 3701 259 3761 rente
282 3696 435 3761 addatur:
460 3696 512 3761 κυνί
537 3705 709 3770 ΠΑΝΤΑ,
735 3688 756 3761 c‘l
780 3697 888 3774 μίσους
912 3696 957 3763 ε’τί
981 3702 1115 3772 σνμεῖοο,
1141 3696 1281 3760 ἐτοοεῖτε.

160 3800 251 3880 Quod
276 3803 316 3867 ad
340 3800 493 3887 Stephani
518 3802 612 3868 Thes.
634 3826 666 3870 v.
692 3801 795 3884 κλώζο
820 3823 859 3868 ex
882 3801 1022 3867 Aristide
1039 3801 1181 3865 affertur:
1202 3801 1268 3880 συρί
1290 3839 1303 3852 -

117 3907 222 3972 τεσίοιί
255 3933 291 3972 τε
314 3908 366 3973 acl
391 3907 581 3989 κλώζεσίοοο,
607 3913 639 3974 et
664 3930 702 3974 ex
725 3908 935 3993 Alciphrone:
960 3909 1003 3984 μὴ
1028 3906 1116 3986 λοίβρ
1135 3906 1240 3986 χώραν
1263 3909 1306 3973 τώ

117 4014 208 4081 οίτοκδο
233 4015 378 4096 μενρςίκιος
402 4016 527 4098 κλώζενν
552 4019 569 4096 ἢ
598 4018 764 4100 συρίττειν,
790 4037 828 4081 ex
851 4014 1090 4080 Demosthenici
1112 4011 1175 4078 loci
1197 4015 1304 4082 imita·

117 4122 201 4188 tione
226 4123 332 4191 fiuxit.
