3052 4970
839 267 905 337 402

278 460 442 539 feruntur,
465 459 571 547 relego
595 464 627 524 et
650 459 822 548 diligenter
841 459 949 525 omnia
969 457 1149 542 considero,
1170 475 1207 523 eo
1227 458 1320 544 meme
1333 451 1420 537 nagis-

279 586 340 650 que
373 566 457 631 mihi
489 565 693 638 confirmatur
727 568 885 632 sententia
919 585 1047 641 corum,
1084 565 1140 648 qui
1174 565 1252 630 haec
1282 582 1333 627 non
1354 558 1421 622 uniet
1483 621 1485 630 ,

280 673 379 738 ἀοιδοῦ
410 675 551 738 carmina
581 693 648 738 esse
676 672 889 754 arbitrantur,
921 671 976 736 sed
1007 691 1025 735 a
1052 669 1269 755 compluribus
1288 662 1423 732 cantoribus

279 798 381 862 neque
403 781 516 844 aetatis
539 779 681 844 eiusdem
704 798 806 862 neque
828 779 950 863 patriae
975 777 1018 848 εἰς
1042 778 1097 850 τήν
1118 777 1216 851 atria
1237 773 1354 841 ὑσόόεσιν
1369 765 1423 832 eliu

280 887 456 970 composita
483 889 515 950 et
545 889 671 950 cantata
698 885 811 948 fuisse:
838 883 950 949 deinde
972 885 1007 947 in
1029 903 1133 946 unum
1156 882 1285 948 collecta
1304 883 1330 944 et
1348 872 1424 940 ordine

279 989 432 1074 disposita
455 995 493 1055 ut
516 992 558 1062 εἰς
583 982 613 1054 ἓν
637 987 793 1068 σοιμάπιον
818 989 1039 1054 coalescerent.

322 1095 388 1161 Diu
420 1095 625 1181 multumque
653 1095 826 1161 Homerica
857 1097 998 1160 carmina
1027 1093 1201 1159 lectitando
1226 1086 1425 1166 meditandoque

279 1201 339 1267 hoc
374 1202 503 1286 quidem
539 1205 616 1267 eatis
650 1202 733 1287 apud
763 1222 816 1265 me
846 1205 984 1275 constat,
1014 1220 1077 1264 non
1110 1199 1243 1264 eandem
1271 1201 1302 1261 in
1330 1185 1427 1256 divertit

282 1307 392 1379 ἀοιδοῖς
423 1309 581 1392 poeticam
611 1307 818 1389 facultatem,
842 1326 905 1370 non
927 1306 1015 1370 idem
1036 1307 1224 1392 ingenium,
1248 1325 1305 1368 non
1323 1297 1428 1362 mentem

282 1413 491 1496 diviniorem,
519 1434 581 1478 non
605 1434 639 1479 os
662 1434 781 1500 magna
806 1417 994 1477 sonaturum
1017 1412 1126 1476 tuisse.
1173 1411 1283 1476 Insunt
1303 1423 1369 1492 quae
1385 1395 1429 1462 exi·

281 1520 368 1582 mius
400 1522 432 1584 et
461 1540 607 1584 summus
638 1523 731 1604 po'e'ta
762 1521 889 1604 panxit,
914 1520 1024 1582 insunt
1048 1537 1127 1602 quae
1149 1521 1261 1603 poetae
1279 1511 1429 1580 mediocres,

281 1626 390 1688 insunt
422 1646 501 1709 quae
532 1623 758 1691 versificatores
789 1625 918 1689 minimi
947 1626 1043 1710 pretii
1068 1623 1281 1690 conflaverunt
1301 1616 1363 1684 rudi
1379 1607 1431 1674 arti·

281 1728 353 1795 ficio
374 1730 506 1795 lacinias
529 1731 682 1815 quasdam
708 1735 739 1796 et
765 1736 911 1796 centones
934 1729 1121 1795 Homericos
1140 1731 1341 1795 contexentes.
1360 1718 1431 1797 Saepo

282 1837 375 1903 video
394 1857 474 1922 quae
494 1857 641 1901 summus
661 1840 841 1902 carminum
863 1837 978 1901 artifex
991 1823 1432 1921 praeclarissimuminmodom

283 1944 394 2028 panxit
417 1963 454 2007 ea
478 1941 556 2007 alios
580 1943 754 2008 mediocres
778 1947 887 2028 poetas
911 1945 1057 2007 certatim
1083 1944 1118 2006 in
1140 1963 1209 2006 rem
1234 1961 1318 2007 suam
1339 1946 1431 1998 convcr-

284 2052 361 2114 tiese
382 2052 414 2114 et
436 2048 593 2113 imitando
618 2051 816 2133 expressisse.
863 2048 1013 2130 Proferre
1030 2046 1122 2113 lubet
1143 2068 1247 2112 unum
1268 2030 1434 2111 memorabile

283 2156 381 2219 huius
410 2157 457 2218 rei
491 2154 676 2239 exemplum
709 2160 740 2220 ct
775 2154 1012 2219 documentum.
1060 2151 1225 2219 Oecincrat
1260 2153 1389 2234 antiquus
1412 2137 1434 2199 tl

284 2258 461 2344 praeclarus
485 2259 583 2331 ἀοιδὸς
608 2270 643 2324 Ζ.
667 2258 744 2325 490.

419 2366 495 2429 ἀλλ’
519 2365 549 2438 ἐς
573 2373 663 2431 σοῖιιον
687 2369 774 2432 ἰοῦσιν
799 2367 841 2431 τά
865 2369 894 2429 σ’
918 2369 1015 2439 οούπής
1040 2365 1132 2448 faya
1159 2366 1286 2448 κομίζε,

420 2469 483 2539 ἱςόν
507 2473 536 2534 π’
560 2471 721 2547 ήλοοκάπήν
745 2497 780 2537 πε
804 2473 857 2537 aa}
881 2471 1089 2556 ἀμφιπόλοισι
1114 2471 1220 2537 κέλευε

420 2574 520 2655 repra
544 2577 743 2658 ἕποίχεσόοοι·
766 2578 902 2658 πόλεμος
926 2579 952 2642 δ’
977 2576 1115 2658 ἄνδρεσσι
1140 2579 1271 2656 μελήσει

421 2686 518 2759 πάσι,
543 2682 667 2760 μάλιςοο
693 2685 719 2750 δ’
745 2686 826 2763 ἕμοό,
854 2685 898 2750 τοὶ
923 2685 1002 2766 ειλόιρ
1027 2683 1235 2763 ε’μμεμάοοσιν.

284 2790 359 2855 hinc
382 2793 576 2875 prognatum
602 2795 648 2854 est
672 2789 731 2857 Od.
755 2815 787 2855 οι.
814 2789 890 2856 356.

422 2894 496 2958 ἀλλ’
520 2895 549 2967 ἐς
575 2903 666 2960 raiaco
691 2898 780 2961 ἰοῦσοι
804 2897 847 2962 πά
871 2895 899 2960 σ’
923 2899 1019 2970 αὐτῆς
1044 2895 1137 2977 εὲργοο
1161 2893 1286 2977 κόμιζε,

423 2999 486 3069 Ξςόν
509 3002 539 3064 π’
564 3002 725 3079 ήλοικάτήν
748 3028 783 3068 σε
808 3004 860 3068 κιο)
885 3002 1096 3082 ἀμφιπόλοισι
1121 3003 1226 3068 κόλενε

421 3106 520 3186 τόρμον
545 3108 738 3187 ἐποίχεσθαι.
761 3117 915 3174 ΜΤΘΟΟ
940 3109 967 3175 δ’
992 3094 1132 3189 ἀνδρεσσι
1155 3109 1286 3188 μελήσει

421 3215 517 3288 πάσι,
542 3212 665 3291 μάλιςοο
690 3215 714 3279 δ’
739 3217 823 3294 epol,
847 3220 901 3281 τοῦ
926 3215 990 3295 γάρ
1015 3214 1123 3294 κρότος
1148 3214 1193 3284 ἔς’
1217 3215 1259 3280 ε’νὶ
1283 3211 1365 3288 folco·

287 3325 318 3385 et
339 3319 397 3384 Od.
417 3325 455 3401 φ.
477 3316 554 3383 350.

422 3423 497 3488 ἀλλ’
524 3425 553 3497 ἐς
579 3433 669 3490 σοῖκον
693 3427 779 3491 lobon
803 3427 845 3491 πά
869 3429 898 3488 σ’
922 3427 1020 3500 οοάπής
1045 3424 1138 3506 τόρμον
1161 3423 1269 3506 κόμιζε
1278 3473 1287 3503 ,

423 3528 486 3598 ι’ςόν
511 3533 540 3594 τ’
566 3530 727 3606 ήλοικάπήν
750 3556 786 3596 τε
810 3531 862 3596 aab
887 3531 1094 3613 ἀμφιπόλοισι
1119 3529 1225 3596 κὲλενε

421 3635 520 3714 σέργον
545 3637 735 3720 ἕποι’χεσόοιι.
762 3647 911 3706 ΤΟΞΟΝ
935 3637 964 3703 δ’
989 3637 1129 3718 ἀνδρεσσι
1153 3638 1283 3716 μελήσει

423 3747 520 3818 πάσι,
546 3743 671 3821 μόλιςοο
695 3745 722 3808 δ’
747 3744 832 3823 ε’μοό,
857 3751 910 3810 ποῦ
936 3745 1000 3824 γάρ
1017 3743 1133 3825 ιοράπος
1157 3742 1202 3813 ἔς’
1226 3744 1267 3808 ἐνὶ
1291 3739 1375 3820 roim.

286 3853 319 3914 et
339 3847 397 3912 Od.
417 3862 448 3912 λ.
472 3846 550 3913 352.

686 4029 689 4037 Α
885 3958 995 4034 πομπή
1022 3957 1047 4020 δ’
1071 3954 1212 4037 ἄνδρεσσι
1235 3955 1361 4033 μελήσει

423 4063 516 4134 πάσι,
540 4058 666 4137 μάλιςοι
690 4059 718 4124 δ’
743 4061 828 4139 ε’μοό,
854 4067 907 4126 ποῦ
931 4063 994 4142 γάρ
1019 4062 1129 4143 κρότος
1155 4061 1200 4130 ἔς’
1224 4064 1266 4128 ε’νὶ
1292 4061 1378 4138 δήμῳ·

334 4165 456 4230 Suntne
478 4168 555 4231 haec
578 4169 674 4231 unius
698 4171 730 4232 et
753 4168 896 4232 eiusdem
916 4167 1038 4234 ἀοιδοῦό
1061 4173 1099 4241 ὡς
1123 4166 1233 4242 ἕκοοςος
1253 4167 1358 4233 ἕοονπδν
1375 4155 1444 4224 πείθει

290 4270 381 4345 οὕτως
415 4271 530 4352 ἐχέτω,
564 4269 701 4357 namque
731 4272 821 4338 nulla
852 4280 900 4338 est
929 4277 964 4340 in
986 4276 1037 4341 his
1061 4274 1255 4355 πειόοινάγκνρ
1279 4291 1374 4358 neque
1391 4265 1447 4329 όλδ·

290 4377 416 4457 δείξεις,
441 4379 495 4445 sed
517 4380 601 4445 mihi
624 4379 754 4466 quidem
774 4380 810 4444 hi
832 4401 943 4448 versus
963 4383 999 4446 in
1021 4381 1112 4448 Iliad.
1140 4391 1173 4448 Ζ.
1199 4370 1446 4447 succensendo·
