3096 4972
811 269 876 337 546

288 466 368 552 Pug.
401 462 478 530 691.
511 462 545 530 9.
577 460 781 548 Megarencoe
806 459 971 549 Lysandro
995 460 1116 545 potenti
1139 459 1177 522 ut
1200 475 1297 522 auum
1320 458 1424 545 guber-

246 575 388 635 natorem
418 568 615 634 Hermonem
643 567 775 630 civitate
798 566 949 630 donarent
971 565 1122 630 dicuntur
1145 562 1364 640 ἀποκρίνασθαι
1386 559 1425 627 θτι

247 671 321 740 ὅταν
356 674 468 746 αὐτοὺς
506 673 588 738 ἴδωσι
623 669 825 750 Σπαρτιάτην
861 672 955 736 αὐτὸν
988 666 1207 748 πεποιημένους
1244 667 1316 734 τθτε
1347 669 1424 734 αὐτοὶ

247 780 401 861 Μεγαρέα
429 780 616 855 ποιήσονται.
664 775 895 861 Recipiendum
920 781 969 842 est
991 797 1008 841 e
1030 775 1122 840 libris
1144 775 1229 860 quod
1251 778 1351 841 etiem
1368 776 1427 840 eino

244 886 336 952 libris
369 890 437 951 erat
466 882 719 950 restituendum:
750 879 822 945 τότε
855 890 926 946 ΚΑΙ
956 881 1043 946 αὐτοὶ
1067 881 1223 961 Μεγαρέα
1248 881 1425 956 ποιήσονται.

247 990 322 1057 Sine
352 989 466 1075 copule
496 990 561 1054 dici
589 993 694 1074 potest
724 984 796 1050 τότε
828 989 935 1067 ἡμεῖς,
967 988 1020 1052 cui
1050 986 1217 1071 respondet
1239 989 1274 1051 in
1296 988 1428 1052 oratione

244 1097 398 1162 indirecte
429 1093 501 1161 τότε
532 1099 643 1176 σφεῖς,
668 1091 721 1159 aed
747 1090 797 1156 καὶ
823 1091 918 1165 αθτθς
943 1113 979 1158 eo
1003 1113 1096 1158 sensu
1118 1091 1234 1159 rocula
1257 1092 1309 1156 καὶ
1333 1111 1428 1158 αιτιοι

246 1220 308 1267 non
330 1205 443 1286 potest.

294 1439 373 1526 Peg.
407 1438 482 1505 691.
515 1438 570 1505 28.
596 1437 752 1517 βούλομαι
776 1438 870 1518 μικροὶ
895 1438 968 1515 πρὸς
993 1439 1074 1516 ὑμᾶς
1101 1439 1208 1504 elnon
1232 1438 1428 1518 καταβαίνειν

248 1544 389 1611 desidero
417 1547 451 1609 in
481 1545 533 1612 his
563 1543 754 1612 vocabulum
785 1547 819 1608 in
843 1565 879 1609 ee
901 1563 936 1610 re
958 1545 1033 1610 addi
1059 1543 1189 1614 aoiitum
1213 1547 1246 1610 et
1267 1547 1302 1608 in
1327 1542 1427 1609 ΕΙΠθν

245 1649 349 1715 latens
378 1651 474 1730 μικροὶ
508 1651 580 1730 πρὸς
611 1651 692 1727 ὑμᾶς
721 1648 810 1714 ἜΤΙ
843 1649 943 1714 εἰπών.
974 1670 1048 1736 pag.
1081 1645 1157 1715 788.
1192 1647 1245 1713 15.
1278 1646 1309 1713 ἓν
1339 1648 1428 1713 τοίνυν

245 1757 335 1822 εἰπὼν
360 1755 404 1821 ἔτι
423 1795 463 1806 -
482 1757 525 1821 τα
553 1756 649 1821 λοιπὰ
673 1753 764 1819 ἕοθσω.
787 1775 861 1842 pag.
887 1752 963 1820 799.
990 1749 1043 1819 17.
1066 1750 1097 1818 ἓν
1118 1753 1145 1818 θ’
1169 1755 1261 1820 εἰπὼν
1284 1753 1329 1819 ἔτι
1355 1752 1428 1818 παθ-

246 1860 358 1926 σασθαι
382 1861 557 1940 βούλομαι,
581 1857 613 1926 et
637 1861 757 1945 passim
781 1859 868 1925 alibi.

291 2103 371 2189 Pag.
397 2100 473 2168 692.
501 2099 555 2166 28.
580 2100 635 2164 οὐκ
659 2101 694 2183 ἐᾷ
721 2100 877 2182 ψήφισμα
901 2101 914 2166 θ
937 2098 1023 2177 νθμος
1044 2101 1216 2181 κυριώτερον
1235 2098 1311 2168 εἶναι
1331 2101 1428 2179 νόμον·

248 2210 262 2271 θ
287 2208 311 2273 θ’
336 2205 534 2286 ὑπαρχόντων
557 2206 706 2270 τοσούτων
730 2205 826 2284 νθροων
846 2205 1003 2286 ψήφισμα
1024 2213 1106 2272 ποιεῖ
1121 2206 1218 2286 κύριον
1238 2208 1308 2282 τοὺς
1331 2208 1428 2285 νθριονς

247 2314 383 2392 ἀναιρῶν.
431 2312 617 2400 Legendum
646 2311 775 2380 videtur
805 2313 963 2393 θναιροῦν,
994 2333 1108 2399 nempe
1138 2313 1198 2378 hoc
1234 2315 1343 2399 ipsum
1376 2314 1429 2396 ψῆ-
1529 2371 1530 2380 ,

246 2425 355 2502 φισμα
379 2419 498 2486 dicitur
521 2417 591 2492 τοὺς
617 2416 723 2498 νόμους
747 2419 890 2500 θναιρεῖν.

607 2699 725 2755 ΚΑΤΑ
750 2698 1074 2756 TIMOKPATOTC.

292 2890 370 2976 Pag.
398 2886 475 2954 701.
498 2886 553 2953 29.
578 2889 639 2966 ἐγὼ
664 2888 712 2962 δὲ,
738 2889 763 2953 εἰ
788 2887 982 2969 κατώρθωσεν
1006 2889 1116 2963 ἐκεῖνος
1142 2881 1176 2966 ἣν
1200 2891 1250 2955 ἐπ’
1274 2890 1326 2971 ἔμ’
1351 2887 1429 2966 ἦλθεν

244 2997 331 3072 ’θθὸν,
355 2997 415 3075 οὐχ
439 2992 484 3058 te
508 2999 566 3058 τῶν
591 2992 680 3059 θντων
704 2995 903 3073 ιθπεςερῆρικν
927 2995 1001 3059 αλλ’
1021 2995 1081 3061 οὐδ’
1102 2994 1140 3061 θον
1159 2994 1267 3078 ἕζΗΝ.
1303 2997 1429 3064 Barbara

247 3105 350 3169 forma
380 3104 428 3164 est
462 3104 494 3164 et
523 3099 637 3164 multia
668 3104 740 3185 poet
770 3100 1019 3166 Demosthenem
1049 3101 1184 3168 saeculis
1209 3101 1429 3171 Graeculorum

246 3210 328 3275 vitio
358 3210 433 3270 nata
461 3203 548 3291 ἔζκν,
581 3208 636 3290 qui
668 3191 735 3286 ἔζνο
768 3212 800 3270 et
830 3203 881 3290 ἔζη
914 3209 1068 3271 acuatum
1099 3228 1167 3273 esse
1196 3212 1260 3274 rati
1283 3215 1320 3276 ut
1341 3207 1427 3287 eac.

247 3313 337 3387 ἔσκε,
363 3310 527 3388 ἀπέσβης,
553 3309 648 3384 iruna
673 3312 812 3396 primam
835 3331 1000 3396 personam
1025 3310 1093 3394 ἔζκν
1114 3311 1275 3380 finxerunt
1297 3322 1329 3382 et
1350 3313 1428 3394 ζῆνιιι

248 3424 280 3485 et
312 3418 376 3499 ζῆθι
407 3419 521 3483 vitiose
552 3418 708 3483 dicebant.
755 3416 841 3482 Hinc
872 3420 1078 3504 grammatici
1101 3419 1204 3484 sicubi
1227 3422 1356 3507 antiqua
1376 3421 1430 3482 im-

248 3525 385 3613 perativi
413 3520 516 3587 forme
545 3523 712 3610 legebatur
747 3522 857 3588 sedulo
891 3523 1097 3602 annotabam,
1135 3529 1173 3590 ut
1207 3527 1242 3590 in
1275 3524 1428 3613 Sophoclis

249 3631 396 3714 Ανθθροιιο
421 3626 520 3692 1194.

432 3731 559 3799 πλούτει
584 3757 620 3797 τε
642 3733 706 3812 γὰρ
730 3732 802 3798 κατ’
824 3729 901 3800 οἷιοον
925 3735 952 3800 εἰ
974 3734 1081 3813 βούλει
1105 3735 1195 3815 μέγα

432 3839 485 3903 καὶ
510 3837 545 3919 ζῆ
570 3837 711 3919 τύραννον
734 3842 835 3918 σχῆμ’
859 3838 950 3919 ἔχων.

251 3948 418 4031 adsumpsit
447 3947 617 4032 magister:
648 3951 718 4017 Ζῆτ
750 3945 818 4009 ivri
851 3950 905 4010 τοῦ
937 3944 1026 4027 ζῆθι
1055 3953 1297 4027 προστακτικῶς.
1349 3947 1427 4012 Hinc

251 4052 449 4139 collegerunt
478 4053 698 4117 Antiatticiata
722 4071 796 4139 pag.
823 4050 898 4116 100.
926 4051 978 4118 10.
1003 4058 1036 4118 et
1058 4053 1272 4143 Etymologus
1294 4053 1337 4120 M.
1361 4075 1426 4140 pag.

251 4157 327 4223 410.
361 4155 414 4222 43.
448 4164 497 4230 Ζῆ
530 4157 599 4222 ἀντὶ
630 4161 683 4221 τοῦ
717 4156 815 4236 ζῆθι.
864 4157 1027 4238 Εὐριπίδης
1060 4158 1091 4222 ἐν
1123 4158 1295 4245 Ἰφιγενείᾳ
1324 4159 1425 4247 (Your.

250 4284 298 4330 ve.
323 4259 413 4341 699).
857 4261 858 4264 ’

429 4368 504 4430 ἀλλ’
528 4364 600 4445 ἕρπε
623 4366 674 4431 καὶ
701 4365 737 4448 ζῆ
760 4369 811 4432 καὶ
836 4367 946 4447 δθρκονς
969 4367 1043 4435 οἴκει
1069 4370 1196 4452 πατρθρι
