3034 4968
787 205 853 282 iso

270 401 407 494 Legerat
434 385 586 472 Iiibanius
616 405 702 489 apud
728 406 936 472 Athenienses
957 402 1103 481 τύπτειν,
1128 403 1250 479 παίειν,
1276 391 1414 476 πατάξαι
1510 439 1511 474 ρ

225 513 277 578 ε’π1
310 512 424 594 κόρρας.
459 511 546 578 Hine
572 513 689 577 sumsit
711 511 768 576 ΠΙ.
797 508 874 576 310.
897 509 1020 593 ῥοποίλιρ
1045 512 1144 575 παίων
1169 510 1220 574 ε’πί
1246 507 1365 590 κόρρας,
1389 511 1418 570 et

227 641 261 708 se
292 617 426 686 mirifice
456 617 590 684 eredidit
613 638 679 684 esse
703 617 861 683 loentum.
896 617 996 705 Fugit
1019 637 1094 708 eum
1118 617 1157 682 de
1181 617 1273 700 οίορο
1296 618 1418 680 tantum

226 725 306 792 haeo
340 723 403 789 diei
436 744 494 809 pro
527 721 682 808 ῥαπίζειν,
718 720 909 803 κονδυλίζειν.
953 721 1006 788 Sic
1036 723 1179 789 vindicta
1213 721 1417 793 manumissi,

230 831 346 916 quibus
368 832 404 896 in
425 832 495 896 iure
518 830 668 895 dominus
691 831 810 912 alapam
834 829 963 914 inflati,
983 830 1007 894 οἱ
1029 831 1078 894 ἐπ’
1096 824 1417 912 ἐλευθερίαραπιοθέ·

229 961 282 1009 τες
306 935 516 1022 appellantur.
540 934 631 1000 Tem.
656 934 680 999 Ι.
704 933 856 1002 403.10.

274 1041 361 1106 Hine
394 1041 487 1107 facile
516 1040 713 1128 intelligitur
743 1061 840 1125 quam
872 1043 978 1125 inepte
1014 1040 1138 1105 dieatur
1174 1039 1289 1125 aliquis
1322 1039 1417 1114 elasa,
1511 1035 1512 1052 ¹

231 1146 354 1234 ροποίλῳ
365 1195 374 1225 ,
399 1147 497 1212 alicui
515 1148 634 1230 οίοραια
654 1147 830 1230 implume,
850 1166 951 1230 quum
970 1147 1012 1210 sit
1035 1146 1174 1228 πλατείρι
1198 1147 1266 1211 sive
1290 1144 1418 1224 οίιιλείςςν

230 1253 312 1336 χειρὶ
337 1252 481 1328 παταξαι
506 1253 563 1318 τινὶ
588 1255 642 1328 τὴν
667 1252 788 1330 ρνοίθον.

277 1459 369 1526 Tom.
400 1459 453 1526 IV.
486 1459 562 1526 552.
595 1462 623 1524 l.
655 1460 706 1524 τὸν
739 1459 827 1537 νόμον
852 1498 894 1509 -
917 1460 968 1526 τὸν
1000 1461 1051 1524 ὑπ’
1077 1461 1151 1540 ἐμοῦ
1176 1460 1420 1538 τεθειμένον.

231 1566 413 1634 Sexoeuties
443 1573 528 1632 reete
556 1567 695 1630 dixerat:
721 1575 822 1632 κεῖται
848 1568 861 1631 ί
886 1566 992 1645 νύμος,
1017 1566 1104 1644 νθμος
1130 1569 1187 1632 ὑπὸ
1211 1572 1264 1633 τοῦ
1289 1567 1418 1640 Σίλωνος
1512 1607 1513 1620 2

231 1673 380 1752 κείμενοι.
411 1673 504 1739 Nune
522 1671 608 1737 male
627 1677 735 1738 eontra
755 1678 881 1739 eertum
900 1678 932 1738 et
951 1678 1143 1758 perpetuum
1164 1677 1314 1740 omnium
1329 1695 1419 1740 usum

233 1778 416 1867 analogiam
438 1779 528 1864 sequi
550 1775 680 1842 maluit.

582 2025 628 2081 TI
651 2025 811 2083 ΠΑΘΩΝ
834 2053 880 2067 -
903 2017 935 2082 τί
959 2019 1074 2098 μαθύν.

279 2201 352 2268 Non
380 2206 429 2265 est
460 2199 523 2265 alia
545 2201 580 2263 in
602 2197 694 2263 libris
717 2198 911 2283 frequentior
935 2200 1076 2267 confusio
1099 2223 1196 2287 quam
1219 2205 1304 2268 inter
1327 2203 1420 2267 παθών

235 2311 268 2373 et
290 2310 393 2384 μαθών
416 2309 451 2371 in
473 2307 533 2370 hae
554 2303 706 2376 formula,
734 2326 814 2390 qnae
834 2309 961 2391 saepius
979 2308 1064 2392 apud
1082 2314 1222 2386 veteres,
1246 2312 1421 2395 saepissime

235 2412 320 2498 apud
353 2415 541 2484 recentiores
576 2411 704 2498 legitur.
754 2412 892 2479 Mirifice
925 2417 1080 2480 verietate
1114 2415 1212 2480 modo
1245 2416 1278 2480 τί
1308 2413 1419 2494 μαθύν,

236 2518 332 2584 modo
355 2520 387 2584 τί
409 2518 511 2583 παθών
535 2537 628 2582 sensu
650 2517 760 2582 eodem
784 2521 941 2604 seriptum
961 2520 1109 2586 videmus
1129 2526 1160 2586 et
1179 2524 1300 2606 passim
1318 2520 1421 2588 eodem

235 2624 305 2690 loeo
336 2629 510 2708 utrumque
539 2644 578 2688 ex
599 2621 691 2686 libris
714 2623 847 2690 diversis
871 2625 1009 2690 effertur.
1043 2626 1165 2692 Ponam
1189 2629 1249 2693 sub
1273 2648 1336 2695 uno
1357 2646 1421 2692 oon·
1515 2611 1516 2624 ¹

236 2736 347 2814 speetu
373 2734 498 2815 partem
527 2728 688 2811 locorum,
719 2730 777 2793 ubi
806 2729 960 2796 Libanius
990 2732 1050 2796 hae
1081 2733 1207 2798 dicendi
1227 2733 1331 2800 forma
1351 2749 1422 2798 usus
1515 2789 1516 2804 .

236 2843 294 2902 est.
326 2835 351 2900 1.
386 2833 463 2901 209.
496 2834 526 2898 5.
555 2835 588 2900 τί
610 2833 715 2911 μαθὼν
738 2836 781 2908 είς
801 2838 896 2901 Ἴλιον
917 2833 990 2915 aye
1015 2839 1067 2902 τὸν
1090 2840 1204 2904 Πύλιον
1227 2836 1419 2918 μέρονταςΙ.
1514 2897 1515 2900 ,

237 2937 314 3004 268.
351 2940 380 3005 4.
418 2941 450 3005 τί
484 2943 586 3006 παθὼν
618 2939 717 3012 λίθους
750 2941 801 3006 ε’π1
836 2943 928 3014 λίθοις
962 2942 1108 3021 δεικνύεις
1133 2944 1158 3010 l.
1182 2943 1260 3010 292.
1288 2946 1317 3010 1.
1341 2944 1421 3020 ἤρετο

238 3047 318 3120 τίνες
341 3045 424 3120 θντει
448 3049 501 3112 καί
525 3049 557 3112 τί
580 3046 729 3118 παθθντες
753 3048 809 3121 τὴν
832 3049 944 3114 ἐκείνου
967 3050 1141 3129 κατέχοιεν.
1165 3049 1222 3115 ΙΙΙ.
1250 3049 1303 3118 17.
1323 3050 1375 3116 21.
1391 3047 1421 3112 τί

238 3152 341 3217 παθὼν
372 3155 404 3217 ού
436 3153 558 3227 ποίντας
592 3158 665 3232 ἡμῖν
696 3153 822 3226 τούτους
855 3153 1046 3233 παρίδωκενς
1079 3154 1136 3220 ΙΙΙ.
1170 3155 1225 3222 40.
1259 3155 1288 3224 7.
1320 3157 1353 3223 τί
1378 3149 1421 3221 οὖν

238 3261 342 3337 μαθὼν
365 3260 408 3325 τὰ
432 3261 489 3336 μὲν
514 3263 556 3334 εἰς
581 3261 673 3338 μέσον
698 3260 806 3340 ἔΦερε,
831 3260 874 3325 τὰ
899 3261 929 3324 δὲ
954 3262 1189 3341 οίπεκρύπτετος
1213 3262 1269 3328 ΙΠ.
1298 3262 1371 3329 198.
1392 3261 1418 3325 9.
1514 3301 1516 3352 3

238 3367 270 3448 τί
301 3347 404 3443 μαθὼν
435 3370 553 3441 ταύτην
584 3378 654 3450 ποιῇ
686 3371 740 3443 τὴν
766 3367 849 3444 talu
874 3367 930 3432 III.
957 3366 1034 3434 379.
1062 3371 1090 3433 1.
1114 3365 1164 3442 οὓς
1187 3370 1241 3434 οὐκ
1264 3365 1318 3435 oit'
1343 3366 1374 3449 i,
1393 3391 1421 3432 τι

238 3475 399 3552 προπαθὼν
429 3470 505 3560 (leg.
538 3469 571 3549 θ,
597 3497 626 3538 τι
656 3476 731 3538 ποτὲ
762 3474 878 3553 παθὼν)
909 3471 985 3537 οὕτω
1016 3483 1130 3551 μισεῖς.
1161 3475 1214 3540 IV.
1240 3475 1295 3541 21.
1323 3476 1373 3543 14.
1392 3472 1422 3536 τί

238 3577 388 3655 μαθόντες
413 3615 456 3628 -
481 3579 563 3644 οὐδὲν
587 3585 719 3645 τοιοῦτον
743 3577 908 3658 είρμαοθες
935 3578 988 3645 lV.
1004 3579 1079 3645 161.
1095 3580 1145 3646 15.
1167 3583 1199 3645 τί
1218 3577 1268 3647 οὖν
1279 3583 1421 3659 μαθόντες
1514 3577 1516 3640 l

240 3721 283 3733 -·
308 3684 453 3761 ἦδαιεῖτες
484 3683 538 3751 IV.
572 3684 649 3753 380.
676 3685 729 3752 17.
755 3686 787 3750 τί
811 3685 846 3759 ti
870 3686 972 3750 παθών
999 3707 1058 3765 -;
1083 3685 1136 3751 IV.
1163 3685 1238 3753 454
1266 3687 1320 3756 30.
1344 3687 1373 3752 τί
1391 3684 1421 3748 δὲ

241 3791 342 3854 παθὼν
371 3791 532 3855 πολιτείαν
563 3793 721 3874 προφέρεις
750 3790 873 3877 ἑτέραν;
898 3790 951 3858 IV.
978 3789 1052 3858 677.
1078 3791 1111 3856 2.
1135 3794 1168 3882 τί
1192 3795 1227 3868 δὴ
1252 3795 1355 3859 παθὼν
1374 3792 1422 3856 ιύκ
1515 3805 1516 3844 l

240 3898 271 3959 ἐν
295 3891 336 3965 οἷς
360 3896 498 3969 ἐκέλευες
523 3896 644 3978 ἕμενον;
669 3898 882 3965 11186415.
906 3899 938 3964 τί
956 3901 1059 3964 παθίον
1080 3900 1286 3980 ούκέκύλοεν;
1310 3899 1423 3968 Eadem
1514 3917 1515 3920 ’

238 4007 287 4068 est
317 4004 352 4066 in
382 4005 512 4070 caeteris
544 4026 668 4090 quoque
702 4007 906 4092 scriptoribus
930 4011 962 4070 et
987 4007 1126 4090 antiquis
1151 4011 1182 4072 et
1205 4005 1423 4074 recentioribus
1515 4073 1516 4076 ,

237 4108 395 4174 scribendi
416 4111 638 4176 inconstantia.
673 4109 736 4177 Sed
758 4111 904 4196 equidem
927 4113 994 4176 iam
1019 4111 1097 4177 olim
1121 4117 1248 4178 secutus
1267 4134 1338 4178 sum
1356 4128 1423 4175 aue·

237 4217 401 4280 toritatem
419 4235 546 4294 eorum,
568 4220 622 4301 qui
647 4217 764 4293 παθών,
785 4217 817 4282 τί
838 4217 957 4294 παθών,
979 4211 1012 4301 θ,
1033 4241 1062 4282 τι
1084 4219 1186 4283 παθών
1205 4221 1298 4286 unios
1315 4235 1423 4284 verum

237 4341 303 4387 esse
326 4326 358 4385 et
377 4322 482 4402 μαθών
500 4325 581 4390 vitio
598 4322 651 4388 vel
672 4344 774 4388 errore
793 4327 907 4389 netum
926 4344 992 4388 esse
1005 4325 1208 4392 arbitrentur.
1233 4325 1381 4392 Dieebant
1392 4320 1424 4386 τί
