3026 4970
851 237 915 304 332

284 431 319 495 in
348 427 486 494 Praefat.
517 449 550 514 p.
579 427 664 492 LXI.
698 432 875 511 „capuerat
906 427 1071 492 Zenodotua
1103 425 1181 499 Ζεὺς
1214 425 1303 509 optor
1321 421 1415 488 ruricio

285 533 464 612 inserirur?
498 533 583 618 quod
619 555 674 598 cur
709 554 823 599 verum
858 553 925 598 esse
960 554 1024 598 non
1052 535 1152 620 possit
1183 535 1312 619 primum
1336 531 1416 594 dican.

285 642 420 730 Legitur
441 642 476 705 in
499 638 626 705 Scholio
651 639 690 704 ad
711 638 803 704 Iliad.
828 647 864 704 Γ.
892 637 970 704 280.

694 745 780 822 ὑμεῖς
805 743 950 825 μάρτυροι
975 742 1037 813 ies.

286 853 354 931 ἔνι,
385 854 507 938 inquit,
540 851 750 935 imperativus
780 855 845 916 est:
877 850 983 916 πολλοὶ
1015 848 1060 920 ἔςι
1092 850 1296 932 νιροσσοικτικοὶ
1323 849 1351 920 rie
1372 844 1419 926 apte

285 958 355 1032 τοὺς
381 957 474 1031 θεούς.

469 1068 528 1129 Ζεῦ
552 1061 666 1144 νοοῦσιν,
691 1062 780 1128 caua
803 1062 841 1127 σὺ
866 1067 955 1146 ῥῦσοιι
970 1102 1012 1114 -

473 1169 593 1244 ποίησον
617 1168 642 1233 δ’
668 1167 787 1250 οιῖῦρνν,
815 1169 862 1243 δὸς
887 1170 912 1235 δ’
937 1171 1142 1253 ὀφθαλμοῖσιν
1165 1167 1285 1234 iltutus

286 1275 400 1343 addere
422 1279 547 1361 poterat
569 1275 653 1360 quod
677 1277 827 1342 continuo
850 1279 1011 1361 sequitur:

558 1382 587 1445 ἕν
611 1381 642 1446 δὲ
667 1379 743 1464 Φοῦιι
769 1381 821 1446 aul
845 1381 980 1447 ὄλεσσον.
1009 1382 1055 1468 (Ρ.
1081 1380 1172 1466 645.)

332 1486 395 1553 Sed
418 1509 457 1552 ex
479 1487 539 1552 hac
562 1487 780 1554 observatione
802 1510 865 1555 nou
888 1488 1031 1554 multum
1055 1488 1218 1553 discimus.
1262 1483 1363 1550 Utilius
1380 1479 1425 1543 erat

286 1594 454 1659 admonere
472 1596 506 1657 iu
526 1596 666 1659 oratione
687 1594 727 1658 ad
744 1594 827 1660 Deos
846 1597 1075 1681 imperativum
1094 1597 1184 1679 poni,
1207 1594 1260 1660 sed
1277 1595 1307 1656 in
1324 1587 1426 1654 oratione

287 1699 325 1764 de
354 1699 425 1764 Diis
457 1720 634 1784 numquam
664 1702 910 1785 imperativum,
935 1700 990 1764 sed
1012 1721 1123 1782 semper
1145 1699 1300 1782 eptaticum
1319 1688 1426 1774 usurpari

288 1805 317 1868 ἕν
349 1806 406 1884 μὲν
437 1807 478 1886 τῷ
511 1805 583 1886 πρὸς
616 1806 697 1878 θεοὺς
729 1807 813 1888 λόγῳ
846 1808 886 1870 τοὶ
920 1805 1134 1885 uirorumue
1158 1807 1289 1881 citarat,
1314 1801 1338 1864 ἕν
1359 1793 1427 1872 dicul

287 1910 354 1992 capi
389 1913 457 1976 θεῶν
489 1911 532 1976 σοι
564 1911 704 1977 rainucci.
752 1912 837 1999 Ergo
861 1915 894 1976 in
918 1912 1054 1977 secunda
1076 1931 1209 1996 persona
1232 1926 1342 1993 semper
1360 1907 1428 1984 inps

286 2019 442 2096 nativum,
464 2020 498 2081 in
517 2020 612 2083 tertia
631 2018 750 2102 ubique
769 2020 950 2105 optativum
968 2017 1109 2101 videbis,
1126 2022 1164 2081 ut
1175 2019 1210 2080 in
1221 2009 1429 2098 notuprecibn:

356 2128 416 2189 Ζεῦ
441 2125 597 2202 βασιλεῦ,
623 2126 665 2190 τοῦ
689 2125 746 2203 μὲν
771 2124 865 2189 ἐσθλοὶ
890 2123 942 2188 uui
968 2121 1143 2202 εὐχομένοις
1168 2120 1378 2187 nutrierimus

356 2227 439 2308 ῦμμι
465 2231 563 2315 dehoc,
587 2231 629 2295 rol
654 2230 685 2295 δὲ
708 2230 810 2311 λυγροὶ
836 2229 888 2295 uui
914 2230 1091 2310 εὐχομένοις
1116 2229 1260 2310 deripuere.

287 2337 331 2400 sic
366 2335 449 2420 apud
480 2336 661 2402 Homerum
694 2341 758 2401 est:
792 2335 877 2414 ιῦξον
911 2337 945 2410 δὴ
980 2333 1075 2416 ἔγχος
1109 2336 1292 2414 Διομήδεος,
1322 2334 1349 2396 et
1372 2318 1432 2409 apud

286 2441 549 2525 Aristophanem:
582 2437 602 2506 ιῖ·
634 2446 711 2519 Ζεῦ,
744 2442 833 2520 μένοι
865 2441 1046 2523 βρόνσνοον,
1072 2446 1104 2507 et
1127 2442 1212 2527 apud
1234 2437 1430 2505 Pherecratem:

288 2542 310 2611 ὦ
343 2550 419 2625 Ζεῦ,
457 2586 498 2596 -
531 2546 645 2612 ῦπόσοιν
678 2547 835 2630 σχολάζῃς
868 2557 972 2631 cipro,
1005 2548 1040 2612 id
1071 2553 1118 2613 est
1148 2553 1230 2612 mitte
1251 2547 1352 2620 νοῦσον,
1372 2535 1433 2604 etin

287 2673 458 2738 puerorum
489 2655 635 2740 precibus
666 2657 817 2720 Athenis:
844 2651 930 2733 ῦοον,
956 2651 1043 2727 ῦσον,
1070 2650 1091 2718 ci
1114 2654 1192 2736 Φίλε
1218 2657 1294 2729 Ζεῦ,
1315 2654 1343 2715 et
1362 2636 1432 2719 ἔέἑλῦ

289 2755 309 2822 ὦ
333 2758 405 2838 ola'
431 2756 517 2838 ἥλιε,
543 2765 575 2825 et
597 2762 716 2844 passim
739 2760 790 2825 his
814 2761 934 2826 similia
952 2760 1115 2847 leguntur.
1151 2759 1272 2840 Quaere
1292 2748 1435 2836 exemplum

287 2866 473 2950 imperativi
510 2867 544 2929 in
580 2869 674 2931 tertia
708 2887 858 2951 persona,
894 2865 1022 2931 nullum
1057 2868 1203 2951 reperies.
1259 2864 1326 2949 Ipsa
1353 2861 1435 2922 natura

288 2971 377 3035 ducit
408 2971 447 3036 ad
478 2974 659 3058 optativum
691 2977 723 3037 et
748 2973 968 3059 exemplorum
990 2973 1084 3058 plena
1107 2977 1182 3038 sunt
1205 2973 1317 3037 omnia.
1357 2965 1435 3043 ltaque

287 3079 442 3143 vitiosum
473 3083 521 3142 est
553 3076 628 3150 Ζεὺς
661 3076 813 3153 credatu,
845 3083 877 3144 et
908 3078 1028 3143 τίσοιιτο
1059 3079 1270 3144 necessarium
1296 3093 1330 3139 ao
1354 3081 1435 3134 verum

287 3185 344 3247 est.
380 3181 464 3262 Quid
488 3188 536 3247 est
557 3184 659 3269 igitur
681 3182 876 3271 legendum?
911 3184 1018 3250 Facile
1041 3186 1178 3269 reperies
1202 3185 1258 3249 ubi
1279 3169 1435 3244 intellexeris

287 3286 372 3352 male
396 3288 502 3353 abesse
525 3287 716 3374 particulam
737 3292 771 3353 in
788 3290 974 3356 huiusmodi
993 3292 1220 3376 imprecatione
1237 3288 1309 3374 poni
1325 3280 1435 3348 solitam.
1489 3273 1490 3312 l

287 3396 326 3456 ut
348 3392 432 3478 apud
453 3393 610 3458 Plautum
633 3415 668 3459 ac
691 3393 876 3459 Terentium
901 3396 1013 3460 toties:

492 3507 551 3564 AT
577 3506 605 3564 te
628 3499 685 3563 Dc'c'
708 3500 846 3586 Deaeque
862 3499 1017 3584 perduint.

494 3612 554 3668 AT
578 3611 606 3668 te
630 3605 748 3693 Iupiter
770 3606 871 3691 Dique
893 3629 989 3671 amuco
1004 3606 1148 3689 perdant.

493 3718 553 3776 ΛΤ
577 3710 633 3774 tibi
655 3711 699 3774 Di
721 3715 842 3793 dipucuu
856 3711 957 3798 factio
980 3711 1103 3775 erilium
1125 3711 1215 3777 ductui
1239 3713 1272 3796 ¹).

328 3938 351 4004 1)
371 3939 464 3989 Tarona.
487 3939 564 3989 Andr.
582 3940 625 3990 IV.
645 3947 666 3991 1.
684 3945 725 3992 43.
743 3942 772 3991 ad
790 3954 860 4007 quarn
877 3942 956 3992 locum
973 3943 1098 3992 Donatus:
1117 3947 1180 4000 „AT
1191 3942 1329 4008 principium
1345 3935 1375 3987 ad
1387 3933 1440 3981 ἔλαθ’

287 4021 407 4087 petionem
424 4027 516 4085 aptum,
534 4025 561 4071 ut
580 4021 692 4087 Virgilius
711 4023 784 4092 (Aen.
803 4025 837 4074 ΙΙ.
856 4029 926 4087 5³5).

540 4115 586 4160 ΔΤ
603 4111 647 4160 tibi
664 4127 708 4177 pro
725 4115 824 4173 scelera,
841 4116 969 4174 exclamat,
988 4131 1032 4180 pro
1049 4115 1138 4166 talibus
1155 4118 1218 4167 ausis

539 4192 586 4250 Di,
603 4193 622 4241 ai
640 4209 686 4258 qua
704 4199 739 4244 ast
757 4198 822 4246 coelo
840 4198 927 4262 piatas,
945 4213 1004 4262 quae
1020 4199 1078 4247 talia
1094 4203 1173 4258 curat,

539 4276 674 4406 {ww
689 4282 769 4342 gratos
786 4279 870 4345 dignas
887 4285 911 4330 ct
927 4279 1030 4346 praemia
1047 4281 1150 4331 reddant

556 4369 569 4403 a
585 4369 593 4403 1
