3026 4970
636 301 700 369 261

94 491 155 552 tum
171 487 294 573 postea?
325 489 437 557 Nonne
459 491 598 577 pendent
620 491 777 557 librorum
801 494 980 577 scripturae
998 494 1037 559 ab
1062 493 1261 581 opinionibus

95 592 392 661 Grammaticorum?
427 596 464 662 In
487 599 718 682 antiquissimis
739 597 884 664 Platonis
908 604 940 663 et
962 597 1116 665 Herodoti
1139 597 1262 666 Codici-

93 700 142 764 bus
164 703 202 772 sir
227 700 341 774 κάλλος
366 703 595 784 γεγραμμένοις
619 705 726 790 abique
749 704 907 770 adverbiis
928 707 963 769 in
982 706 1076 784 -τὲρω
1098 712 1130 771 11
1154 705 1260 770 -τάτω

91 808 296 891 importunum
327 807 343 872 I
373 809 519 874 additum
550 810 713 894 videmus,
737 816 774 875 ut
797 811 973 888 1111111111,
997 810 1168 896 ἑκαςοὶτωι,
1193 837 1262 894 πορ-

85 911 226 998 parciror,
250 916 433 981 κατωτάτω
458 919 530 982 sim.
578 914 641 980 Sed
663 938 712 981 res
735 919 833 982 etiam
856 917 985 1003 longius
1008 918 1176 1003 repetenda
1203 924 1259 982 111.

90 1017 230 1084 Plurimis
254 1027 286 1086 et
308 1024 509 1109 gravissimis
532 1021 657 1087 indiciis
680 1024 757 1087 satis
780 1026 903 1087 constat
920 1024 956 1085 in
975 1026 1111 1088 vetustis
1127 1022 1263 1090 Homeri

89 1123 183 1210 libris,
202 1128 317 1211 quibus
337 1124 450 1193 critici
470 1127 677 1193 Alexandrini
695 1128 881 1211 utebantur,
901 1126 936 1191 τὸ
952 1130 1260 1209 παραγεγραμμένον

90 1231 156 1295 ἰῶτα
176 1232 238 1297 fere
262 1235 443 1318 adscriptam
466 1258 525 1299 coa
539 1233 660 1319 fuisse,
685 1239 717 1299 et
740 1233 779 1300 de
803 1235 955 1318 cuiusque
973 1231 1086 1299 Ouitioi
1105 1239 1261 1302 sententia

90 1341 214 1402 centenis
236 1337 314 1404 locis
336 1342 534 1424 pronuntiari
556 1339 703 1406 videmus
725 1344 836 1405 utrum
859 1338 913 1402 σὺν
936 1340 978 1420 τῷ
1003 1350 1034 1418 1,
1058 1343 1143 1418 μετὰ
1167 1348 1219 1407 τοῦ
1246 1352 1258 1407 1

90 1443 276 1508 scribendum
306 1449 349 1509 sit
380 1465 420 1510 an
450 1447 542 1527 χωρὶς
573 1449 626 1509 τοῦ
658 1455 690 1520 1,
725 1444 796 1509 ἄνευ
828 1449 881 1509 τοῦ
913 1455 938 1510 1.
986 1445 1135 1512 Indicabo
1159 1469 1261 1513 unum

88 1545 184 1612 locum
205 1555 242 1614 ut
265 1549 413 1616 lacunam
437 1551 612 1637 suppleam.
638 1551 678 1616 ad
701 1549 792 1614 Hiad.
818 1559 863 1615 Ω.
889 1549 920 1615 8.
945 1571 984 1616 ex
1007 1552 1189 1618 Aristarcho
1217 1554 1262 1619 af-

89 1652 192 1719 fertur:
220 1654 282 1723 ἔςιν
314 1652 362 1721 οὖν
394 1658 496 1723 διττὸν
518 1657 553 1721 πὸ
576 1660 660 1739 ῥῆμα
687 1655 832 1744 (ΠΕΙΡΩ
857 1661 889 1722 11
913 1660 1045 1741 nem)
1069 1659 1122 1721 cai
1147 1660 1181 1724 τὸ
1205 1660 1261 1736 μὲν

89 1759 135 1822 σὺν
162 1762 201 1841 τῷ
232 1771 245 1826 Ι
278 1765 576 1842 reprehendissem,
607 1766 675 1829 imo
706 1781 798 1829 vero:
824 1764 878 1828 σὺν
901 1766 942 1844 τῷ
967 1773 980 1827 1
1005 1764 1260 1844 (daphniticam,

89 1864 118 1927 ri
136 1864 163 1929 δὲ
182 1864 253 1931 ἄνευ
274 1873 327 1934 ποῦ
348 1871 374 1956 1)
397 1870 694 1950 περισπασθήσεται.
731 1869 839 1934 Multa
858 1871 960 1955 igitur
979 1869 1063 1953 apud
1082 1867 1262 1935 Homerum

88 1973 229 2040 vocabula
260 1996 297 2041 ea
329 1976 366 2041 de
393 1998 487 2042 causa
509 1976 604 2042 hodie
628 1977 830 2062 primitivam
852 1975 989 2040 formam
1013 1978 1187 2041 amiserunt
1210 1999 1263 2043 ne-

89 2076 182 2162 glecto
212 2085 244 2146 et
274 2085 392 2160 omisso
422 2086 596 2149 necessario
625 2084 712 2148 ἰῶτα.
760 2081 849 2148 Dabo
879 2103 980 2168 pauca
1009 2081 1047 2146 de
1077 2082 1204 2158 multis,
1229 2087 1263 2148 in

85 2180 192 2265 'quibus
219 2187 403 2254 Bekherum
434 2211 536 2255 errare
566 2189 668 2256 video.
716 2188 765 2252 Ex
795 2187 879 2269 Τρώς
905 2188 1059 2252 formatur
1082 2189 1199 2267 Τρωΐη,
1225 2211 1264 2254 ex

88 2287 160 2364 iude
192 2291 306 2373 δμωΐπ,
341 2316 420 2380 quae
450 2299 483 2360 in
515 2298 603 2377 Τρῳή
635 2299 667 2359 11
697 2295 781 2374 >aad
815 2293 1052 2359 contrahuntur.
1099 2293 1264 2360 Bekherus

88 2394 194 2482 ubique
225 2400 331 2480 Tpccr'
361 2399 449 2466 dedit
472 2405 503 2466 et
526 2400 638 2479 bacci.
666 2401 731 2466 vid.
756 2400 913 2465 Mnemon.
941 2399 1038 2467 1873.
1065 2421 1139 2487 pag.
1165 2398 1209 2464 54
1233 2406 1265 2466 et

90 2497 136 2565 56.
178 2505 394 2571 Admonuerat
423 2507 624 2571 Aristarchus
649 2509 687 2570 ad
713 2504 824 2592 Odyss.
852 2513 889 2569 T.
917 2505 993 2571 121.
1026 2505 1181 2583 δμωιῶν
1210 2505 1264 2570 σὺν

88 2607 124 2685 τῷ
154 2609 226 2674 ἰῶτα
257 2610 309 2676 καὶ
343 2613 588 2689 περισπωμένως.
616 2613 741 2685 θηλυκὸν
766 2610 828 2691 γάρ
853 2614 926 2680 ista.
952 2610 1044 2684 οὕτως
1069 2611 1263 2694 Ἀρίςαρχος.

87 2732 171 2779 nemo
199 2718 328 2801 praebet
359 2737 477 2781 aurem.
508 2717 611 2796 Πρώην
642 2723 690 2782 111
719 2716 810 2781 Iliad.
838 2726 876 2781 0.
902 2715 968 2784 470
992 2722 1024 2782 et
1047 2717 1134 2782 aiibi.
1160 2719 1264 2785 analo-

87 2819 136 2901 gia
157 2826 186 2885 et
207 2823 411 2888 Aristarchus
434 2820 532 2902 πρῴην
555 2824 651 2888 scribi
675 2823 797 2889 iubent.
833 2823 919 2898 Θωήν
942 2823 1084 2910 legimus
1102 2823 1193 2888 Iliad.
1221 2833 1263 2892 N.

89 2920 156 2991 669.
180 2933 211 2992 et
234 2927 347 3016 Odyas.
374 2940 407 2994 Β.
431 2927 1029 3014 19211111111111111111111111111.
1054 2928 1264 2995 Archilochus

86 3033 161 3113 apud
181 3033 291 3121 didym.
317 3044 361 3098 M.
387 3055 460 3122 pag.
487 3032 549 3119 26,
577 3033 627 3098 19.

460 3144 498 3214 ὥς
523 3139 560 3205 ἄν
584 3165 618 3205 σε
644 3141 711 3213 daia
737 3139 843 3205 acidos.

124 3241 209 3309 Iliad.
231 3255 270 3310 A.
293 3244 358 3310 129
378 3246 483 3312 rident
501 3246 681 3313 Homerum
701 3247 807 3312 Zoilus
828 3253 859 3312 et
883 3244 1081 3336 Chrysippus
1105 3249 1263 3313 dicentem

83 3342 109 3407 εἴ
129 3349 162 3412 κε’
183 3352 248 3416 ποθι
274 3354 351 3425 Ζεὺς
376 3362 484 3418 noel
511 3356 599 3420 πόλιν
624 3355 732 3435 Τροίην
757 3351 970 3431 ἐξαλαπάξαι.
1007 3354 1173 3419 Soloecum
1197 3374 1263 3420 esse

83 3455 258 3535 opinantur:
285 3458 320 3523 ri
342 3459 406 3538 γὰρ
430 3460 529 3538 δῶσι,
553 3460 654 3542 Φασὶ,
678 3459 889 3533 πληθυντικόν.
931 3460 1133 3525 Aristarchus
1156 3460 1265 3524 docuit

82 3559 270 3646 singularem
295 3585 362 3630 csse
386 3567 581 3631 coniunctivi
604 3575 737 3631 Asslcl.
762 3565 971 3650 Perspicuum
995 3571 1042 3630 111
1063 3565 1136 3630 flios
1156 3573 1264 3630 ΔΩΟΙ

81 3660 201 3751 legisse.
247 3669 313 3737 Ubi
337 3677 385 3736 est
409 3668 485 3747 dccv
510 3671 600 3738 Hiad.
626 3683 666 3738 A.
691 3671 744 3739 33.
768 3673 970 3738 Aristarchus
993 3673 1141 3738 emendat
1164 3672 1264 3750 ibant,

82 3764 166 3848 dcccv.

122 3875 210 3945 Iliad.
236 3893 275 3947 Σ.
302 3881 379 3948 407.
402 3883 540 3950 Bekker.
565 3885 704 3967 ζωάγρια
729 3885 829 3950 πίνειν.
855 3885 909 3950 sed
933 3885 1070 3962 1111111
1092 3896 1105 3950 i
1125 3885 1264 3969 ζῳάγρια

80 3979 312 4073 ὅἈρίςαρχος,
332 4011 447 4076 nempe
471 3989 541 4072 ζῷον
565 3989 725 4058 Graecum
749 3990 965 4075 11111ζῳός,
989 4012 1052 4057 non
1078 3992 1127 4080 (ut
1150 3993 1261 4081 vulgo)

80 4085 146 4167 ζῶον
170 4097 202 4156 11
224 4093 306 4176 ζωός.
354 4095 402 4161 Hx
426 4095 591 4163 Simonide
615 4098 758 4164 affertur:
1369 4101 1371 4105 ’

345 4199 402 4268 οἷον
426 4203 488 4267 τόδ’
514 4205 585 4282 ἡμῖν
610 4206 704 4283 θηρίον
728 4202 932 4286 capdavaco,

346 4309 380 4374 τὸ
406 4307 496 4389 {aior
521 4309 645 4380 asiarco
671 4308 797 4385 ἔκτηται
820 4309 900 4387 βίον.
