3096 4972
146 439 290 526 saepius,
322 457 402 523 quas
430 459 531 528 quum
564 440 606 503 sit
637 437 787 526 legitima
816 460 978 508 saeuorum
1009 444 1041 505 et
1067 440 1179 528 legum
1201 442 1340 512 formula

147 547 257 612 eadem
281 544 510 611 Demosthenes
533 544 567 610 h.
579 544 601 610 1.
626 546 677 608 uti
700 545 843 612 debebat.

190 755 271 842 Peg.
305 751 380 821 727.
415 752 469 820 16.
500 752 548 824 τίς
580 753 642 834 γάρ
675 755 708 818 οὔ
732 761 882 834 τοριεῖται
905 754 1048 835 φαύλους
1072 754 1261 834 άνόράτους,
1286 753 1335 831 οὓς

145 857 219 926 ὅταν
251 858 339 937 ὑμεῖς
370 860 665 941 άτοχειροτσνησητε
693 859 940 937 άταλλάξετοιις
977 861 1142 928 Sententia
1163 863 1333 928 manifesto

145 967 280 1051 requirit
310 965 557 1046 ἀπηλλαγμένος
589 963 672 1043 ἔται,
706 969 814 1052 itaque
846 971 973 1033 mutata
1003 967 1107 1036 vocali
1137 970 1336 1034 scribendum

146 1069 390 1150 άτΗλλάξεται.
418 1073 457 1138 cf.
483 1072 523 1139 ad
546 1092 619 1159 pag.
645 1071 720 1137 465.
746 1071 800 1138 27.

192 1283 273 1370 Pag.
306 1281 382 1351 729.
412 1282 468 1349 22.
499 1290 563 1358 τοῖς
593 1277 658 1357 otiu
693 1281 817 1362 ἀνάγκη
849 1283 891 1348 τά
915 1289 1048 1349 τοιαῦτα
1073 1284 1189 1350 διοικεῖν
1214 1287 1258 1354 e>
1285 1286 1336 1352 διά

147 1387 364 1470 ψηφισμάτων
393 1388 445 1454 καὶ
479 1388 575 1466 νόμνιν
597 1395 659 1462 τοῖς
685 1389 742 1466 μὲν
766 1389 917 1471 εἰσφέρειν
941 1391 1186 1469 ἐπιτάττοντας,
1211 1392 1279 1464 τοὺς
1304 1394 1335 1458 δὲ

147 1503 339 1575 τριηραρχεῖν
370 1493 569 1571 κελεύοντας,
601 1494 671 1567 τοὺς
703 1494 734 1560 δὲ
764 1504 864 1562 τλεῖν.
911 1495 999 1562 Male
1023 1497 1126 1563 divisa
1148 1499 1227 1563 haec
1250 1504 1336 1564 sunt.

148 1600 332 1681 Quaesivit:
363 1607 425 1673 τοῖς
456 1597 505 1666 οὖν
536 1599 660 1679 ἀνάγκη
684 1601 726 1666 τά
751 1607 884 1666 τοιαῦτα
908 1602 1026 1668 διοικεῖν
1050 1603 1131 1680 istm
1157 1610 1189 1668 et
1212 1624 1336 1688 respon-

149 1707 213 1771 dit:
240 1704 531 1788 exconcubina
554 1707 607 1772 καὶ
631 1705 728 1787 νόμον
752 1709 818 1774 ari.

193 1917 272 2005 Peg.
307 1915 383 1982 730.
415 1915 445 1983 5.
476 1923 538 1990 τοῖς
562 1916 606 1982 τά
628 1919 784 2000 χρήματα
807 1916 1013 1998 εἰσπράξομεν
1037 1919 1091 1985 ε’άν
1115 1917 1223 1992 iaceas
1248 1920 1337 2000 ὀφλι·

148 2023 266 2090 σκάνον
290 2023 469 2102 ἕρηννητάο
493 2024 612 2105 καόιςρῑ.
659 2024 779 2090 Melius
801 2027 835 2089 in
858 2024 930 2090 aliis
952 2025 1042 2091 libris
1063 2024 1184 2112 legitur
1204 2025 1257 2090 ἕάν
1280 2022 1335 2097 εἷς

147 2128 267 2204 ἔνατος.
315 2131 353 2195 ln
376 2129 400 2196 S
421 2132 517 2217 periit
543 2139 607 2194 ele
630 2131 669 2196 ob
693 2151 825 2215 sequens
850 2139 1073 2208 eleAcToc,
1097 2137 1135 2197 ut
1154 2134 1336 2217 saepissime

147 2247 173 2301 Κ
197 2239 231 2302 in
254 2247 293 2302 lc
316 2236 498 2303 resolvitur.

193 2342 372 2416 Praesentis
395 2343 498 2408 forme
520 2342 714 2424 ὀφλισκάνοι
738 2344 846 2430 arguit
869 2364 1006 2410 errorem
1026 2342 1256 2412 Graeculorum
1281 2348 1336 2430 qui

149 2470 251 2535 quum
274 2447 378 2529 ὄφλοι,
399 2447 506 2531 torsa
516 2495 526 2527 ,
547 2447 653 2529 ὀφλει,
677 2447 822 2529 ὄφλουσιν
841 2450 903 2535 ipsi
924 2450 1063 2516 dicerent
1081 2472 1138 2536 pro
1159 2451 1334 2532 ὀφλισκάνω

147 2558 182 2620 in
214 2556 362 2620 omnibus
391 2553 563 2621 (lodicibus
592 2553 699 2636 ὀφλειν
730 2560 762 2620 et
791 2554 896 2635 ὀφκον
926 2559 1040 2622 vitiose
1069 2558 1247 2624 scribebant
1280 2581 1337 2644 pro

147 2665 257 2745 ὀφλεῖν
280 2666 313 2727 et
336 2657 458 2743 ὀφλών,
484 2682 579 2746 quem
599 2661 892 2745 frequentissimum
913 2682 1050 2727 errorem
1070 2664 1104 2726 in
1123 2662 1336 2731 Demosthene

145 2771 271 2855 primus
301 2771 447 2834 omnium
476 2767 658 2834 Dindorfins
687 2769 840 2850 correxit,
874 2787 1067 2851 quamquam
1091 2770 1208 2851 passim
1233 2771 1336 2834 mani-

146 2876 264 2940 festum
296 2880 344 2940 est
374 2883 539 2940 ΟΦΛΕΙΝ
571 2878 603 2939 ct
636 2881 793 2938 ΟΦΛΩΝ
825 2872 864 2937 de
893 2893 927 2936 rc
956 2876 1082 2956 peracta
1113 2877 1145 2937 et
1167 2877 1336 2957 praeterita

146 2984 232 3067 poni.
277 2981 386 3058 Etiam
416 2981 600 3047 manifestos
630 3001 748 3046 errores
778 2979 816 3044 de
847 2999 961 3065 genere
989 2978 1048 3043 hcc
1071 2980 1243 3063 exstirpare
1265 3001 1335 3065 per-

146 3085 275 3152 difficile
310 3091 367 3151 est.
431 3085 531 3152 Video
564 3087 775 3158 novissimum
811 3084 952 3170 ὀροηοοιόὀ
985 3083 1143 3152 Platonici
1178 3085 1331 3151 editorem

146 3192 333 3279 perdoctum
375 3195 483 3258 virum
517 3191 700 3280 Rettigium
737 3190 853 3269 ἔρεσθαι
887 3211 944 3276 pro
980 3189 1096 3269 ὲρόσόαι
1132 3192 1267 3258 scribere
1301 3199 1334 3257 et

147 3298 351 3377 καταδάρόειν
380 3318 437 3383 pro
468 3297 687 3377 concientiis,
714 3300 804 3383 quasi
827 3295 895 3362 ulla
918 3297 956 3362 de
979 3297 1091 3362 formis
1113 3295 1333 3375 καταδαρθάνει

146 3411 180 3470 et
203 3403 384 3482 κατέδαρθον
408 3424 474 3468 esse
497 3405 597 3488 possit
621 3403 789 3469 dubitatio.
837 3400 934 3486 Sequi
956 3401 1077 3487 placuit
1100 3403 1209 3468 futiles
1229 3424 1336 3490 gram-

146 3513 281 3576 maticos
304 3529 411 3576 caecos
435 3510 530 3576 duces
552 3509 671 3593 passim
690 3511 724 3573 in
742 3507 921 3574 manifestis
941 3510 1098 3574 erroribus
1118 3509 1332 3594 deprehensos.

191 3718 272 3808 Peg.
298 3718 373 3786 730.
397 3719 450 3785 29.
476 3719 527 3785 διά
550 3717 646 3785 τοίνυν
670 3722 724 3784 τοῦ
747 3717 838 3798 νόμου
861 3717 968 3784 τούτου
992 3720 1150 3786 διοικεῖται
1172 3717 1215 3783 τά
1238 3718 1331 3785 κοινά.

147 3824 190 3890 τά
219 3825 283 3905 γάρ
314 3826 356 3897 εἷς
386 3825 446 3898 τὰς
478 3824 644 3899 ἐκκλησίαι
676 3824 727 3890 καὶ
758 3825 817 3897 τάς
849 3824 953 3897 ὀνσίας
986 3825 1037 3890 καὶ
1063 3825 1255 3903 stationalis
1280 3825 1331 3891 καὶ

147 3931 218 4003 τοὺς
242 3931 358 4003 iacias
383 3930 435 3995 aui
457 3925 566 3996 τάλλα
588 3929 731 4010 χρήματ’
756 3929 988 4007 άναλισκόμενα
1012 3927 1097 4003 odric
1123 3931 1182 3997 ἐσθ’
1207 3931 1219 3997 ὀ
1246 3931 1333 4010 νόμοο

148 4037 162 4101 ὀ
186 4043 276 4102 τοιῶν
299 4036 577 4117 τροσεντορεῖσόαι.
611 4035 808 4102 dinumerans
832 4039 951 4107 omnia.
978 4039 1013 4101 in
1035 4057 1115 4121 quae
1138 4039 1272 4122 pecunie
1295 4059 1334 4105 ex

147 4144 267 4208 aerario
299 4144 546 4226 attribueretur,
575 4159 677 4207 unum
701 4164 738 4232 ex
763 4143 962 4229 gravissimis
986 4144 1111 4221 omisit,
1136 4146 1227 4210 cuius
1249 4167 1337 4211 men-

147 4251 269 4315 tionem
292 4269 356 4314 non
379 4249 418 4315 ab
443 4248 573 4314 Oratore
596 4250 853 4334 praetermissam
877 4269 943 4314 esse
966 4248 1021 4314 sed
1044 4249 1218 4315 scribarum
1237 4250 1338 4338 negli-

146 4357 259 4446 gentia
288 4355 420 4441 periisse
446 4353 624 4421 luculenter
646 4353 806 4422 declarant
830 4376 867 4420 ea
890 4373 970 4439 quac
993 4355 1141 4418 continuo
1163 4362 1337 4444 sequuntur
