3026 4970
797 234 863 300 314

231 427 326 495 tionis
355 427 492 493 haberet.
520 424 580 490 eea
606 426 690 511 apud
713 445 770 490 nos
794 428 871 492 satis
895 429 1017 492 constat
1040 447 1142 512 neque
1165 426 1343 493 Homerum
1361 445 1401 491 ne

231 555 292 620 que
322 533 424 599 alium
447 551 641 617 quemquam
665 531 722 595 ubi
736 532 884 616 fcturum
908 535 950 596 sit
972 535 1185 597 necessarium
1208 535 1312 618 inepte
1332 554 1403 617 prce·

230 663 297 704 serra
321 643 350 704 ei
372 639 574 703 substituere.
609 637 646 700 In
669 639 801 702 caeteris
825 638 929 703 forma
949 640 1040 704 verbi
1061 641 1227 726 magistris
1249 641 1403 724 imposuit,

231 751 269 810 ut
294 743 460 821 τελέουσιν,
487 743 631 822 ε’ρύινσιν,
658 742 788 826 γαμέω,
813 743 941 808 recator.
981 744 1018 807 In
1042 745 1159 824 Φνιείνιι
1183 745 1272 809 nulla
1294 749 1340 810 est
1360 744 1406 808 du-

231 853 345 917 bitatio
370 853 446 935 quin
470 851 512 914 sit
535 869 572 914 ea
592 849 757 931 proesentis
781 851 934 934 temporis
953 850 1064 914 forma.
1089 851 1250 915 Futurum
1271 855 1317 915 est
1336 847 1405 935 apud

232 956 413 1024 Homerum
436 953 562 1036 φκνὲνι,
587 954 715 1034 Φιινέει,
739 962 853 1039 φανεῖ,
877 956 1053 1037 Φκνεῖσύιιι.
1078 955 1191 1043 Odyss.
1216 965 1263 1021 M.
1288 955 1360 1022 230.

437 1059 516 1126 ἔνύεν
541 1059 603 1141 etp
627 1084 680 1138 μιν
704 1061 838 1139 ἐδέγμην
862 1067 967 1141 πρῶτον
990 1063 1225 1143 Φνινεῑσύσιι.

234 1175 266 1236 et
288 1169 380 1234 Iliad.
405 1165 445 1231 T.
473 1164 547 1231 104.

393 1270 488 1354 ἄνδρα
512 1270 631 1352 Φύωσδε
655 1270 823 1350 procrees
847 1273 1004 1339 Εἰλείθυιαι
1029 1272 1241 1355 Ἐκφιινεῖ.

284 1379 368 1459 Quid
397 1375 521 1442 multa?
544 1377 582 1444 In
604 1377 740 1443 Homeri
761 1378 830 1443 loco
855 1381 972 1444 vitium
995 1379 1075 1445 latet
1097 1379 1184 1444 facili
1206 1381 1333 1468 negotio
1354 1377 1408 1442 eri·

234 1485 400 1551 mendum.
425 1484 475 1549 Ad
494 1483 528 1548 id
548 1483 845 1568 deprehendendum
866 1505 959 1570 opem
978 1486 1058 1551 ferat
1076 1485 1237 1552 Homerus
1249 1489 1315 1572 ipse
1326 1483 1405 1550 iliad.

234 1603 273 1658 Π.
301 1590 377 1657 129.

417 1695 504 1761 δύσει
527 1693 648 1774 τεύχεσι
671 1695 801 1768 ύιῖσσσν,
826 1697 887 1773 ἐγὼ
910 1697 943 1762 δέ
967 1721 1002 1760 κε
1025 1700 1100 1763 Aede
1124 1698 1247 1779 ἀγείρω.

235 1805 292 1870 ubi
316 1808 500 1869 annotatur:
526 1802 692 1880 ιὶγείρωε
718 1801 825 1876 ὁμοίως
857 1803 899 1882 τῷ
924 1803 1037 1882 ἀγείρω
1064 1803 1141 1891 (leg.
1166 1805 1291 1888 ύρερῶ).
1316 1803 1407 1871 ε’νεςὼε

236 1909 298 1990 yolo
323 1911 365 1978 ε’ςι
391 1909 546 1987 σιρμιιίνιιν
570 1905 739 1983 adiacere.
766 1903 865 1987 ὥσπερ
889 1908 941 1972 uel
966 1909 1017 1972 ἔνι’
1042 1908 1145 1975 ἄλλων
1173 1909 1369 1991 παρεθέμεθα.

485 2016 547 2092 ἐγὼ
573 2013 604 2077 δέ
628 2015 656 2078 κ’
681 2011 749 2090 ἄγω
774 2013 918 2092 Βρισκύδνι
944 2014 993 2102 (ΙΙ.
1017 2024 1058 2081 A.
1087 2013 1176 2102 184.)

374 2117 392 2198 ἦ
415 2120 505 2198 μένει
528 2118 632 2191 σε’νύσς
656 2119 810 2200 Ἀχιιιΐδιι
834 2127 931 2197 ysico
954 2121 1059 2185 ι’κνῖνει
1074 2121 1178 2202 (lliad.
1204 2131 1241 2186 H.
1269 2119 1333 2186 124

239 2225 314 2293 νύσιν
340 2227 391 2290 καὶ
416 2227 451 2291 τὸ
475 2227 658 2305 ἐρύουσιν
681 2223 758 2306 ἔχει.
783 2222 859 2289 cliro
884 2225 914 2290 δὲ
944 2228 996 2290 καὶ
1022 2227 1217 2307 Ἀρίςιιρχσς.
1251 2225 1409 2292 Herodian

236 2335 314 2398 haec
349 2337 440 2416 sunt,
476 2335 532 2416 qui
552 2331 669 2416 ,multo
699 2331 772 2415 plus
804 2331 980 2396 eruditione
1012 2353 1108 2416 quarn
1137 2334 1257 2398 iudicio
1285 2331 1405 2398 valebat

235 2438 317 2504 Vide
344 2439 428 2502 mihi
450 2442 488 2500 ut
510 2439 643 2501 misceat
667 2438 791 2501 omnia:
818 2437 948 2517 ε’ρύσνσιν
972 2443 1020 2502 est
1033 2439 1199 2523 fcturum:
1222 2437 1317 2503 ι’κύνει
1332 2455 1406 2520 pree·

236 2567 302 2610 cccc
326 2548 374 2608 est
397 2542 480 2628 quod
504 2544 660 2606 sententia
682 2542 837 2625 postulat:
862 2545 945 2607 odeat
968 2544 1092 2608 malum
1116 2566 1152 2610 ac
1176 2536 1310 2610 dedecus
1326 2541 1404 2608 Achi-

236 2670 369 2726 vorum,
403 2654 434 2712 et
458 2651 492 2711 in
519 2648 580 2724 ἐγὼ
605 2645 638 2712 δι’
660 2651 697 2711 Κ’
721 2645 809 2731 eya,
835 2654 867 2713 et
891 2650 950 2726 ἐγὼ
977 2650 1007 2714 δέ
1034 2659 1087 2713 ΚΕ
1113 2649 1187 2714 auto
1212 2651 1340 2729 ιέγεύρνι,
1361 2667 1405 2732 pe

236 2755 402 2820 tentialem
427 2751 576 2819 voculam
600 2762 654 2817 ΚΘ
676 2753 770 2838 plane
796 2754 950 2841 neglexit.
986 2755 1153 2822 Praeterea
1177 2761 1304 2842 apparet
1325 2773 1405 2839 quam

235 2861 318 2926 nihil
351 2861 505 2945 excerptis
534 2858 709 2924 Herodiani
733 2859 770 2924 de
793 2861 976 2925 Aristarcho
1000 2865 1042 2925 sit
1066 2862 1267 2927 credendum.
1291 2858 1357 2926 ούσιι
1377 2857 1401 2920 l*

236 2967 288 3033 κιιὶ
325 2968 527 3047 Ἀρίςκρχσς,
556 2967 670 3050 inquit.
713 2966 890 3031 Aristarchi
921 2970 1076 3032 sententia
1099 2969 1184 3053 apud
1207 2969 1402 3034 Aristonicum

237 3075 313 3140 haec
337 3078 403 3138 est:
427 3073 468 3137 ad
491 3071 529 3137 Π.
553 3082 590 3136 A.
617 3069 692 3135 184.
718 3073 735 3145 ἡ
761 3070 854 3147 διπλῆ
879 3066 924 3136 ύσι
945 3071 980 3135 τὸ
998 3071 1082 3150 ἔιγω
1104 3076 1173 3139 ἀντὶ
1194 3078 1248 3138 σού
1267 3073 1400 3151 ύγνιρι.

237 3186 269 3246 et
299 3179 337 3245 Il.
362 3191 400 3244 Π.
428 3177 503 3243 129.
530 3178 547 3251 ἡ
571 3178 665 3249 διπλῆ
690 3172 734 3242 ύσι
760 3177 828 3241 ἀντὶ
853 3182 905 3242 τσῦ
931 3178 1164 3258 ύγεύρνιιριι.
1202 3181 1253 3245 Ad
1273 3181 1345 3245 hanc
1362 3173 1401 3238 lu·

235 3307 305 3351 cem
328 3284 419 3351 facile
442 3290 490 3350 est
513 3284 694 3351 emendare:

394 3389 526 3464 δύσσιιιιι
551 3393 593 3464 εἷς
620 3390 756 3457 Ἀ’ύδΕΩ
781 3391 836 3458 ιιιιί
858 3395 895 3458 Κ’
920 3391 950 3457 ἕν
976 3393 1113 3459 νεκύεσσι
1136 3394 1264 3475 φιιεύνιι.

235 3498 420 3584 planissime
443 3502 481 3562 ut
502 3496 592 3563 Iliad.
618 3509 658 3563 A.
683 3497 757 3564 184.
1215 3508 1217 3512 ·

605 3603 740 3683 πέμψω,
765 3604 825 3681 ἐγὼ
850 3604 882 3669 δέ
905 3611 941 3672 Κ’
966 3605 1049 3685 ν’ύγω,

237 3711 385 3777 futurum
418 3715 449 3776 et
480 3714 535 3775 ΚΕ
558 3729 631 3775 cum
656 3711 839 3775 σννιύιιιισύύνο
862 3717 900 3776 ut
923 3712 1016 3798 plane
1041 3712 1213 3792 ἰσσδύνκρισι
1237 3705 1399 3798 composuit.

236 3815 301 3883 Ubi
325 3815 423 3882 semel
445 3815 480 3881 in
499 3817 552 3881 aa!
571 3816 608 3880 K’
630 3817 659 3880 ἕν
681 3816 818 3880 νεκύεσσι
839 3816 1038 3905 negligentia
1057 3822 1093 3884 K’
1113 3821 1293 3904 intercidit,
1312 3816 1400 3882 statim

237 3922 433 3989 tralaticium
457 3925 499 3995 εἰς
525 3922 654 3988 'aleno
678 3926 813 4007 irrepsit.

283 4029 410 4094 Addam
440 4028 502 4094 duo
533 4028 678 4113 exempla
709 4029 852 4094 eiusdem
880 4030 1116 4114 compositionis
1140 4036 1227 4096 certa
1249 4036 1279 4097 et
1299 4023 1402 4094 indubi-

236 4140 313 4201 tata.
355 4133 632 4212 Quemadmodum
664 4135 763 4199 dixit:
798 4136 858 4212 ἐγὼ
891 4135 922 4199 δέ
952 4145 1006 4200 ΚΘ
1036 4139 1113 4201 tadu
1136 4139 1266 4218 ἀγείρω,
1290 4141 1332 4201 et:
1354 4126 1401 4206 ἕγύ

238 4240 269 4306 δέ
301 4241 338 4305 Κ’
369 4237 459 4316 eya,
492 4244 525 4304 et
554 4239 609 4304 κιιύ
636 4241 673 4304 Κ’
698 4241 727 4303 ἐν
752 4240 890 4306 νεκύεσσι
914 4242 1047 4327 φαείνω,
1073 4245 1118 4308 sic
1142 4249 1174 4308 et
1196 4246 1232 4308 in
1254 4241 1355 4327 odyss.
1374 4241 1400 4295 Ρ·

239 4344 316 4414 4re.
339 4344 476 4436 regatur:
