3096 4972
679 245 749 324 v523

127 443 295 530 supposuit.
333 437 378 508 Ut
400 463 491 528 saepe
513 442 630 508 κελεύει
654 449 686 510 et
705 445 827 512 ἐκέλευε
848 446 967 510 scimus
985 443 1171 531 interpolari
1194 442 1310 528 solere,

128 554 170 615 sic
192 553 290 616 etiam
312 569 546 634 supervacuum
568 549 716 630 ἐνόμιζεν,
742 554 865 629 ἡγεῖτο,
891 549 964 632 ᾤετο
985 553 1120 617 orationi
1137 550 1311 616 indirectae

129 657 214 722 scioli
237 657 357 722 addunt
381 656 418 720 de
440 676 508 720 suo.
545 656 667 721 Pendet
690 658 750 722 δεῖν
774 680 812 722 ex
835 657 1034 743 praecedenti
1058 659 1164 734 ἡγεῖτο
1187 658 1221 719 in
1242 677 1311 722 ver-

129 764 191 828 bis:
217 760 337 827 ἔσεσθαι
361 761 493 834 πολλοὺς
518 764 658 842 πονηροὺς
684 761 806 841 ἡγεῖτο,Δ
826 801 867 810 -
885 762 955 835 τοὺς
980 762 1101 834 ἰδιώτας
1125 764 1157 826 οὐ
1187 762 1309 835 δονήσε-

129 872 194 935 σθαι
213 868 451 947 -λαμβάνειν
479 866 573 942 δίκην.
605 867 666 933 δεῖν
698 869 729 933 δὲ
760 870 877 947 μηδένα
909 869 1122 950 άποςερεῑσθαι
1148 874 1200 934 τοῦ
1225 866 1308 941 δι’κης

130 1000 245 1057 τνχειν.

169 1232 247 1320 Peg.
280 1230 356 1296 602.
391 1230 443 1296 12.
476 1234 493 1307 ἢ
518 1228 612 1307 δεῖξον
637 1233 669 1296 οὐ
692 1231 881 1307 πεπονηκότα
905 1235 1009 1296 ταῦτα
1033 1231 1160 1296 σεαυτὸν
1186 1229 1202 1304 ἢ
1228 1229 1311 1305 δίκην

130 1335 227 1420 ὕπεχε
258 1347 296 1404 el
321 1336 491 1420 γέγραφάς
516 1362 546 1402 τι
570 1341 702 1411 τοιοῦτος
726 1337 774 1403 ὤν.
822 1337 874 1404 Sic
896 1339 972 1403 libri
995 1357 1105 1403 omnes
1127 1341 1251 1422 praeter
1272 1335 1315 1406 6,

128 1445 161 1508 in
189 1464 252 1529 quo
283 1445 439 1529 scriptum
463 1447 511 1509 est
533 1440 635 1522 ὕπεχε
658 1439 695 1508 ὧν
720 1444 891 1525 γέγραφάς
914 1468 955 1509 τι.
1001 1443 1143 1508 Dindorl
1169 1438 1207 1506 ὧν
1230 1463 1314 1508 rece-

128 1552 182 1634 pit.
229 1549 329 1615 Recte
350 1550 384 1614 id
407 1549 537 1634 quidem
560 1549 615 1615 sed
638 1550 749 1614 eadem
773 1571 866 1636 opera
889 1575 918 1616 τι
943 1556 1137 1636 expunctum
1156 1551 1312 1635 oportuit:

129 1655 207 1732 δίκην
232 1653 335 1737 ὕπεχε
359 1652 396 1720 ὧν
421 1655 591 1738 γέγραφας
615 1661 747 1727 τοιοῦτος
770 1656 816 1721 ὕν.

961 1819 962 1824 1
1146 1800 1163 1840 ι

169 1896 250 1984 Pag.
276 1893 351 1959 606.
377 1893 409 1959 4.
435 1893 493 1959 κάν
517 1903 602 1973 μΕΝ
625 1893 793 1960 ἘΝαντιΆ
817 1893 932 1973 Λέγειν
954 1898 1019 1978 φῇ,
1043 1893 1160 1972 μηδένα
1183 1896 1209 1958 δ’
1229 1894 1313 1976 αὕτῷ

127 2003 295 2068 πείθεσθαι.
340 2000 526 2085 Requiritur
556 2002 743 2084 discacoderc,
774 2021 837 2066 non
866 2009 1016 2066 contrario
1047 2001 1158 2067 dicere.
1205 2000 1317 2085 Itaque

129 2131 164 2174 11
188 2110 261 2175 aliis
285 2108 375 2174 libris
398 2109 617 2193 recipiendum
640 2106 697 2173 κοῦν
720 2107 777 2184 μὲν
800 2107 1040 2185 ἀντιλέγειν
1063 2113 1122 2190 φῇ.
1172 2107 1269 2193 Saepe
1293 2105 1316 2171 S

127 2220 182 2280 aut
212 2215 301 2282 solus
324 2219 380 2280 aut
404 2235 478 2279 cum
500 2217 611 2301 paucis
634 2215 706 2281 aliis
729 2214 858 2280 exhibet
880 2213 1032 2280 lectiones
1052 2213 1221 2280 manifesto
1242 2215 1317 2280 viti·

128 2343 194 2388 osas
217 2321 340 2390 veluti:

126 2450 196 2518 pag.
225 2427 302 2493 605.
327 2425 380 2493 28.
407 2435 564 2509 συνεργεῖν
586 2447 642 2514 pro
666 2435 809 2508 συνερεῖν.

158 2583 174 2614 „
228 2534 304 2601 612.
328 2532 360 2599 8.
384 2534 418 2598 τὸ
442 2533 470 2599 δ’
497 2530 573 2598 εἶναι
597 2554 653 2619 pro
676 2533 711 2597 τὸ
734 2533 828 2599 δεῖνα.

157 2690 174 2720 „
227 2639 303 2706 615.
328 2638 360 2705 8.
386 2640 534 2712 πλεῦςοις.
558 2660 615 2726 pro
637 2644 715 2705 πᾶσι
739 2648 812 2710 τοῖς.

125 2747 338 2833 similiterque
361 2749 395 2811 in
418 2749 548 2813 caeteris
569 2746 775 2813 orationibus.

170 2989 254 3076 Pag.
285 2987 361 3053 606.
396 2985 448 3052 13.
472 2987 594 3064 ὀλίγους
620 2983 783 3063 εἱσπράξαι
805 2986 899 3067 φάσει
924 2985 1030 3050 πολλοὶ
1053 2984 1209 3066 χρήματα
1233 2984 1319 3048 άναι-

128 3096 184 3168 δῶς
217 3097 250 3159 οὐ
281 3093 430 3166 τιθέντας.
462 3093 515 3158 καὶ
547 3093 749 3172 κατηγορήσει
781 3091 897 3157 τοῦτοον
928 3095 1067 3173 πρᾶγμα
1097 3091 1195 3175 ῥᾴδιον
1229 3083 1316 3167 οἶμαι

127 3199 377 3283 διαπραξάμενος
413 3201 482 3285 [τῶν
513 3201 557 3278 μὴ
584 3199 723 3264 τιθέντων
743 3198 802 3270 τάς
829 3199 991 3282 εἰσφοράς]
1016 3197 1068 3263 καὶ
1092 3200 1187 3279 φάσει
1211 3199 1318 3262 πάσαν

127 3307 237 3374 άδειαν
268 3306 388 3372 ἔσεσθαι
420 3310 472 3370 τοῦ
504 3308 548 3384 μὶρ
584 3306 695 3371 τιθέναι
731 3306 790 3379 τάς
826 3306 971 3386 εἰσφοράς
1006 3306 1031 3369 ri
1064 3303 1318 3385 καταψηφιεῖσθε

127 3418 237 3481 αὐτοῦ.
283 3413 362 3494 Quis
390 3417 459 3478 tam
489 3413 603 3478 duram
633 3413 729 3478 habet
760 3433 870 3477 aurem
902 3416 939 3475 ut
965 3411 1045 3476 ferre
1069 3411 1169 3495 possit
1192 3414 1250 3474 τῶν
1274 3411 1317 3488 μὴ

128 3521 269 3588 τιθέντων
300 3521 360 3591 τάς
391 3517 556 3600 εἰσφοράς,
591 3539 691 3603 quum
723 3519 871 3583 continuo
898 3521 1048 3602 sequatur
1072 3515 1177 3582 άδειαν
1200 3519 1252 3580 τοῦ
1276 3518 1320 3594 μὴ

128 3629 244 3694 τιθέναι
267 3626 326 3698 τάς
350 3623 517 3708 εἰσφορά11
562 3626 730 3690 Praeterea
752 3623 810 3688 illa
830 3624 928 3691 uerba
951 3631 1026 3688 sunt
1049 3643 1175 3708 prorsus
1203 3624 1322 3706 otiosa,

128 3738 207 3820 quia
236 3732 350 3798 τούτων
380 3733 420 3798 ad
451 3732 671 3819 praecedentia
703 3731 845 3796 refertur.
892 3729 1004 3814 Itaque
1039 3729 1183 3794 Dobraoo
1219 3749 1322 3792 assen-

128 3841 276 3906 tiendum
312 3841 368 3924 qui
398 3839 475 3904 haec
506 3840 647 3924 expungi
676 3839 780 3901 iussit.
828 3835 919 3901 Idem
949 3857 1005 3921 pro
1037 3834 1171 3901 absurdo
1205 3835 1321 3899 aoristo

129 3943 380 4024 διαπραξάμενος
403 3965 549 4030 praesens
574 3943 834 4024 διαπραττόμενος
858 3943 1039 4028 reponebat.

177 4050 359 4118 Dindorfius
389 4053 495 4116 nescio
527 4050 684 4136 quomodo
708 4050 940 4115 observationes
963 4048 1117 4125 Dobraei,
1143 4065 1204 4130 quo
1228 4067 1323 4113 nemo

130 4159 247 4226 melior
275 4158 484 4224 Demostheni
513 4160 667 4242 interpres
691 4162 722 4222 et
745 4155 928 4221 emendator
951 4156 1087 4241 obtigit,
1114 4155 1160 4218 ita
1183 4151 1324 4240 negligit

131 4270 171 4330 ut
202 4285 254 4329 eas
285 4263 350 4329 fere
379 4266 526 4352 ignorare
554 4263 716 4341 videatur,
752 4281 852 4346 quum
876 4261 963 4326 idem
987 4259 1085 4327 exiles
1109 4259 1270 4326 Schaeferi
1292 4265 1322 4328 ei

131 4371 272 4438 aliorum
295 4369 571 4439 annotatiunculae
594 4367 705 4436 sedulo
729 4387 839 4434 omnes
862 4368 988 4454 repetit.
