3034 4968
814 177 857 248 70

233 379 323 465 gitur
345 395 419 463 pag.
441 371 494 439 34.
514 371 546 438 8.
565 379 651 457 torpe
669 379 712 436 eet
729 373 809 457 qood
817 373 933 458 facitis
952 374 1103 457 (inquit),
1123 369 1172 436 ε’πί
1190 368 1404 450 μὲνΚορινθίους

234 482 286 546 καί
318 477 487 560 Μεγαρέας
516 477 721 559 ἁρπάσαντας
746 476 788 542 τά
812 472 897 542 ὅπλα
920 477 1123 556 πορεύεσθαι,
1142 478 1295 542 Φίλιππον
1320 475 1342 539 δ’
1364 475 1406 537 ε’άι

237 587 341 658 πόλεις
372 585 555 659 Ἑλληνίδας
587 583 869 664 άνδραποδίζετθαι.
916 583 1022 670 Turpe
1047 604 1113 649 esse
1137 583 1215 648 dicit
1239 582 1323 667 quod
1344 601 1408 644 κοοο

235 694 321 759 cives
343 692 478 769 faciant,
502 711 565 756 non
588 690 672 776 quod
694 693 830 755 maiores
853 697 923 753 octe
943 690 1092 752 coerulum
1115 689 1273 753 fecissent.
1312 688 1408 750 Adver-

233 820 285 862 οκε
306 797 487 874 Corinthios,
509 798 631 882 inquit,
652 803 681 860 et
700 796 892 877 Meooreoseo
901 796 1007 881 forteo
1026 795 1114 871 estio,
1138 794 1276 878 Poioppc'
1293 791 1409 856 intorto
1503 853 1504 860 ,

232 926 307 988 proc
330 910 407 968 moto
430 902 588 966 deooooto'o.

279 1115 358 1203 Peg.
392 1111 469 1179 176.
495 1113 547 1178 16.
573 1114 644 1193 πρδς
669 1113 700 1178 δὲ
723 1113 839 1185 τούτοις
864 1113 922 1178 οὐδ’
946 1113 1008 1181 ἕτίν
1030 1113 1082 1193 ἐφ’
1108 1111 1179 1189 ὑμῖν
1203 1111 1264 1176 οὐδ’
1289 1109 1327 1176 άν
1348 1110 1412 1174 άπο-
1503 1197 1504 1200 ¹

235 1226 325 1292 ςῆναι
364 1225 423 1284 τῶν
456 1223 642 1293 Ἑλληνικῶν
677 1219 841 1296 βούλησθε.
895 1218 1106 1283 Perturbatus
1140 1222 1188 1283 est
1223 1216 1358 1301 simplex
1388 1217 1412 1278 et

235 1328 368 1389 naturae
400 1324 462 1390 loci
497 1345 671 1412 congruens
701 1325 871 1390 verborum
902 1324 995 1401 ordo,
1028 1327 1084 1408 qui
1112 1323 1166 1388 hic
1197 1327 1264 1388 est:
1295 1321 1354 1386 οὐδ’
1383 1318 1413 1383 io
1505 1307 1506 1314 '

237 1429 390 1509 βούλησθε
413 1434 565 1506 άποςηιαι
591 1435 649 1494 τῶν
672 1433 867 1504 Ἑλληνικῶν.
914 1428 1066 1494 Poterant
1088 1428 1310 1514 percommode
1331 1425 1414 1493 verbs
1505 1411 1506 1478 ί

236 1538 388 1611 άποτηναι
412 1543 470 1601 τῶν
494 1539 678 1609 Ἑλληνικῶν
701 1538 801 1600 etiam
820 1541 892 1621 post
912 1536 963 1616 ἐφ’
986 1537 1056 1614 ὑμῖν
1076 1533 1243 1611 collocari,
1264 1533 1318 1598 sed
1331 1550 1414 1618 quam

236 1663 321 1708 nunc
343 1642 450 1708 sedem
474 1642 618 1708 obtinent
640 1644 724 1706 tueri
746 1647 918 1726 nequeunt.
1276 1723 1280 1734 t

283 1747 374 1829 Quod
397 1750 545 1814 continuo
569 1750 730 1832 sequitur:
755 1747 859 1811 πολλοὶ
881 1748 945 1826 γάρ
967 1747 1038 1824 ὑμῖν
1059 1748 1092 1810 ἐκ
1115 1745 1230 1814 παντὸς
1248 1747 1300 1809 τοῦ
1320 1741 1414 1822 χρόνον

238 1853 416 1933 πέπρακται
449 1854 559 1920 eodem
589 1874 682 1918 sensu
712 1854 836 1917 dictum
864 1857 912 1917 est
935 1874 997 1938 quo
1020 1852 1152 1917 Fetialis
1176 1849 1416 1938 Argivorumin

237 1960 400 2045 Euripidis
424 1960 610 2044 Suppliciter
633 1960 711 2025 dicit
735 1959 775 2023 ad
803 1958 963 2023 Theseum
986 1979 1033 2023 vs.
1060 1957 1133 2022 586.

469 2065 616 2145 πράσσειν
639 2065 677 2129 σὺ
702 2065 795 2129 πάλλ’
819 2062 925 2137 είωθας
950 2062 968 2140 η’
990 2088 1025 2128 τε
1049 2065 1087 2136 οη
1112 2064 1212 2136 πθλις.

569 2285 665 2340 ΠΕΡΙ
688 2284 789 2342 ΤΩΝ
816 2284 1097 2341 ΕΤΜΜΟΡΙΩΝ.

235 2554 238 2559 ,
285 2487 366 2574 Peg.
392 2484 464 2552 179.
496 2483 528 2551 8.
556 2489 580 2552 εί
612 2487 669 2564 μὲν
689 2487 815 2568 ε’ναργίς
834 2496 879 2552 TI
900 2486 1017 2564 γένοιτο
1038 2487 1089 2551 καί
1111 2485 1224 2566 σαφές.
1260 2485 1347 2550 Ferri
1366 2502 1420 2546 non

240 2596 344 2678 potest
375 2616 404 2657 τι
436 2593 593 2656 additum.
642 2593 720 2673 Quis
744 2593 850 2659 credat
872 2615 929 2679 pro
952 2594 1041 2667 δῆλον
1064 2595 1131 2658 sive
1154 2591 1287 2673 φανερὸν
1310 2588 1420 2668 ἐγένετο

240 2697 304 2763 dici
327 2718 417 2784 posse
442 2697 531 2771 δῆλθν
555 2722 585 2762 τι
609 2704 665 2764 aut
689 2697 820 2781 Φανερθν
846 2696 899 2763 τιί
1284 2685 1287 2692 ’

287 2910 370 2997 Peg.
401 2908 475 2975 179.
509 2909 540 2975 8.
571 2913 707 2990 ἡγοῦμαι
732 2912 795 2991 γάρ
819 2912 888 2982 τοὺς
910 2911 1071 2985 Ἕλληνας
1096 2910 1121 2973 εί
1146 2908 1203 2986 μὲν
1227 2909 1351 2990 ἐναργὲς
1374 2905 1422 2984 γε’-

242 3039 317 3080 νοιτο
342 3053 383 3063 -
408 3019 446 3087 ὥς
469 3016 620 3093 βασιλεὺς
644 3020 749 3086 αὐτοῖς
774 3017 926 3097 ἐπιχειρεῖ
945 3015 996 3079 καί
1018 3014 1244 3094 συμμαχήσειν
1264 3014 1316 3078 καί
1339 3014 1422 3094 χάριν

241 3120 388 3199 μεγάλην
412 3120 503 3200 ἕξειν,
529 3160 571 3170 -
594 3124 619 3187 εί
645 3123 671 3185 δ’
696 3120 740 3185 ἔτι
765 3123 879 3195 άδηλου
903 3123 1011 3186 τούτου
1032 3119 1233 3194 καθεςηκθτος
1260 3141 1422 3199 προαπε·

243 3227 485 3310 χθησθμεθα
510 3231 598 3305 ἡμεῖς
624 3226 708 3291 δέδια
732 3230 776 3304 μη
801 3226 917 3298 τούτοις
938 3229 1009 3303 μετ’
1032 3229 1144 3290 ἐκείνου
1165 3235 1312 3302 πολεμεῖν
1333 3227 1424 3299 orcy-

244 3336 412 3412 κασθῶμεν.
464 3332 540 3399 Sine
574 3335 786 3399 controversia
820 3332 1120 3413 προαπεχθησόμεθα
1156 3337 1340 3416 corruptum
1371 3334 1423 3394 est.

244 3439 328 3521 Quid
362 3441 424 3505 sibi
458 3439 530 3506 vult
560 3441 594 3503 in
625 3438 683 3503 tali
713 3460 747 3504 re
777 3436 1011 3519 άπεχθάνεσθαι
1044 3438 1098 3503 vel
1122 3429 1425 3517 προαπεχθάνεοθαιί

242 3545 335 3612 Nihil
357 3545 460 3630 plane.
496 3543 646 3629 Suspicor
668 3544 918 3610 Demosthenem
941 3544 1079 3609 dedisse:
1103 3541 1425 3624 προΤπΑχθησθμεθα.

244 3648 400 3734 Compara
421 3670 494 3737 pag.
521 3649 595 3714 188.
622 3651 653 3715 4.
677 3649 746 3715 οὔτε
766 3650 935 3728 Φοβεῖσθαί
959 3656 1041 3732 Φημι
1062 3651 1122 3715 δεῖν
1144 3650 1222 3729 πέρα
1239 3656 1292 3715 τοῦ
1312 3647 1425 3729 μετρίου

245 3755 303 3821 οὔθ’
337 3756 573 3835 ὑπαχθῆναι
599 3755 754 3836 προτέρους
781 3754 918 3836 ἐκφέρειν
944 3755 995 3819 τὸν
1018 3754 1169 3833 πόλεμον.
1210 3755 1362 3834 ’Τπάχειν
1383 3755 1426 3816 est

243 3869 276 3925 ιἰι
301 3861 450 3946 fraudem
483 3862 640 3946 inducere,
676 3868 707 3927 et
743 3860 918 3939 ὑπάγεσθαι
952 3862 1121 3937 dicuntur,
1154 3865 1209 3948 qui
1240 3867 1295 3927 aut
1325 3857 1425 3926 fraude

244 3968 351 4052 aliqua
373 3971 429 4030 aut
454 3987 552 4051 prava
572 3968 747 4052 cupiditate
767 3970 807 4032 ad
827 3968 1016 4053 capiendum
1037 3967 1207 4032 consilium
1228 3968 1425 4032 temerarium

244 4072 465 4160 impelluntur.
506 4072 695 4158 Exspectare
715 4076 805 4138 iubet
824 4075 1031 4139 Athenienses
1053 4074 1148 4139 donec
1168 4075 1317 4138 omnibus
1334 4070 1426 4155 Regis

244 4180 379 4246 insidiae
408 4183 539 4264 pateant
567 4184 738 4264 monetque
770 4201 809 4245 ns
837 4186 929 4245 antea
950 4179 1180 4245 inconsiderate
1203 4185 1236 4245 et
1258 4173 1425 4244 inconsulto

247 4287 286 4355 ed
317 4306 405 4351 arms
432 4285 586 4350 sumenda
608 4284 825 4370 impellantur.
873 4285 1002 4351 Fefellit
1026 4306 1082 4350 nos
1106 4282 1213 4351 Codex
1237 4285 1260 4352 S
1283 4307 1351 4374 pag.
1375 4278 1424 4344 59.
