3080 4972
793 221 851 272 XIV

87 505 88 508 Ἴ
126 507 128 512 Ι
225 423 357 505 κρύβδην
387 423 450 509 ἰδία
471 424 716 507 ψηφισαμένων,
741 425 798 489 ubi
822 423 940 490 Reisho
963 422 1246 504 διαψηφισαμένων
1271 425 1415 488 correxit.

225 547 264 612 ot.
297 568 371 634 pag.
400 545 478 613 855.
511 551 544 612 et
575 544 673 612 1033.
720 547 800 634 Peg.
825 544 900 612 268.
927 543 1415 627 numerumnunerum

223 669 265 750 τῷ
299 668 466 755 δημοτικῷ,
497 669 586 735 dedit
612 667 635 733 S
659 667 746 746 λέγει
769 667 842 748 πρὸς
866 659 888 733 ιδ
912 665 973 744 δεῖ,
996 669 1071 753 quia
1094 686 1151 752 pro
1176 676 1199 731 C
1225 666 1287 732 sibi
1310 665 1417 732 videre
1532 657 1533 682 ³

224 791 393 858 uidebatur
425 789 467 876 S,
501 789 536 855 id
570 794 619 858 eet
651 790 893 875 praepositionis
927 787 999 871 πρός
1035 787 1272 873 compendium.
1329 785 1416 866 Quas
1532 801 1533 876 ξ

223 913 333 978 turbae
361 915 395 977 in
426 909 542 978 Codice
565 909 588 976 S
611 909 866 996 compendiolum
889 910 949 976 hoe
971 910 1095 976 dederit
1117 929 1181 976 non
1203 927 1267 974 uno
1290 909 1325 972 in
1349 906 1416 973 loco
1532 925 1533 964 ι

223 1033 430 1100 ostendimus.
466 1030 600 1118 Saepius
622 1052 749 1118 prorsus
768 1034 908 1110 interiit,
930 1030 1157 1098 absurdissime
1178 1031 1326 1097 omnium
1342 1049 1415 1117 pag.
1532 1025 1533 1068 ³

225 1153 323 1220 1066.
349 1151 388 1218 Ι1.
419 1153 476 1217 ubi
503 1153 638 1218 παλτίον
670 1152 792 1242 legitur
821 1174 878 1238 pro
911 1151 1140 1234 Προσπαλτίου.
1191 1150 1296 1232 Quam
1325 1171 1416 1236 saepe
1532 1159 1533 1196 ³

223 1274 419 1342 ostendimus
442 1273 564 1342 soloeca
586 1279 619 1340 et
642 1275 775 1342 barbara
795 1278 830 1340 in
849 1277 870 1338 S
888 1276 1037 1360 reperiri,
1056 1294 1154 1360 quam
1172 1272 1280 1340 multa
1297 1273 1420 1342 emble·

221 1401 310 1463 meta
340 1401 372 1462 et
395 1395 589 1484 glossemata
612 1401 644 1462 et
668 1396 885 1462 additamenta
909 1415 1002 1462 omne
1025 1416 1127 1483 genus
1148 1397 1250 1460 ¹etiam
1271 1395 1416 1462 insulsis·
1532 1417 1533 1424 ¹

220 1521 303 1584 sima
332 1519 427 1583 unius
457 1519 603 1582 omnium
630 1519 747 1604 optimi
769 1518 860 1582 tostis
883 1518 1072 1584 auctoritate
1095 1517 1167 1581 niti.
1215 1515 1278 1582 Sed
1300 1515 1415 1582 nihilo·
1532 1551 1533 1562 ι

219 1643 328 1706 minus
370 1641 397 1706 si
436 1641 508 1724 quis
547 1641 638 1706 nobis
673 1643 861 1725 apparatum
896 1636 1055 1705 Griticnm
1091 1638 1131 1703 ad
1166 1637 1414 1704 Demosthenem
1532 1647 1533 1680 ἒ

220 1781 402 1848 comparare
430 1760 518 1828 volet
548 1764 582 1826 in
611 1781 673 1847 quo
699 1759 784 1828 solae
814 1758 940 1828 Codicis
961 1759 984 1826 S
1007 1759 1158 1826 lectiones
1182 1780 1292 1826 omnes
1316 1781 1413 1845 quam

222 1882 468 1970 diligentissime
496 1888 640 1950 enotatae
671 1885 887 1968 reperiantur,
917 1881 1041 1948 abiecta
1060 1881 1185 1967 reliqua
1208 1884 1295 1948 omni
1317 1881 1414 1948 farra·
1532 1901 1533 1904 ’

220 2007 295 2092 gine
320 2024 358 2068 ex
377 2005 508 2070 caeteris
527 2002 619 2069 libris
628 2051 637 2082 ‚
660 2004 796 2092 (praeter
813 2005 1008 2089 paucissima
1024 2003 1182 2088 quaedam
1202 2007 1414 2072 correctorum
1532 2003 1533 2014 ’

219 2130 363 2192 veterum
392 2125 622 2204 κατορθώματα
640 2129 685 2190 -et
714 2124 937 2191 laounnlarum
968 2125 1199 2214 supplementa)
1224 2124 1414 2192 habebimus
1532 2139 1533 2154 ¹

222 2247 328 2312 omnia
359 2250 467 2312 textus
497 2246 711 2312 constituendi
734 2246 876 2312 subsidia
897 2251 930 2312 et
952 2246 1154 2326 adiumenta,
1179 2267 1259 2332 quae
1283 2247 1412 2332 quidem
1532 2303 1533 2310 ,

84 2383 90 2396 ’
222 2390 261 2435 ex
286 2365 379 2434 libris
401 2367 481 2434 Mss.
505 2370 573 2454 peti
596 2370 728 2453 possint.

261 2489 308 2555 De
343 2485 498 2556 Codicum
536 2489 661 2556 delectu
693 2491 729 2555 in
763 2491 983 2557 constituenda
1012 2489 1158 2557 Platonis
1189 2492 1331 2558 oratione
1363 2497 1413 2558 est
1532 2541 1533 2548 ι

216 2611 299 2676 mihi
331 2632 406 2675 cnm
437 2612 612 2678 novissimo
641 2611 771 2678 Editore
798 2611 940 2678 Martiae
968 2610 1089 2678 Schanz
1112 2613 1217 2678 amica
1240 2615 1411 2680 eontentio.
1532 2623 1533 2636 ¹

215 2732 374 2818 Equidem
405 2736 530 2819 praeter
560 2732 771 2800 Bodleianum
798 2739 830 2800 et
852 2734 1036 2800 Parisinum
1059 2735 1088 2800 A
1110 2733 1193 2799 nihil
1216 2733 1305 2800 aliud
1328 2735 1412 2801 desi·
1532 2809 1533 2820 ἵ

215 2854 307 2939 dero,
332 2857 360 2919 si
384 2875 423 2919 ex
442 2857 575 2920 caeteris
594 2875 711 2941 paucas
731 2855 884 2942 quasdam
904 2855 1012 2920 felices
1032 2860 1244 2922 correctorum
1263 2861 1412 2923 veterum

214 2974 450 3042 emendationes
473 2981 505 3042 et
524 2976 577 3042 hic
601 2975 670 3042 illic
692 2976 824 3043 lacunae
848 2975 1108 3062 supplementum
1131 2976 1299 3044 addideris.
1336 2977 1411 3044 nor-

213 3103 263 3163 tor
286 3103 395 3164 contre
417 3098 535 3164 maluit
553 3102 588 3163 in
607 3097 776 3164 consilium
798 3097 948 3164 adhibere
968 3095 1177 3184 Omsianum,
1197 3098 1410 3185 Vaticanum,

213 3217 349 3286 Venetos
367 3219 463 3306 duos,
482 3220 566 3285 unde
585 3219 668 3285 nihil
686 3219 776 3286 aliud
799 3220 875 3286 boni
894 3221 1048 3306 prodiisse
1071 3221 1165 3286 video
1188 3225 1312 3306 praeter
1335 3242 1408 3287 con·
1532 3215 1533 3244 ¹

135 3324 137 3328 ⁵
214 3343 352 3410 iacturas
391 3339 590 3427 probabiles,
630 3339 741 3426 quoles
781 3340 960 3428 complures
999 3343 1034 3406 in
1075 3338 1190 3407 (lodice
1224 3341 1252 3406 E
1286 3341 1408 3410 Veneto
1488 3340 1491 3346 ’

212 3465 438 3541 inueniuntur,
463 3483 543 3548 quae
566 3467 676 3528 tamen
699 3481 808 3528 omncs
822 3467 906 3529 sunt
930 3462 1135 3547 huiusmodi,
1158 3468 1197 3528 ut
1220 3484 1272 3529 eas
1297 3463 1408 3550 paullo

212 3585 334 3652 acutior
356 3582 500 3648 Platonis
522 3583 623 3649 lector
645 3582 733 3648 facili
755 3586 884 3673 negotio
906 3585 1043 3669 reperire
1065 3587 1230 3670 potuisset.
1269 3585 1408 3673 Reliqua

191 3705 311 3771 ‘ferme
345 3707 454 3770 omnia
485 3709 561 3770 arnt
595 3704 841 3792 orthographica
873 3705 1054 3772 lntilissimi
1086 3708 1231 3794 generis,
1268 3727 1407 3793 quorum

210 3825 306 3914 longe
336 3825 480 3890 maxima
509 3845 581 3912 pare
612 3830 669 3892 aut
699 3846 894 3912 supervacua
927 3831 977 3892 est
1007 3831 1067 3892 aut
1100 3847 1140 3893 ex
1173 3830 1407 3917 magistrorum

208 3948 367 4015 erroribus
400 3951 485 4013 nuta.
539 3945 741 4034 Ubicumque
774 3948 865 4015 verbi
895 3939 930 4014 in
963 3971 1069 4026 Ι-ομαι
1103 3949 1241 4016 secunda
1273 3971 1407 4036 persona

208 4069 330 4158 legitur
358 4067 478 4148 διηνεῒ,
512 4067 626 4135 διανοεῖ
651 4073 686 4136 et
713 4073 863 4136 sexcenta
892 4068 974 4148 alia,
1005 4068 1111 4158 (utin
1134 4069 1283 4158 dialogis)
1307 4075 1405 4140 toties

207 4195 339 4258 notatur
376 4189 482 4268 διηνεῑ
511 4191 546 4254 in
577 4187 795 4277 B(odleiauo),
831 4189 923 4268 trapa
958 4192 992 4256 in
1026 4188 1100 4256 aliis
1134 4210 1200 4258 esee
1234 4195 1404 4279 scriptum.

209 4314 341 4398 Quotim
372 4319 402 4378 N
431 4316 508 4378 anto
530 4316 735 4378 consonantes
758 4313 862 4398 posita
885 4315 993 4378 estut
1014 4313 1048 4379 in
1069 4311 1194 4393 ipsuum
1215 4313 1269 4380 acl
1296 4314 1407 4384 admo·
