3096 4972
811 245 878 320 524

291 437 372 533 Peg.
405 441 481 512 607.
515 441 570 508 28.
600 441 685 516 οὗτος
715 443 902 522 Εύκτύμονκ
932 441 1040 524 φύσιος
1075 440 1135 514 τάς
1171 441 1317 523 ὑμετέροις
1346 437 1411 522 ’ἔχειν

248 552 394 633 εἰσφορὰς
419 549 472 615 rol
496 548 591 615 τοῦτ’
617 548 791 628 ἐξελέγξειν
815 551 832 627 ἢ
855 551 927 628 παρ’
947 549 1058 613 ἑωυτοῦ
1079 547 1267 624 κοιτοούύσειν
1289 543 1414 633 [ὑποσχό-

247 660 348 744 μενος]
364 696 405 706 -
420 656 469 721 ἐπὶ
494 658 549 731 τὴν
573 654 731 736 εἴστροιξιν
756 657 882 737 τωρέδν.
918 655 1075 742 Expunge
1101 652 1318 733 ὑποσχόμενος.
1350 652 1415 716 Pen-

248 765 323 830 dent
347 766 430 829 enim
454 760 627 840 ἐξελέγξειν
651 769 683 828 et
707 763 893 838 secretaliter
913 783 951 826 ex
973 761 1090 842 Φύσιος.
1126 760 1316 826 Rectissime
1332 761 1414 846 igitur

246 874 351 958 prima
382 890 497 936 manus
527 871 561 934 in
587 867 610 934 S
633 871 743 935 omisit
767 868 988 951 ὑποσχόμενος.
1034 866 1149 932 Dicam
1173 867 1212 932 de
1235 866 1341 932 eodem
1359 864 1415 929 loro

247 977 370 1063 aliquid
391 975 483 1042 infra.

291 1217 372 1306 Pag.
406 1214 482 1282 608.
514 1215 568 1280 21.
600 1215 689 1281 ἀλλά
721 1221 803 1290 σῶος
836 1218 875 1289 ὡς
910 1217 923 1281 ὅ
955 1214 1042 1295 νύμος
1072 1215 1208 1302 κελεύει,
1240 1223 1299 1282 τῶν
1331 1212 1417 1281 ἀλλων

247 1322 352 1389 ἕνεκα·
384 1328 473 1389 τοῦτο
504 1320 568 1405 γάρ
595 1323 640 1391 ε’ςι
666 1319 839 1401 δνριοτικάν.
885 1321 1034 1412 Totidem
1056 1323 1163 1391 verbis
1185 1323 1336 1410 leguntur
1354 1323 1417 1386 bueo

246 1452 321 1518 pag.
353 1428 428 1496 751.
464 1428 495 1494 2.
526 1432 589 1494 nisi
618 1429 702 1513 quod
733 1429 872 1510 ἀγορεύει
905 1430 1074 1496 substituit
1096 1451 1152 1515 pro
1177 1429 1306 1496 κελεύει.
1350 1425 1417 1508 Quid
1479 1413 1480 1418 ἐ

236 1537 289 1627 ‘sit
323 1539 431 1600 antem
465 1537 524 1600 τῶν
561 1531 664 1601 ἀλλων
698 1531 788 1599 ἐνεκοι
818 1556 921 1619 neque
952 1535 1099 1623 intelligo
1134 1556 1237 1621 neque
1271 1533 1417 1601 emandare

245 1662 388 1729 possum.

291 1882 368 1970 Pag.
403 1879 478 1946 609.
511 1879 542 1946 2.
575 1882 664 1948 ἀλλά
694 1882 768 1960 σωρ’
802 1883 872 1960 ὑμῖν
903 1879 981 1946 τότε
1008 1880 1130 1946 σύντοτε
1154 1881 1318 1948 δεινύτοιτοι
1341 1883 1366 1946 ἐν
1386 1887 1417 1959 τῇ

247 1987 335 2053 πόλει
361 1987 506 2065 γέγονεν;
532 1987 582 2052 ἐστὶ
607 1995 665 2053 τάν
684 1988 866 2072 τριάκοντοι,
888 1986 1005 2058 τάντεο
1026 1986 1063 2052 ἀν
1083 1987 1209 2052 εἴποιτε.
1245 1989 1419 2054 Mendosum

249 2100 298 2160 est
322 2094 397 2158 τότε
421 2094 553 2159 τύποτε.
589 2094 691 2159 Periit
712 2093 864 2159 articulus
888 2097 920 2158 et
938 2096 982 2158 sio
1000 2094 1217 2159 scribendum:
1239 2095 1315 2159 τότε
1333 2097 1417 2158 ΤΩΝ

249 2203 372 2266 τώτοτε
401 2201 563 2265 δεινότιιτιι
587 2201 732 2280 γέγονεν;
756 2199 957 2284 Repetuntur
978 2200 1086 2264 eadem
1109 2200 1207 2267 verba
1229 2221 1302 2265 oum
1326 2199 1419 2266 eodem

245 2306 361 2372 mendo
394 2308 429 2370 in
461 2307 642 2373 Τιἰιιοσνωοσιι
674 2329 747 2395 pag.
783 2304 859 2374 751.
894 2305 946 2371 13.
992 2306 1168 2372 Emendate
1190 2309 1339 2373 soribitur
1358 2324 1418 2390 pog-

246 2410 325 2479 705.
360 2411 391 2476 8.
424 2412 504 2493 νύμῳ
535 2421 635 2479 ΤΩΝ
667 2416 791 2496 πώποτε
823 2413 852 2476 ἐν
882 2413 953 2491 ύμῖν
975 2411 1120 2478 τεθέντων
1144 2413 1278 2495 οιέσχύςῳ
1302 2412 1352 2478 rol
1374 2412 1419 2476 δει-

247 2518 374 2599 νοτάτῳ.
441 2573 444 2579 .

288 2762 368 2850 Peg⁴
404 2757 478 2825 609.
516 2759 568 2825 13.
604 2759 690 2826 ὁπότ’
725 2759 878 2842 ἀνθρωττοι
903 2760 994 2836 τέννς
1021 2761 1070 2837 -ἣ
1095 2761 1186 2840 τέγοο
1211 2764 1250 2833 ὥς
1275 2761 1342 2831 τοὺς
1363 2755 1418 2836 γεέ·

243 2893 332 2942 τονιις
363 2865 539 2948 ύττερβωύνοι
572 2865 589 2940 ἐρ
617 2867 774 2933 ύτοδύοιτο
800 2868 857 2933 ὑπὸ
882 2867 986 2942 κλέννν
1013 2867 1086 2949 ύντέρ
1111 2872 1165 2932 τοῦ
1190 2870 1234 2947 μὲν
1259 2868 1304 2953 [τὸ
1326 2863 1418 2943 σύρων]

244 2976 337 3048 ἀλοὺς
362 2977 404 3049 εἰς
425 2975 460 3039 τὸ
486 2973 686 3054 δεσμωτήριον
710 2971 864 3039 ἐλκεσύοιι.
912 2974 1027 3040 Nesoio
1052 2975 1134 3039 unde
1159 2976 1373 3060 importunum
1390 2968 1419 3046 tl

243 3087 333 3160 σῶροι
369 3082 547 3166 irrepserit,
579 3080 634 3146 sed
661 3081 724 3144 nisi
755 3082 943 3166 expunxeris
974 3083 1131 3146 sententia
1157 3101 1232 3146 sana
1263 3100 1323 3146 non
1351 3076 1418 3154 arit3

244 3191 401 3273 expuncto
425 3187 533 3252 omnia
555 3185 674 3252 habent
696 3189 827 3271 optime.

288 3410 411 3477 Iterum
443 3412 632 3497 deprensum
660 3417 707 3476 est
731 3417 944 3477 correctorum
966 3411 1088 3476 facinus
1110 3433 1183 3499 pag.
1213 3408 1288 3476 610.
1311 3410 1339 3474 4.
1363 3412 1418 3474 τοῑε

244 3517 301 3596 μὲν
325 3516 438 3590 δούλοις
463 3517 497 3583 τὸ
522 3523 614 3597 σῶμοι
638 3523 696 3582 τῶν
719 3517 918 3597 ἀδικημάτων
939 3516 1084 3583 οὶντάντων
1105 3516 1267 3583 ύτιεύύυνύν
1288 3519 1341 3594 ἔτι,
1363 3516 1417 3580 τοῖς

243 3624 267 3689 δ’
298 3622 457 3703 ἐλευθέροις
491 3621 549 3689 κάν
582 3623 625 3688 rol
656 3623 783 3702 μέγιςΑ
815 3623 961 3704 Τύχωσιν
990 3623 1162 3696 ἀδικοῦντες
1185 3624 1277 3690 τοῦτο’
1299 3623 1330 3701 γ’
1349 3618 1417 3684 trra

243 3735 351 3796 σῶσοι.
399 3729 450 3795 sio
473 3729 550 3795 libri
568 3729 711 3816 plerique
733 3749 854 3794 omnes.
903 3729 1026 3816 Optimi
1045 3735 1153 3795 eontra
1173 3729 1231 3795 κάν
1251 3731 1293 3795 τοὶ
1311 3727 1418 3807 perrea

242 3839 417 3919 Ἀτνχάσιν
451 3839 567 3902 omisso
598 3835 781 3908 dilaniaret.
831 3834 995 3922 Scriptum
1020 3841 1087 3902 erat
1109 3839 1418 3901 TaurechAT's-

243 3950 401 4018 xncrN,
432 3943 516 4028 quod
546 3941 631 4007 male
659 3941 780 4007 lectum
804 3942 848 4008 τά
873 3941 993 4021 ιοέγιτω
1017 3943 1152 4022 τύχωσιν
1177 3964 1233 4028 pro
1257 3943 1299 4008 τιδ
1320 3931 1415 4019 ρέγιτ’

242 4049 400 4127 ἀτυχῶσιν
430 4047 589 4114 emblema
619 4048 741 4133 peperit
771 4048 954 4120 ἀδικοῦντες.
1004 4048 1155 4116 Perverse
1179 4050 1284 4115 editur
1304 4045 1414 4126 μέγιςΛ

243 4156 419 4233 Ἀτυχῶσιν
442 4155 534 4219 hiatu
557 4152 773 4238 intolerabili,
799 4152 907 4239 quales
930 4154 1100 4220 Editorum
1119 4157 1200 4222 vitio
1219 4154 1300 4240 apud
1316 4152 1414 4218 Demo

240 4259 386 4328 sthenem
408 4258 580 4345 pullulant.
615 4259 715 4345 Saepe
739 4263 869 4346 antiqua
889 4261 1048 4327 scribendi
1068 4262 1148 4328 vitia
1167 4266 1205 4326 ut
1224 4261 1286 4327 bl
1308 4263 1413 4327 veteres

189 4386 191 4390 ·
242 4365 387 4434 elisiones
412 4366 562 4431 indicant.
