3026 4970
670 246 735 326 ate

105 445 289 524 κατέκεισος
321 448 416 533 Hipp.
447 451 517 532 mci.
548 443 625 512 281.
656 458 695 516 A.
726 451 854 525 Ἰττίας
886 453 900 516 ἰ
932 455 1027 529 καλῶς
1059 480 1094 521 τε
1125 455 1177 520 καί
1203 457 1297 539 σοφὸς

103 556 143 629 ῶς
169 553 221 620 διὰ
244 552 354 637 χρόνον
378 555 451 632 ἡμῖν
475 561 614 635 κατῆρας
637 556 680 631 εἰς
704 559 764 632 τοίς
789 559 933 636 Ἀθήνας.

625 869 778 938 XXVIII.
804 917 806 922 ,

462 1079 509 1144 Τὸ
531 1079 826 1161 προσγεγραμμένον
851 1084 936 1148 ἰῶτα.

149 1287 335 1354 Sexcenties
364 1287 458 1354 video
489 1287 625 1355 Homeri
646 1289 792 1357 Editores
814 1293 849 1356 in
874 1311 910 1358 eo
932 1311 1062 1378 peccare
1085 1297 1123 1359 ut
1145 1293 1180 1358 τὸ
1204 1318 1296 1374 arpoc-
1325 1343 1327 1346 -

103 1391 327 1474 γεγραμμένον
356 1393 433 1459 ἰῶτα
465 1394 560 1460 modo
592 1396 706 1461 vitiose
737 1399 889 1463 omittant
911 1397 1006 1463 modo
1030 1419 1193 1484 perperam
1217 1400 1295 1465 adii·

101 1505 200 1568 ciant.
249 1497 365 1566 Contra
394 1502 429 1563 in
459 1520 496 1565 ea
525 1519 558 1565 re
588 1504 711 1568 veteres
743 1499 855 1568 Oritici
886 1522 996 1568 omnes
1030 1508 1062 1569 et
1092 1504 1295 1570 Aristarchus

101 1611 176 1674 ante
201 1627 311 1672 omnes
334 1611 408 1671 sunt
430 1605 679 1694 diligentissimi.
715 1606 821 1672 Facile
846 1606 980 1696 colligas
1003 1631 1042 1676 ex
1063 1631 1173 1677 eorum
1192 1613 1296 1678 obser-

99 1713 287 1780 vationibus
310 1711 444 1777 eandem
463 1713 528 1778 fere
550 1715 843 1779 vetustissimorum
865 1710 1020 1780 Codicum
1040 1719 1195 1783 rationem
1215 1717 1295 1783 olim

100 1822 200 1886 fuisse
234 1821 328 1901 atque
358 1840 442 1884 nunc
472 1824 519 1884 est
548 1821 629 1885 ratio
652 1820 827 1904 librorum,
851 1822 907 1904 qui
930 1820 970 1884 ad
992 1842 1048 1886 nos
1071 1828 1293 1907 pervenerunt.

101 1927 146 1992 Ut
169 1944 262 1990 casus
286 1928 318 1988 et
341 1924 469 1990 fortuna
491 1923 632 1990 ferebant
656 1929 712 1990 aut
736 1925 864 1991 additur
887 1926 963 1990 ἰῶτα
989 1932 1131 1992 autnon
1155 1927 1293 1994 additur.

102 2031 287 2097 Scribarum
319 2034 350 2094 et
378 2036 590 2096 correctorum
613 2036 645 2097 ot
669 2033 955 2119 grammaticorum
980 2035 1142 2119 opiniones
1164 2035 1296 2100 disside-

101 2139 196 2203 bant:
224 2134 280 2200 alii
301 2137 420 2222 ubique
443 2142 605 2222 apponunt
629 2139 742 2222 (etiam
762 2157 927 2223 perperam
947 2141 979 2203 et
999 2140 1179 2225 mendose),
1200 2145 1295 2226 atque

101 2243 137 2307 hi
160 2246 237 2308 sunt
259 2242 323 2307 fere
345 2262 454 2307 omnes
475 2246 683 2328 antiquiores3
705 2242 760 2309 elii
782 2247 819 2306 ut
841 2242 1020 2329 plurimum
1042 2249 1151 2311 minus
1172 2251 1295 2312 veteres

100 2354 255 2436 perpetuo
287 2351 320 2412 et
352 2347 391 2413 de
421 2348 578 2414 industria
609 2352 781 2416 omittunt:
812 2353 888 2414 sunt
918 2352 1017 2416 etiam
1042 2353 1098 2437 qui
1120 2358 1239 2417 temere
1262 2356 1296 2418 et

100 2454 281 2522 inconsulto
304 2459 360 2520 aut
384 2454 539 2520 adiiciunt
562 2460 703 2521 autnon
726 2455 891 2520 adiiciunt.

146 2560 299 2647 Sequitur
321 2582 360 2626 ex
383 2563 451 2626 eius
475 2564 521 2626 rei
544 2563 813 2628 animadversione
836 2564 936 2627 nostri
958 2582 1024 2628 esse
1044 2564 1164 2648 ubique
1182 2563 1294 2629 iudicii

99 2670 226 2734 reiectis
256 2666 345 2732 falsis
374 2665 530 2733 librorum
561 2669 752 2734 testimoniis
785 2669 975 2732 const'tuere
1007 2669 1089 2734 sitne
1113 2669 1292 2735 addendum

100 2777 177 2840 ἰῶτα
201 2795 242 2839 an
264 2794 327 2839 non
349 2775 406 2850 sit,
432 2773 527 2858 idque
551 2795 590 2839 ex
611 2776 761 2838 interiore
785 2772 975 2839 Graecitatis
997 2773 1231 2862 intelligentie,
1253 2797 1293 2840 ex

100 2878 299 2970 etymologia
329 2882 361 2944 et
388 2877 551 2965 analogia,
585 2900 623 2944 er
652 2881 722 2964 ipsa
750 2884 865 2944 natura
887 2886 919 2944 et
943 2899 1004 2943 usu
1026 2879 1174 2945 vocabuli
1198 2886 1231 2945 et
1254 2902 1294 2946 ex

101 2992 270 3074 poetarum
294 2987 481 3050 auctoritate
503 2987 600 3050 metri
620 2984 738 3050 indicio
762 2987 908 3072 cognosci
932 3005 967 3050 ac
992 2983 1114 3050 definiri
1142 2992 1294 3072 oportere.

146 3092 313 3157 Praeterea
358 3111 396 3154 ex
438 3089 548 3155 eadem
591 3091 809 3156 observatione
851 3093 995 3176 sequitur
1028 3093 1193 3179 ingentem
1227 3095 1296 3159 vim

102 3198 352 3284 discrepantium
384 3198 625 3280 scripturarum
646 3198 726 3261 citra
750 3197 959 3263 damnumst
981 3217 1100 3285 magno
1127 3197 1295 3265 literarum

102 3304 320 3372 emolumento
350 3302 446 3368 obiici
478 3308 510 3366 et
531 3322 622 3387 posse
646 3307 678 3367 et
701 3302 824 3368 debere.
872 3301 957 3368 Satis
981 3306 1085 3368 estin
1107 3325 1295 3391 unoquoque

102 3411 185 3477 libro
208 3409 327 3476 scribae
350 3411 531 3494 opinionem
555 3412 586 3474 et
610 3409 886 3485 consuetudinem,
916 3429 1013 3493 quam
1037 3412 1169 3495 quisque
1193 3413 1295 3495 sequi·
1352 3437 1355 3442 ¹

104 3525 175 3601 tur,
209 3515 380 3602 diligenter
411 3518 520 3579 notare
552 3519 584 3580 et
608 3515 653 3581 sio
676 3533 805 3579 omnem
829 3513 985 3579 scribendi
1008 3517 1197 3581 varietatem
1220 3516 1295 3582 hinc

103 3627 214 3688 natam
236 3620 343 3687 'valere
365 3621 484 3685 iubere.

149 3728 230 3793 Utar
253 3746 316 3790 uno
338 3724 501 3810 exemplo:
524 3724 681 3791 Herodoti
701 3729 824 3811 textus,
845 3747 940 3812 quem
961 3731 1092 3805 vocant,
1114 3749 1153 3792 ex
1172 3728 1296 3796 duobus

103 3839 232 3902 tantum
262 3832 354 3896 libris
385 3852 436 3896 me
466 3831 571 3896 iudice
599 3832 837 3896 constituendus
861 3835 917 3896 est.
966 3831 1083 3898 Omnia
1106 3835 1295 3901 emendandi

100 3939 243 4006 subsidia
265 3939 375 4002 insunt
396 3940 431 4001 in
448 3941 555 4003 vetere
575 3935 721 4001 Medioeo
741 3935 796 4030 (A)
817 3941 849 4002 et
868 3939 977 4002 minus
998 3939 1128 4023 antiquo
1148 3939 1294 4008 Romano
1332 3931 1334 3934 ⁵

100 4045 164 4133 (R).
213 4043 377 4110 Medioeus
408 4042 442 4107 τὸ
475 4041 771 4124 προσγεγραμμένον
801 4043 877 4107 ἰῶτα
901 4063 1025 4128 semper
1045 4048 1077 4109 et
1099 4045 1218 4132 ubique
1242 4069 1295 4134 ap·
1404 4108 1408 4118 ,

96 4153 224 4240 pingit,
260 4152 359 4215 etiam
394 4151 450 4215 ubi
481 4147 590 4213 nullus
618 4149 694 4212 huic
725 4147 873 4214 literulae
904 4148 993 4215 locus
1026 4156 1083 4216 est.
1130 4151 1295 4220 Romanus

98 4263 210 4325 contra
240 4255 351 4321 eadem
383 4257 559 4320 constantia
583 4275 708 4340 semper
730 4259 763 4320 et
785 4255 904 4341 ubique
928 4259 1052 4323 omittit
1075 4263 1107 4324 et
1128 4261 1197 4347 ipse
1219 4282 1295 4329 non-

96 4383 278 4450 numquam
301 4382 432 4448 pcccane
454 4362 667 4430 necessarium
691 4361 767 4428 ἰῶτα
790 4361 996 4452 negligendo.
