3026 4970
636 254 701 320 319

400 445 433 508 οὐ
457 451 534 507 ΓΑΡ
560 439 604 506 ἔτ’
628 440 751 520 ἔμπεδον
775 451 869 528 γυῖον,
895 442 998 526 φίλος.

107 555 132 614 et
157 549 385 634 praecedentem
414 548 613 614 versiculum
644 548 691 613 ool
717 549 752 622 it
777 587 818 597 —
843 547 956 622 ἔοενοοεο
981 553 1127 636 spurium
1152 574 1218 619 esse
1244 553 1277 619 et

107 655 393 733 οορερβεβλνρμένον.
436 653 507 719 Ηοο
538 675 663 739 quoque
686 654 895 720 manifestum
918 660 965 721 est
988 658 1023 720 in
1045 661 1184 742 antiquis
1208 657 1273 723 Ho-

107 764 172 824 meri
208 760 317 837 libris,
361 761 477 845 quibus
518 760 721 825 Aristarchus
763 766 921 838 uteretur,
960 761 1156 826 versiculum
1191 763 1276 828 huno

107 868 240 951 scripturn
269 887 332 931 non
362 867 460 931 fuisse
490 885 623 950 eamque
654 865 799 932 fraudem
830 868 865 930 in
892 868 1121 932 recentioribus
1145 869 1276 933 demum

107 967 256 1037 Codicibus
297 993 362 1036 esse
403 974 523 1035 natam.
582 969 690 1035 Facile
733 973 849 1036 senties
891 977 1008 1056 quanto
1042 972 1160 1038 melius
1192 995 1277 1039 nunc

106 1075 229 1142 Nestoris
270 1079 403 1164 quadret
445 1080 561 1142 oratio:
598 1077 697 1142 simul
730 1083 913 1143 removetur
948 1079 1065 1164 duplex
1097 1079 1276 1164 πρόσρησις,

104 1185 228 1266 primurn
251 1184 353 1258 τέκος,
379 1183 491 1248 deinde
510 1180 619 1274 Φίλος,
640 1187 766 1267 praeter
785 1182 992 1250 Homericam
1014 1186 1276 1250 consuetudinem

106 1307 134 1351 ac
158 1295 275 1373 praeter
304 1291 351 1354 rei
379 1293 548 1362 naturam,
578 1307 641 1371 qua
672 1307 769 1372 quem
791 1290 892 1355 semel
915 1290 1052 1356 salutare
1075 1293 1152 1356 satis
1173 1296 1222 1356 est
1245 1303 1277 1356 et

105 1401 285 1460 consuetum.
319 1394 441 1461 Eodem
465 1393 668 1460 incommodo
690 1395 897 1479 premebatur
918 1395 1007 1462 locus
1031 1397 1069 1462 ab
1094 1397 1276 1463 Aristarcho

105 1501 290 1568 emendatus:

225 1605 437 1683 adnunciare
460 1605 581 1684 petro,
606 1604 691 1670 ccxci
715 1629 770 1685 περ
795 1605 973 1688 πάσχοντες
998 1608 1127 1688 ἑταῖρον,

217 1709 267 1778 Ὠ
295 1721 432 1786 ΦΙΛΟΙ,
457 1713 489 1776 οὐ
513 1711 576 1791 γὰρ
599 1711 709 1790 alapae

103 1818 147 1884 vel
177 1819 279 1885 solum
313 1817 396 1884 illud
430 1814 451 1881 ὦ
487 1818 574 1894 ditor
606 1820 714 1904 arguit
747 1838 783 1883 ea
811 1839 891 1903 quae
921 1819 1113 1903 praecedunt
1143 1818 1277 1884 moleste

105 1924 250 1992 abundare
274 1931 306 1991 ct
328 1943 560 2008 supervacanea
584 1944 661 1988 csse.

140 2030 333 2106 versiculus,
366 2049 462 2113 quem
490 2031 595 2094 nescio
626 2031 697 2114 quis
727 2028 813 2094 male
844 2029 973 2095 sedulus
1002 2032 1184 2115 importuno
1207 2030 1277 2096 loco

102 2137 238 2215 inseruit,
265 2140 300 2201 in
322 2142 455 2219 utroque
479 2137 617 2200 carmine
641 2133 782 2206 κυκλνκόρ
808 2135 880 2203 isra.
927 2134 1118 2220 Saepissime
1140 2139 1276 2226 legitur:

359 2241 424 2305 Ncl
451 2241 485 2314 dol
510 2240 616 2304 reesa
640 2265 679 2318 ys
705 2239 832 2325 serra,
856 2239 954 2321 γέρον.

100 2345 145 2412 vel
164 2369 218 2434 pro
241 2346 328 2428 γέρον
352 2347 458 2422 τέκος,
485 2345 555 2422 θεοὶ,
582 2345 694 2423 γόνοιο,
719 2345 829 2427 φίλος,

515 2453 520 2460 ’
822 2452 907 2518 κοντοὶ
930 2462 1039 2535 perper
1063 2455 1186 2529 ἔοενπες.

98 2557 144 2622 vel
162 2560 224 2626 alia
246 2560 350 2625 forma
373 2584 406 2637 ρ.
432 2557 508 2623 331.

223 2663 244 2731 ὦ
269 2665 375 2747 γέρον,
400 2665 463 2740 ἦτον
487 2669 594 2728 τοῦτον
617 2665 703 2730 κοντοὶ
727 2672 836 2746 μοῖροιν
867 2664 1052 2742 κοτέλεξονς.

99 2771 145 2836 rel
167 2797 199 2850 γ.
225 2770 301 2839 327.

224 2876 259 2944 οὗ
280 2878 315 2954 δὴ
339 2877 443 2942 τοῦτοί
468 2877 502 2954 γ’
524 2876 665 2961 ἔφησθα,
691 2875 776 2957 γέρον
801 2877 888 2958 Φίλε.

97 2985 144 3050 rel
164 3010 200 3066 χ.
226 2984 303 3051 486.

227 3094 275 3157 val
301 3092 336 3167 aa
360 3089 465 3157 codrot
490 3113 549 3174 γε,
573 3089 676 3154 τέκνον
700 3087 790 3167 ἐμόν,
815 3091 900 3155 κοντοὶ
924 3099 1033 3172 μοῖροιν
1058 3089 1182 3164 trecass.

98 3197 146 3262 rel
169 3211 205 3265 Σ.
231 3198 308 3264 128.
394 3198 397 3206 ’

228 3283 276 3371 leet
302 3304 338 3377 aa
360 3311 511 3367 TATTA
535 3326 593 3379 γε,
616 3300 736 3386 τέκνον,
762 3302 922 3381 ἐτήτυμον.

96 3412 150 3476 ubi
178 3417 289 3478 tamen
320 3413 424 3475 coire
455 3408 643 3474 mendosum
675 3415 731 3474 est.
780 3408 950 3474 Habebant
980 3412 1066 3474 enim
1096 3410 1216 3475 scribae
1243 3431 1281 3474 ex

96 3522 140 3582 tot
161 3518 297 3585 Homeri
320 3517 398 3582 locis
422 3515 547 3581 iocvaor
572 3512 618 3577 τό·

456 3622 503 3687 νον)
528 3622 563 3697 aa
585 3620 691 3686 τοῦτοί
716 3646 755 3698 γε
780 3619 897 3686 nederc.
964 3623 966 3626 ’

96 3729 147 3794 sed
168 3752 254 3796 nunc
278 3731 424 3817 quidem:

342 3835 390 3900 oct
414 3835 449 3911 dl
473 3843 624 3900 ΤΟΥΤΟ
651 3859 708 3918 γε,
733 3832 855 3911 τέκνον,
881 3834 1041 3911 ἐτήτυμον.

95 3943 249 4027 scriptum
272 3944 423 4028 oportuit.

135 4044 172 4110 In
195 4046 265 4113 loco
288 4047 379 4114 Iliad.
403 4059 436 4112 Β.
462 4045 538 4112 284.
564 4046 690 4111 Beklrer
714 4052 745 4111 et
768 4046 801 4112 la
823 4046 930 4112 Roohe
955 4046 1139 4112 ediderunt:

251 4154 411 4233 Ἀτρεΐδη,
437 4159 488 4217 νῦν
513 4161 570 4216 ΔΗ
595 4176 650 4237 σε,
675 4152 785 4231 οοένοοξ,
812 4150 959 4217 ἐθέλουσιν
985 4151 1112 4232 'exarat

253 4261 348 4324 ποῖονν
374 4258 538 4337 ἕλε’νχνςον
563 4257 697 4335 θέμενοι.

92 4381 151 4425 non
175 4363 274 4431 dnbio
298 4385 408 4430 errore.
446 4364 533 4429 Audi
557 4366 644 4429 enim
669 4364 823 4431 disertum
847 4365 1024 4431 Aristarchi
1043 4367 1282 4432 testimonium:
