3096 4972
787 201 854 278 568

225 401 264 464 ui
294 395 431 464 assolent
462 404 577 479 πρῶτον
609 397 666 479 μέν
690 402 722 464 et
745 395 866 466 ἕποιτο.
912 399 1024 467 Prima
1047 400 1187 469 conditio
1211 408 1259 469 eei
1282 399 1406 490 duplex:

226 506 269 586 τῷ
300 505 394 583 μηδὲν
422 503 573 581 ἀδικιρκθτι
598 507 721 571 πώποτε
745 507 818 585 μηδ’
842 507 1017 573 inevidentia
1040 507 1195 587 βοθλντοιι
1220 509 1408 591 δυνησομένῳ.

226 612 455 677 Demosthenes
486 613 610 697 eopiosa
640 611 749 676 doeuii
779 633 842 678 non
872 633 939 679 esse
968 614 1046 679 eatis
1070 614 1105 680 τὸ
1128 616 1223 694 μηδὲν
1248 615 1409 691 θδικνκένοο

227 719 367 796 πώποτε,
391 737 530 802 namque
553 737 662 782 omnee
684 721 820 783 mutatis
842 720 1040 804 temporibus
1062 726 1189 787 mutare
1213 727 1365 788 mentem.

272 823 310 890 In
341 827 483 889 extremo
512 822 582 890 loeo
605 822 722 889 sciolus
744 825 849 889 neseio
873 827 944 911 quis
967 825 1063 908 τούτῳ
1088 827 1187 893 δοτέον
1210 828 1412 916 frigidissime

228 932 267 999 de
298 949 356 997 suo
386 929 521 996 addidit„
567 929 639 997 Non
668 928 829 996 intellexit
857 930 936 998 haee
966 935 1076 1000 omnia
1101 935 1238 1021 pendere
1261 956 1302 1000 ex
1324 932 1413 1001 δοτέον

227 1063 258 1106 τι
281 1059 424 1104 τοιουτου.

274 1249 357 1337 Pag.
392 1244 470 1316 664.
499 1245 531 1314 2.
553 1283 596 1298 ·-
614 1246 782 1327 ἀνιέμενον
815 1247 1033 1336 (Ιρέιίοτυέοιυ)
1064 1251 1104 1321 ὥς
1139 1251 1197 1326 μὲν
1232 1251 1316 1328 ὑμᾶς
1352 1250 1415 1330 οὐχὶ

231 1361 334 1427 κοιλιῖις
368 1351 452 1436 ἔχειν
483 1353 593 1431 ἐλθεῖν,
627 1349 677 1427 οὓς
708 1355 826 1435 ὑεέρους
851 1354 1013 1429 έπεποθντο
1034 1360 1088 1420 τοῦ
1113 1358 1232 1440 Θρᾳκὸς
1256 1357 1310 1421 κιιὶ
1337 1355 1412 1443 [τοῦ]

230 1459 404 1542 βορβάρου,
450 1459 607 1548 Expunge
629 1458 767 1524 alterum
790 1465 856 1526 τοῦ.
904 1458 952 1526 De
973 1480 1037 1526 uno
1060 1461 1190 1528 homine
1212 1463 1292 1528 haee
1315 1463 1415 1528 dieun-

230 1571 293 1632 tur.
340 1573 378 1630 ‘0
406 1565 493 1650 Θρέιξ
514 1566 566 1631 κον)
591 1563 605 1627 θ
627 1565 787 1645 βάρβκρος
811 1566 874 1631 duo
897 1570 981 1632 sunl.

275 1775 351 1858 Peg.
384 1772 461 1840 665.
494 1771 548 1838 22.
579 1776 630 1838 νῦν
653 1772 685 1838 δὲ
708 1772 891 1853 aleaume
916 1775 1078 1857 Χοιριδθμῳ
1102 1777 1144 1858 τῷ
1168 1775 1259 1842 πόλιν
1280 1778 1339 1856 μέν
1362 1776 1418 1844 οὐδ’

232 1884 364 1959 ἡντινοῦν
395 1882 539 1956 οἰκοῦντι,
574 1878 671 1963 epau>
704 1878 736 1943 δὲ
766 1880 908 1961 ἀνθρώπῳ
943 1880 1105 1966 [dacem]
1137 1889 1343 1962 ςροιτνγοῦνπι
1368 1883 1416 1948 nal

231 1989 283 2056 διά
309 1997 364 2064 τῆς
390 1988 501 2054 ἐκεθνου
525 1986 694 2066 βασιλείοις
718 1986 851 2059 πολλοὺς
876 1987 1039 2053 ἀδικοῦντι.
1085 1986 1173 2053 Scire
1194 1989 1295 2056 velim
1318 1991 1419 2074 eequis

232 2098 313 2162 aerio
346 2095 453 2160 eredat
481 2095 561 2160 bene
592 2090 714 2159 Graece
745 2093 809 2158 diei
838 2114 928 2178 posse
959 2091 1047 2178 Θρᾲξ
1077 2091 1229 2175 ἀνθρωπος
1253 2095 1418 2174 βοοιλεθς,

231 2201 285 2268 vel
308 2202 436 2266 omnino
460 2199 611 2280 ἄνθρωπος
636 2199 801 2277 βασιλεύς.
848 2197 1046 2266 Ooutemtim
1070 2205 1103 2266 et
1124 2200 1287 2267 fastidiose
1308 2202 1419 2268 Deme

232 2307 359 2372 sthenes
383 2306 505 2372 dixerat
530 2305 627 2389 Θρρκὶ
652 2304 682 2368 δὲ
707 2304 863 2385 ἀνθρώπῳ,
888 2311 926 2370 ut
949 2304 1052 2371 solent
1075 2303 1191 2372 Graeci
1218 2308 1418 2373 barbarorum

232 2432 324 2500 reges
356 2415 413 2476 aul
442 2410 587 2499 regulos,
620 2430 699 2497 quoe
729 2411 926 2497 despiciunt,
958 2410 1155 2496 appellitare.
1202 2412 1255 2479 Sia
1282 2415 1295 2478 θ
1318 2415 1417 2489 Μῆδος

232 2519 365 2596 dieitur,
402 2515 416 2580 ι’
452 2518 577 2597 Τύριος,
612 2518 626 2582 θ
662 2517 800 2588 Σιδώνιος
835 2521 868 2582 et
901 2515 1073 2602 Philippus
1108 2517 1216 2584 odioso
1247 2521 1374 2585 nomine
1403 2517 1416 2582 θ

230 2622 393 2690 Μακεδών.
440 2621 551 2708 Neque
583 2621 775 2709 ambiguum
806 2642 874 2688 esee
896 2627 1002 2708 polest
1025 2643 1120 2707 quem
1144 2624 1246 2709 dieat,
1269 2628 1343 2710 quia
1365 2624 1416 2690 ad·

231 2732 314 2798 didit
336 2730 388 2795 διά
411 2737 466 2804 τῆς
489 2727 600 2794 ἐκείνου
621 2728 799 2806 βυσιλεθοος.
836 2727 946 2794 Simili
964 2729 1060 2794 modo
1080 2729 1162 2794 dixit
1179 2751 1254 2817 pag.
1276 2729 1414 2796 654.18.

227 2837 345 2918 μηδένα
368 2831 446 2902 εένιιι
469 2841 528 2900 τῶν
551 2840 677 2917 Θρῳκῶν
700 2831 833 2915 ἰσχυρόν.
859 2854 891 2919 p.
914 2832 990 2899 664.
1019 2833 1071 2900 ll.
1091 2837 1143 2900 τὸν
1165 2845 1276 2922 Θρᾷκα
1295 2836 1414 2919 ἰσχυρὸν
1529 2917 1530 2934 ¹

231 2944 285 3026 έφ’
319 2943 401 3022 θμάς
426 2940 539 3014 κθτοὺς
562 2937 835 3005 κοοτεοκευοικένοιι.
858 2960 933 3028 pag.
959 2936 1036 3006 679.
1063 2941 1115 3007 ll.
1140 2945 1191 3008 τὸν
1215 2943 1347 3023 πόλεμον
1369 2943 1414 3008 δι·

231 3050 297 3122 διιδς
328 3049 380 3115 πδν
411 3047 482 3128 πρὸς
512 3047 582 3118 τοὺς
617 3050 755 3128 Θρρῖκοις.
784 3067 816 3132 p.
843 3045 919 3112 681.
946 3045 999 3112 15.
1024 3047 1066 3112 τά
1090 3048 1162 3128 πρὸς
1187 3050 1258 3123 τοὺς
1284 3057 1415 3134 epam.

231 3158 282 3223 Ad
311 3156 392 3220 hane
422 3154 529 3219 lucem
560 3152 768 3218 manifestum
799 3156 946 3218 tenemus
976 3153 1137 3220 emblema
1167 3177 1242 3243 pag.
1267 3156 1339 3223 689.
1362 3152 1412 3219 29.

227 3262 302 3333 τοὺς
327 3267 454 3346 Θρᾷκοις
473 3258 547 3330 ’τοὺς
571 3255 623 3323 δύο
650 3259 734 3343 [τοὺς
758 3258 943 3344 βκοιλέοις].

276 3471 358 3559 Pag.
383 3466 459 3533 666.
487 3466 515 3533 1.
542 3461 592 3548 ἀρ’
616 3461 665 3533 οὖν
689 3469 785 3533 κοιλθν
804 3507 845 3517 -
864 3473 918 3534 τοῦ
941 3470 997 3549 μὲν
1019 3465 1110 3536 ένεκοι
1133 3477 1189 3545 τῆς
1212 3471 1320 3538 ἑοιυτοῦ
1339 3483 1413 3534 πλε·

232 3577 351 3656 ονεξέοις
375 3574 648 3655 ἕπιβουλεθῦοντος
672 3570 715 3649 οἷς
739 3573 778 3640 ἀν
801 3573 886 3659 edm
910 3576 1054 3651 τοιοιθτιιν
1074 3578 1222 3660 Φυλοοκίον
1243 3571 1412 3658 ἐψηφισμέ-

233 3711 297 3759 νους
328 3683 509 3766 Φοιθνεοθοοι,
542 3689 604 3754 τοῖς
636 3681 662 3746 δ’
695 3682 768 3761 ὑπὲρ
796 3690 852 3756 τῆς
877 3683 991 3749 έοιυτῶν
1015 3684 1184 3764 ἐλευθερίοις
1208 3679 1412 3760 ἀμυνομένοις

234 3792 387 3873 εθργεοθοοι
412 3797 468 3865 τῆς
492 3787 641 3868 ὑμετέροις
660 3789 854 3868 σνμμοιχθοις
875 3788 1094 3870 προειρηκένοι;
1119 3789 1328 3875 Elxaequanda
1343 3787 1412 3852 eunt

232 3899 310 3965 haee
340 3902 379 3962 ul
405 3895 562 3962 scribatur
585 3893 855 3972 ἐπιβουλεύσοντος
874 3933 918 3946 -
933 3895 1194 3981 ἀμυνΟΤμένοις,
1217 3917 1292 3964 nam
1313 3909 1411 3961 eenffl

233 4011 283 4072 eet
304 4000 379 4070 θτοον
403 4003 482 4075 τινὲς
505 4001 694 4080 ἀμύνωνται.

279 4213 361 4301 Pag.
386 4209 460 4276 666.
489 4206 543 4276 26.
568 4208 674 4282 πθλεις
698 4208 945 4290 κοοτελάμβιινεν
969 4209 1172 4288 Ἑλληνίδος,
1197 4212 1241 4285 εἷς
1265 4201 1302 4284 ἀς
1323 4199 1407 4274 εθοιθιν

235 4317 342 4389 πολλά
372 4316 425 4381 καὶ
456 4315 541 4380 δεῖνοι
572 4315 665 4382 έποέει
689 4317 816 4392 ποιῑδοις
841 4316 1011 4400 ἐλευθέρους
1035 4318 1170 4406 [ἀδικῶν]
1195 4318 1248 4385 κοιδ
1271 4319 1407 4400 ramim
