3052 4970
820 243 885 312 378

430 432 576 512 βέλτερον
600 429 631 504 δη
656 433 783 515 φεύγων
809 431 959 516 apocopa
982 437 1076 501 κοικδν
1099 437 1132 510 ἠὲ
1156 437 1263 514 raeda.

297 549 330 604 P.
357 537 433 605 506.
460 540 478 616 ἤ
502 543 531 605 κ’
555 538 649 612 ωὑτὸς
673 538 714 603 ἐν)
740 538 881 619 πρώτοισι
905 540 1015 623 ιμλώη.

251 647 329 712 1333
359 647 466 711 omnia
494 646 614 711 habent
643 647 764 730 optime
794 647 917 719 τωλώω,
947 648 1082 729 rasciae,
1108 648 1224 730 raeda,
1248 650 1298 715 sed
1317 649 1410 714 uitiosa

252 756 407 839 scriptura
429 757 478 820 331
499 752 583 838 apud
606 751 790 816 Beirkerum
814 756 846 816 31
870 751 983 839 Odyss.
1010 777 1034 819 ο.
1060 752 1136 818 300.

458 856 606 938 ίρμοοίνων
629 857 646 931 ἦ
672 881 722 921 κεν
746 857 874 922 cavera
899 858 997 938 φύγοι
1020 857 1036 936 ἦ
1061 884 1112 925 κεν
1136 857 1233 942 ἁλῴη.

253 971 285 1032 31
315 966 342 1045 ξ.
378 964 453 1031 183.
486 966 503 1040 ἦ
535 988 586 1028 κεν
619 962 704 1045 ἁλῴη
737 965 754 1040 ἥ
785 987 820 1028 κε
852 963 962 1046 φύγω.
1008 967 1156 1051 Namque
1184 968 1313 1054 optativi
1332 965 1413 1030 forma
1500 987 1501 1030 3

252 1075 320 1138 sine
342 1071 411 1136 ulla
432 1071 645 1136 controversia
670 1078 717 1134 est
740 1069 885 1147 οὶλΟΙην,
909 1077 947 1136 31
969 1072 1066 1159 δοίην,
1090 1073 1194 1152 γνοίην
1218 1081 1250 1140 31
1271 1073 1372 1156 βιοίην,
1391 1073 1414 1135 31

253 1182 357 1244 exstat
378 1178 477 1263 proba
500 1181 532 1242 et
555 1177 677 1243 sincera
698 1175 802 1242 forma
825 1187 862 1241 x.
887 1174 965 1245 253.

618 1279 721 1357 ἕλοιμί
743 1305 793 1345 κεν
818 1283 835 1358 ἥ
860 1307 894 1347 κε
918 1283 1048 1358 τολοίην.

298 1388 409 1474 Itaque
431 1387 481 1453 bis
503 1387 736 1452 emendandum
759 1389 794 1453 in
818 1386 959 1479 Odyssea
982 1390 999 1465 ἥ
1024 1414 1074 1454 κεν
1098 1388 1227 1456 deivarae
1249 1389 1340 1473 φύγοι
1360 1389 1416 1464 iae

254 1494 374 1579 νωλοίη,
406 1499 438 1560 31
468 1493 484 1568 ἦ
516 1518 551 1559 κε
580 1493 683 1568 rescia
707 1495 725 1569 ἤ
751 1517 785 1559 κε
810 1495 919 1575 φύγοι.
967 1494 1075 1562 Simul
1098 1502 1146 1563 331
1169 1517 1280 1583 operae
1304 1497 1418 1582 pretium

255 1601 506 1668 animadvertere
537 1619 616 1685 quae
646 1601 690 1664 sit
712 1601 908 1687 corruptelae
932 1604 1022 1690 origo
1046 1607 1078 1667 et
1100 1603 1180 1669 1333.
1228 1601 1369 1670 Graeculi
1387 1621 1419 1666 se

255 1708 380 1793 quiores
405 1711 443 1772 31
466 1704 531 1772 3113
553 1710 701 1771 sexcenta
723 1708 896 1792 peccabant
921 1714 1029 1774 contre
1050 1728 1174 1774 morem
1197 1712 1368 1785 maiorum,
1386 1709 1420 1772 ita

254 1814 312 1879 has
341 1833 465 1899 quoque
495 1812 614 1878 formas
643 1812 768 1889 διδοίην,
800 1813 897 1892 δοίην,
929 1815 1050 1900 γνοίην,
1075 1815 1181 1889 οὶλοίην
1204 1821 1238 1882 31
1259 1815 1352 1895 βιοίην
1371 1835 1420 1878 333-

253 1926 366 1984 carata
394 1921 508 1986 vitiare
539 1915 838 2004 333333331διδῴην
862 1920 1174 2003 (1133313331δῴην,
1200 1919 1320 2003 γνῴην,
1340 1917 1420 2000 dado
1502 1969 1503 1972 .

256 2029 288 2090 31
310 2025 404 2108 dadau
429 2030 537 2090 contra
562 2024 743 2111 analogiam
768 2031 800 2091 et
823 2031 947 2091 certum
969 2032 1223 2113 perpetuumque
1250 2027 1421 2112 antiquitatis

254 2152 361 2196 usum.
407 2130 573 2216 Increpant
597 2132 756 2219 magistri.
793 2129 999 2218 Phrynichus
1020 2154 1092 2221 pag.
1120 2132 1196 2197 345.
1232 2133 1346 2200 Moeris
1363 2115 1419 2216 pag.

258 2236 333 2304 117.
382 2237 576 2322 Δωίημεν,
610 2237 746 2311 δοίητε
773 2235 935 2312 ’Λττοκῶς.
962 2237 1133 2321 δῴημεν,
1159 2236 1285 2320 δῴητε
1307 2241 1420 2310 Ἐλληνι-

255 2350 325 2417 κῶς.
371 2344 481 2429 133313
508 2349 541 2408 31
570 2343 670 2408 313113
701 2342 884 2428 obloquitur
916 2342 1055 2410 Thomas
1086 2344 1245 2432 Magister
1272 2365 1341 2432 pag.
1362 2337 1420 2407 225.
1503 2399 1504 2402 ,

255 2455 288 2516 31
318 2451 405 2515 13331
436 2449 595 2514 doctrinae
626 2451 728 2534 specie
755 2447 888 2515 Suidas:
920 2447 1020 2531 quin
1053 2452 1121 2516 riori
1146 2455 1199 2516 τοῦ
1223 2447 1420 2530 1131311333

255 2557 307 2622 aci
332 2558 367 2621 ri
393 2552 465 2636 δῴη
490 2555 558 2619 cirri
584 2559 637 2620 τοῦ
662 2555 724 2630 δοίη
752 2564 935 2637 -Δωμκῶο,
969 2557 1042 2622 Ν33
1066 2562 1140 2624 sunt
1162 2557 1241 2624 haec
1259 2557 1365 2624 Dorica
1380 2552 1421 2619 sed

176 2676 179 2681 “
256 2685 274 2730 3
295 2683 363 2730 sero
381 2664 466 2727 netis
484 2659 650 2728 Graeculis
669 2664 819 2747 imperite
840 2661 927 2741 ficta,
950 2683 1029 2748 quos
1048 2664 1174 2748 quidem
1197 2663 1291 2730 facile
1305 2665 1423 2750 patimur

253 2769 341 2855 loqui
373 2789 429 2834 suo
460 2745 615 2834 arbitratu
648 2767 823 2834 dummodo
859 2770 990 2854 antiqua
1023 2768 1205 2834 litterarum
1240 2771 1423 2835 monumenta

253 2896 310 2942 suo
340 2879 487 2940 contactu
517 2894 580 2938 non
611 2872 768 2958 impleant
806 2876 1092 2961 contaminentqne.
1142 2873 1205 2940 Sed
1238 2881 1343 2941 contra
1370 2867 1422 2935 fieri

253 2981 417 3048 videmus:
439 2980 633 3064 ubicumque
653 2981 741 3044 enim
760 2983 877 3046 vitiosa
896 2983 1077 3066 aequiorum
1099 2981 1241 3056 3331133
1262 2981 1301 3046 31
1320 2977 1421 3060 antiqui

254 3087 409 3152 sermonis
432 3087 612 3151 sinceritate
636 3084 770 3157 discedit
789 3087 937 3153 videmus
957 3086 1108 3152 lectiones
1127 3087 1242 3172 probas
1262 3092 1294 3152 31
1310 3089 1422 3151 sinceras

254 3198 400 3260 veterum
425 3191 464 3255 ad
487 3188 581 3277 vulgi
604 3192 866 3257 consuetudinem
889 3191 1013 3280 refingi.
1048 3192 1087 3256 ln
1110 3193 1290 3278 complures
1311 3187 1422 3256 Homeri

254 3298 354 3365 libros
373 3308 413 3363 Π.
439 3295 504 3363 625
527 3299 654 3381 irrepsit
678 3296 753 3380 δῴης
777 3319 833 3383 pro
858 3298 953 3375 δοίης,
978 3304 1010 3364 31
1033 3301 1078 3365 313
1101 3319 1158 3384 pro
1182 3299 1271 3373 νὶλοίη
1291 3289 1421 3372 1131131

254 3425 288 3469 33
317 3406 493 3471 insinuavit
523 3406 706 3469 intextum
731 3405 925 3471 dormitante
948 3405 1077 3471 custode
1099 3405 1257 3471 Behlrero.
1302 3404 1422 3469 13313133

255 3511 372 3576 aserai
404 3511 522 3596 sensim
554 3530 589 3574 ac
622 3509 792 3595 paullatim
815 3512 850 3575 in
875 3511 1118 3576 desuetudinem
1142 3510 1238 3588 abiit,
1264 3515 1301 3575 ut
1320 3507 1421 3572 idaeas

255 3638 388 3704 quoque.
435 3615 591 3681 Dicebant
613 3617 715 3702 inepti
738 3616 880 3694 ἑοίλωμοιι
905 3621 937 3682 31
961 3617 1108 3693 taedias,
1128 3637 1207 3701 quas
1226 3616 1340 3681 formae
1357 3606 1422 3696 apud

254 3724 431 3791 Diodorum
463 3719 611 3786 Siculum
643 3728 675 3787 et
709 3723 894 3808 Appianum
929 3722 995 3801 περὶ
1033 3723 1194 3803 ἐμφυλίων
1227 3721 1356 3786 memini
1383 3732 1422 3780 me

254 3829 371 3916 legere.
401 3811 709 3892 Ι1111333οὶλίσνεον
743 3848 800 3912 pro
837 3829 930 3907 αἱρεῖν
964 3827 1067 3893 dicere
1101 3833 1282 3912 coeperunt.
1334 3823 1423 3904 Itaque

256 3939 380 4000 ἈΛΩΙ
410 3933 487 4019 quid
519 3938 600 3998 33331
623 3934 829 3998 mirabantur.
878 3932 915 3997 In
943 3933 1136 4016 Antiphanis
1158 3933 1337 4020 fragmento
1357 3922 1422 4013 apud

255 4040 456 4106 Athenaeum
477 4060 549 4127 pag.
577 4038 651 4103 450.
679 4048 716 4103 Ε.
743 4040 800 4104 311
823 4044 916 4125 potita
939 4039 1084 4105 dederat:

677 4151 739 4216 πῶς
760 4146 822 4225 γὰρ
847 4143 962 4224 γένοιτ’
988 4143 1045 4222 ἄν,
1072 4141 1092 4208 ὦ
1117 4144 1237 4230 πάτερ,

459 4251 553 4333 ῥήτωρ
576 4249 716 4333 citiorem
743 4263 776 4315 B.
802 4253 836 4328 ἣν
861 4252 928 4332 οὶλῷ
952 4251 1016 4331 τρίς
1039 4249 1237 4331 ποοροονίμων.

255 4364 289 4428 13
312 4359 483 4444 archetypo
508 4362 539 4422 et
561 4357 751 4446 apographis
775 4359 933 4423 331οὶλλῶ
957 4377 1014 4443 pro
1038 4355 1104 4438 ἁλῷ
1128 4359 1196 4422 3133
1215 4377 1317 4423 sensu.
1343 4347 1422 4417 11111
