3080 4972
681 205 855 304 ω’

104 424 217 514 scripta
238 432 314 492 sunt
332 426 399 493 illis
420 426 635 512 temporibus,
657 450 756 514 quum
777 429 975 517 Theopompi
994 429 1172 498 Φιλιππικά
1191 437 1295 499 essent

103 536 132 597 in
155 536 306 598 omnium
328 534 489 599 manibus.
565 591 568 594 .

142 745 239 811 Nune
275 746 458 832 epistolam,
494 749 722 832 ouiusoumque
759 757 828 830 est,
863 751 971 816 ordine
1010 772 1233 836 percurremus
1263 755 1292 819 si

103 853 175 936 quid
199 852 282 918 forte
304 853 523 919 emendatione
546 853 599 919 vel
622 857 882 940 interpretatione
906 857 1041 944 indiget.

141 959 359 1024 Destituimur
389 962 425 1024 in
452 981 488 1024 ea
511 981 544 1025 re
567 963 683 1046 optimi
706 966 738 1026 et
761 959 939 1028 fidelissimi
963 966 1054 1028 testis
1075 963 1206 1029 auxilio.
1252 962 1290 1028 In

102 1061 214 1130 Oodioe
243 1062 266 1130 S
295 1064 439 1150 Epistola
472 1065 617 1152 Philippi
646 1087 709 1131 non
738 1073 915 1153 comparet,
940 1090 1020 1154 quae
1043 1075 1209 1156 propterea
1232 1068 1289 1135 ali-

102 1176 216 1254 quanto
238 1170 418 1237 mendosior
441 1192 537 1256 quam
561 1171 684 1258 reliqua
707 1179 782 1240 sunt
804 1175 1034 1242 circumfertur.

141 1384 224 1472 Pag.
259 1380 334 1448 158.
371 1381 401 1447 3.
436 1384 539 1460 ἐπειδη
564 1385 718 1457 πολλάκις
742 1410 802 1462 μου
826 1385 971 1468 πρέσβεις
994 1389 1218 1462 άποςεθλαντος
1245 1427 1288 1440 -

101 1489 244 1568 οὐδεμίαν
268 1490 450 1581 ἐποιήσασθε
476 1491 641 1572 ἐπιεροφην
663 1489 746 1574 ᾢμην
772 1491 832 1560 δεῖν
856 1492 985 1572 πέμψαι
1009 1495 1081 1574 πρός
1106 1495 1189 1573 ὑμάς
1214 1495 1287 1576 ὑπὲρ

100 1592 134 1660 civ
165 1597 336 1662 ἀδικεῖσθαι
368 1595 487 1678 νομθζω.
535 1597 741 1664 Desideratur
769 1599 964 1666 vocabulum
986 1621 1089 1666 unum
1112 1604 1287 1667 sententiae

99 1723 224 1786 prorsus
256 1705 477 1768 necessarium.
527 1701 646 1788 Supple
678 1701 762 1786 ᾤμην
785 1706 846 1770 δεῖν
871 1706 1135 1771 ἘΠΙΟΤΟΛΗΝ
1160 1704 1287 1784 πέμψαι

100 1808 167 1888 πρὸς
200 1810 295 1886 ὑμᾶς.
329 1807 469 1886 Πόμπειν
501 1809 644 1875 absolute
668 1813 809 1895 positum
833 1811 952 1876 dieitur
975 1811 1013 1876 de
1035 1811 1169 1898 legatis,
1195 1815 1232 1875 ut
1256 1816 1288 1877 et

99 1915 174 1980 alibi
205 1917 326 2001 passim
357 1920 390 1980 et
417 1917 452 1980 in
474 1915 533 1980 hac
555 1917 626 2001 ipsa
648 1915 792 2002 Epistola
815 1938 889 2004 pag.
915 1915 991 1981 162.
1018 1915 1048 1982 5.
1072 1915 1141 1982 οὔτε
1165 1917 1200 1981 τὸ
1223 1941 1288 1998 χω-

98 2023 152 2101 ρθον
190 2019 261 2086 οὔτε
295 2021 365 2093 τοὺς
401 2023 545 2102 Φρονροὺς
580 2022 765 2088 άπεὺθδοσαν
800 2023 1046 2104 πέμψαντος
1082 2023 1154 2106 ὑπὲρ
1186 2025 1286 2090 αὑτῶν

98 2127 170 2203 ἐμοῦ
195 2127 361 2198 πολλάκις.

137 2338 218 2427 Pag.
253 2337 330 2405 158.
364 2338 395 2404 6.
426 2340 471 2416 μὴ
500 2337 684 2416 θαυμάσητε
709 2339 740 2405 δὲ
763 2341 798 2405 τὸ
822 2347 918 2419 μῆκος
940 2347 998 2440 ,τῆς
1023 2342 1187 2416 ἐπιπολῆς·
1212 2357 1287 2408 πολ-

94 2451 152 2510 λῶν
186 2447 250 2524 γάρ
283 2444 482 2526 ὑπαρχόντων
515 2445 726 2525 ἐγκλημάτων
758 2446 930 2525 άναχκαῖόν
955 2448 1016 2514 ἐςιν
1041 2446 1114 2527 ὑπὲρ
1139 2445 1285 2512 άπάντων

93 2549 226 2624 δηλῶσαι
262 2553 411 2632 καθαρῶς.
461 2551 678 2638 Sophietieum
711 2555 817 2641 magis
851 2575 948 2638 quam
982 2556 1110 2641 regium
1143 2558 1205 2619 est:
1239 2556 1282 2631 μη

93 2657 277 2735 θαυμάσητε
307 2659 342 2723 τό
375 2667 471 2737 μῆκος
502 2667 557 2734 τῆς
591 2660 753 2738 ἐπιπολῆς,
787 2665 818 2724 et
848 2658 964 2725 melius
987 2659 1067 2726 talia
1089 2661 1123 2723 in
1145 2657 1206 2724 fine
1229 2680 1284 2745 po-

90 2771 221 2830 nuntur.
268 2763 447 2853 Iueongrua
469 2766 546 2831 haee
569 2771 643 2830 sunt
665 2768 700 2830 in
722 2765 855 2851 epistola
874 2768 1008 2844 minaei,
1029 2785 1092 2850 qua
1112 2763 1283 2851 Philippus

91 2876 139 2936 tot
183 2878 215 2937 et
257 2877 420 2938 tantarum
462 2873 654 2938 iniuriarum
687 2874 859 2958 impatiens
895 2872 1141 2938 Atheniensibus
1175 2876 1282 2957 aperte

90 2979 207 3043 indioit
229 2977 361 3044 bellum.

133 3083 171 3149 In
208 3084 407 3167 ὑπαρχόντων
442 3106 499 3171 pro
533 3084 622 3151 όντων
656 3073 838 3172 agnoscitur
868 3085 994 3169 sequior
1024 3087 1124 3149 aetas:
1155 3082 1282 3150 labente

90 3187 273 3258 Graecitate
299 3191 383 3257 nihil
412 3194 544 3258 interest
567 3194 650 3256 inter
673 3185 769 3269 εἶναι,
795 3189 948 3272 ὑπάρχειν
972 3193 1004 3254 et
1028 3188 1217 3262 καθεςάναι,
1241 3194 1280 3254 ut

88 3319 188 3384 supra
217 3320 289 3386 pag.
325 3297 399 3362 153.
433 3298 487 3364 21.
519 3300 545 3363 οἱ
578 3299 663 3363 κατά
695 3299 750 3372 την
775 3297 886 3362 Ἀσίαν
910 3292 1072 3375 σατράπαι
1097 3294 1279 3367 καθεςῶτεε.

87 3403 176 3469 'lum
215 3406 351 3490 repetita
392 3403 517 3492 syllaba
559 3404 649 3492 lege:
693 3409 813 3469 πολλῶν
847 3403 910 3484 γάρ
945 3399 1145 3481 ὑπαρχόντων
1180 3408 1281 3465 ΤΩΝ

86 3509 314 3588 ἐγκλημάτων.

130 3721 219 3810 Peg.
251 3722 327 3790 159.
360 3724 391 3789 2.
417 3725 448 3788 οὑ
473 3730 535 3796 τοῖς
560 3729 787 3803 παρανομοῦσιν
812 3721 1024 3799 ἐπετιμήσατε
1048 3717 1094 3788 ότι
1118 3723 1173 3796 την
1196 3720 1280 3797 δόκην

85 3831 180 3894 άλλά
215 3829 261 3895 τόν
295 3829 492 3907 άθικσόμενον
525 3825 645 3924 εἵρξατε
677 3827 750 3894 δέκα
781 3833 894 3905 μῆνας.
940 3826 1123 3893 Dindorfius
1145 3827 1280 3892 molesta

84 3938 190 4000 verba
216 3935 256 4001 θτι
281 3937 337 4008 την
361 3936 444 4008 δίκην
469 3937 562 4000 eiecit
585 3940 617 4001 et
641 3935 807 4020 adscripsit
833 3934 951 4010 „obesse
973 3935 1012 3998 ab
1033 3929 1130 3998 Oodd.
1156 3931 1279 3998 duobus

85 4041 244 4130 Augeri.''
289 4040 403 4106 Valeat
434 4044 583 4129 Augerus
614 4062 688 4106 cum
718 4043 784 4104 suis
815 4035 1003 4116 codicibus,
1031 4057 1165 4124 quorum
1189 4037 1279 4102 nulla

86 4153 135 4213 eet
173 4149 214 4211 in
241 4147 453 4213 Demosthene
483 4146 679 4213 emendando
708 4148 880 4211 auctoritas
908 4166 1010 4230 neque
1038 4144 1107 4210 ulla
1137 4143 1281 4208 habenda
1342 4221 1346 4224 .

85 4257 193 4332 ratio,
222 4256 280 4318 nisi
302 4253 383 4319 forte
406 4253 524 4320 alicubi
548 4257 676 4318 acutam
699 4257 731 4317 et
751 4251 879 4318 felioem
901 4256 1111 4316 correctorum
1133 4252 1280 4314 veterum

87 4354 309 4428 coniecturam
344 4360 503 4426 exhibent.
550 4358 645 4425 Latet
673 4357 766 4424 uleus
794 4358 850 4424 sed
879 4361 1037 4423 micamus
1066 4359 1101 4421 in
1130 4352 1279 4422 tenebris·
