3086 4968
814 243 880 312 494

252 431 341 502 iaoit.
377 437 450 504 Non
468 437 573 524 potest
592 438 678 504 enim
698 435 767 500 1-
780 434 870 516 ripae
890 433 975 511 οὗτος
997 436 1043 500 sio
1062 435 1207 524 disiungi
1230 442 1263 502 st
1286 436 1421 502 disseom

299 646 471 733 Triplioom
500 646 778 734 interpolationem
799 650 834 713 in
857 648 968 714 eadem
991 669 1026 714 re
1052 649 1181 716 subesse
1204 651 1344 734 suspicor
1362 669 1423 735 pag.

255 753 332 820 462.
366 753 419 819 13.
451 753 507 820 εἰσὶ
540 754 721 833 peperisse
745 753 820 835 παρ’
844 755 917 831 ήμῖν
941 751 1033 820 αἵτε
1057 754 1289 832 stuperatem
1313 769 1425 832 λειτουρ-

254 860 323 937 yle:
346 859 399 925 καὶ
422 862 455 925 al
479 859 648 926 πολιτικαί.
668 897 712 909 -
731 867 790 924 τῶν
811 859 874 939 γάρ
898 861 942 931 εἷς
965 859 1017 924 τὸν
1037 859 1248 938 πόλεμονκαὶ
1269 868 1324 936 τῆς
1342 883 1425 933 sorn-

253 969 320 1047 ρίας
352 971 406 1039 τῆς
440 963 558 1039 πόλεως
592 967 749 1054 [εἰσφορῶν
781 964 834 1030 καὶ
866 967 1077 1051 τριηραρχιῶν]
1113 967 1199 1047 ὀρθῶς
1237 966 1290 1032 καὶ
1321 965 1426 1035 δικαίυι

254 1072 348 1143 οὐδείς
380 1070 426 1140 ἐπ’
457 1073 589 1147 ἀτελής·
622 1091 694 1162 pag.
728 1070 804 1136 464.
837 1069 892 1136 29.
924 1070 972 1140 ise
1004 1071 1067 1153 γάρ
1091 1071 1187 1147 δήπου
1210 1075 1295 1137 πρῶθ’
1319 1069 1429 1138 ὅτιτῶν

256 1184 456 1259 τριηραρχιῶν
486 1179 579 1252 οὐδείς
608 1178 651 1248 ἐτ’
674 1178 790 1251 ἀτελής
815 1177 880 1243 οὐδέ
904 1185 963 1244 τῶν
986 1178 1132 1259 εἰσφορῶν
1157 1181 1228 1264 [τῶν
1251 1182 1297 1252 εἷς
1318 1180 1365 1245 τδν
1385 1177 1430 1243 τά·

256 1287 373 1371 λεμυν].
409 1307 483 1373 pag.
521 1283 597 1350 496.
635 1285 688 1350 10.
724 1287 783 1348 τῶν
819 1284 876 1362 μέν
908 1284 972 1366 γὰρ
1004 1286 1046 1357 εἰς
1078 1285 1130 1350 τὸν
1161 1285 1299 1363 πολέμου
1328 1289 1431 1373 [πατῶν

255 1393 401 1474 εἰσφορῶν
425 1392 477 1457 καὶ
497 1391 706 1475 τριηραρχιῶν]
728 1429 770 1439 -
787 1393 840 1456 οὐκ
865 1390 940 1456 eleis
962 1392 1099 1464 niustria.
1148 1390 1267 1458 Tribus
1289 1394 1340 1458 his
1364 1392 1430 1458 loeis

258 1498 317 1564 snb
340 1518 443 1563 unum
466 1502 670 1584 conspectum
691 1499 804 1583 positis
829 1498 1042 1565 animadverti
1064 1502 1169 1584 potest
1192 1499 1280 1564 unde
1303 1499 1381 1565 alins
1399 1519 1431 1563 er
1523 1535 1524 1540 κ

257 1603 321 1671 elio
343 1604 451 1671 verbis
473 1603 586 1672 alienis
607 1603 661 1670 vel
683 1602 856 1674 inutilibus
878 1608 1025 1670 oneratus
1048 1605 1100 1669 sit.
1523 1591 1524 1618 *

300 1813 381 1902 Pag.
414 1811 490 1878 465.
515 1811 570 1880 27.
594 1817 671 1891 μιάς
696 1812 714 1888 ή
738 1812 817 1878 δυοῖν
839 1817 960 1893 φυλαῖν
984 1810 1037 1879 ἕνα
1061 1815 1195 1895 χορηγδν
1218 1815 1391 1891 καάέςητιν,
1408 1809 1432 1883 ὃς

257 1919 322 1986 ἀνθ’
356 1919 418 1995 ένδς
453 1918 551 1986 ἀλλον
586 1919 666 1985 τοῦθ’
705 1916 796 1994 ἀπαξ
831 1920 962 1994 ποιήσαι
997 1919 1238 1999 ἀπαλλάξεται.
1286 1920 1436 1987 Sententia
1482 1902 1485 1910 ¹

259 2028 428 2094 manifesto
460 2025 601 2114 postulet
632 2024 879 2105 ἀπηλλαγμένος
908 2023 987 2095 έςαι.
1032 2027 1143 2112 Itaque
1165 2046 1231 2094 una
1253 2026 1358 2094 vooali
1376 2046 1437 2092 mo·

254 2139 323 2200 tata
356 2136 457 2216 soribe
487 2130 739 2211 ἀτΗλλάξεπαι,
772 2132 811 2198 de
833 2152 896 2217 qua
918 2137 1020 2199 forma
1041 2132 1215 2222 diligenter
1237 2135 1292 2222 egi
1314 2135 1349 2198 in
1369 2132 1435 2196 Νοο.

254 2239 348 2302 Lecti.
381 2259 454 2326 pag.
488 2237 555 2304 242
589 2259 635 2324 sq.
691 2237 776 2304 Satis
809 2241 876 2304 esto
910 2260 995 2305 nuno
1031 2239 1172 2327 glossam
1207 2238 1437 2328 Hesychianam

257 2344 461 2411 emendatam
484 2361 656 2432 apponere:

517 2447 789 2527 Ἀπηλλάξειτ
822 2449 1072 2530 ἀπηλλαγμένος
1096 2449 1168 2516 έοει.

255 2559 290 2624 in
312 2558 407 2624 unioo
430 2554 546 2625 (lodice
570 2562 618 2624 ost
640 2555 849 2638 ἀπκλλάζεις.

300 2766 379 2857 Pag.
408 2767 483 2834 466.
511 2767 542 2836 5.
573 2769 624 2835 διά
646 2771 682 2836 τὸ
705 2766 890 2849 χεχράφάαι
916 2769 947 2833 έν
970 2768 1013 2848 τῷ
1038 2766 1116 2849 νόμῳ
1141 2765 1301 2847 διαρρήδην
1327 2764 1437 2854 [αὐτοῦ]

255 2874 375 2954 μηδένα
399 2870 539 2940 -ε1ναι
570 2877 688 2954 ἀτελῆ,
720 2878 765 2955 μή
789 2876 969 2955 διΗΙρήυάαι
993 2875 1024 2940 δέ
1048 2871 1118 2939 ὅπου
1142 2875 1242 2948 ἀτελή
1266 2876 1336 2939 κτὲ.
1381 2873 1439 2952 Quo
1522 2895 1523 2900 ¹

254 2984 392 3068 pertinet
422 2980 537 3048 αὐτοῶ1
582 2982 706 3069 Nempe
737 2983 777 3050 od
807 2984 850 3063 τῶ
882 2981 982 3062 νόμῳ,
1009 2981 1144 3065 inquies.
1191 2979 1327 3056 Licetne
1348 2980 1440 3068 igitur

256 3090 302 3152 sio
325 3087 482 3169 διαρρήδην
504 3085 724 3174 interponere?
769 3088 842 3154 Non
864 3086 952 3153 lieet.
994 3085 1171 3152 ‘Deleamus
1191 3088 1297 3174 igitur
1316 3089 1397 3152 iners
1414 3086 1440 3146 et

255 3193 453 3278 superfluum
484 3214 667 3280 pronomen.
721 3193 843 3259 Deinde
880 3193 981 3258 soribe
1021 3193 1215 3273 διεΙρῆσέαι,
1258 3193 1315 3260 vel
1345 3193 1440 3278 potios

256 3300 296 3364 ab
327 3301 458 3386 optimis
489 3299 581 3366 libris
610 3299 756 3366 oblatum
786 3299 900 3384 reoipe.
948 3296 1131 3364 Sexcenties
1162 3298 1288 3365 videbis
1311 3300 1394 3364 inter
1412 3313 1439 3358 se

256 3405 406 3471 ooufilndi
439 3406 574 3488 διείρηκα
598 3443 642 3455 -
665 3407 794 3488 διήρηκα
830 3411 863 3470 et
897 3404 1049 3486 διεΙρημαι
1074 3441 1115 3452 -
1140 3405 1287 3487 διήρημαι
1322 3407 1440 3469 tantum

255 3535 318 3580 non
339 3516 375 3578 in
397 3514 546 3579 omnibus
568 3512 659 3578 libris
684 3514 783 3578 etiam
807 3513 1039 3597 antiquissimis
1062 3515 1095 3578 et
1117 3509 1325 3576 fidelissimis.
1371 3507 1440 3574 Fere

255 3640 434 3705 numquam
456 3621 609 3702 διηρησδαι
633 3623 718 3686 earet
739 3621 884 3684 variante
906 3619 1063 3705 scriptura
1086 3617 1249 3697 διειρήοάαι
1273 3622 1310 3682 et
1333 3618 1439 3682 oenus.

256 3727 327 3793 Hoo
351 3747 454 3791 unum
477 3726 685 3811 spectandum
708 3745 833 3810 qnoque
856 3723 926 3790 looo
949 3729 997 3790 est
1020 3729 1131 3788 utrum
1155 3725 1317 3789 sententia
1342 3719 1440 3788 verbo·

255 3856 329 3900 rum
364 3833 486 3913 διαιρεῖν
520 3831 661 3917 postulet
695 3852 735 3896 an
770 3829 957 3910 διαγορεύειν
994 3830 1027 3896 id
1064 3835 1111 3895 est
1147 3830 1304 3910 διαρρήδην
1335 3827 1438 3905 λέγειν.

255 3941 367 4025 Ipsum
391 3938 548 4020 διαρρήδην
570 3938 646 4002 hine
668 3943 783 4003 natum
806 3942 871 4003 est:
892 3937 1038 4014 διείρηται
1056 3936 1270 4016 -διαρρήδην
1293 3939 1334 4000 ut
1353 3955 1440 4011 παρα·
1521 4015 1522 4018 ¹

256 4045 478 4124 βέβληται-
496 4044 723 4125 παραβλήδην,
748 4042 887 4121 βέβυςαι
906 4081 948 4091 -
971 4040 1068 4123 βύζην
1093 4040 1253 4129 (βάοδην),
1279 4039 1438 4122 κέκρυπται
1521 4035 1522 4066 ¹

258 4191 299 4200 -
320 4151 471 4231 κρύβδην,
496 4152 616 4215 ἀνεῖται
639 4149 828 4225 -ἀνέδην,
853 4154 886 4214 et
909 4148 973 4215 alia
995 4149 1047 4214 his
1071 4147 1192 4214 similia
1217 4147 1371 4234 plurima.
1521 4189 1522 4230 ρ

304 4258 452 4338 Διείρηκα
483 4263 516 4322 et
546 4257 671 4340 διήρηκα
702 4260 824 4323 certant
854 4256 893 4320 de
923 4258 991 4321 loeo
1025 4274 1100 4342 pag.
1134 4251 1212 4320 465.
1245 4252 1304 4317 20.
1335 4246 1441 4330 μηδένα
1521 4239 1522 4252 ἢ

257 4363 335 4434 εἶναι
366 4364 565 4450 τριηραρχίας
597 4365 696 4438 ἀτελή
727 4363 933 4443 διεέρηκεν
965 4359 980 4425 ὃ
1005 4359 1105 4438 νόμον.
1151 4357 1206 4426 flio
1228 4358 1308 4425 libri
1332 4371 1442 4424 omnes·
