3096 4972
680 265 744 338 545

115 461 266 543 πονηρίαν.
314 459 476 524 insulsum
505 460 565 525 hoc
588 459 748 526 emblema
769 460 912 544 primum
935 457 1111 530 arctissime
1133 457 1300 522 coniuncta

113 570 165 634 διόι
194 569 249 642 πὶην
267 605 308 616 -
327 567 469 647 πονηρίαν
498 568 635 652 pessime
666 565 838 652 disiungit,
871 563 984 628 deinde
1013 562 1117 637 idem,
1150 560 1233 645 quod
1265 562 1300 624 in

114 696 178 760 sqq.
214 673 326 739 Orator
356 694 483 739 summa
512 674 546 737 vi
575 676 607 736 et
638 673 809 738 acrimonia
830 670 1031 746 enunciavit,
1055 667 1171 756 frigide
1193 666 1299 732 verbis

114 781 152 846 de
174 783 271 846 trivio
294 780 410 846 sumtis
432 779 615 862 importuno
636 777 705 842 loco
727 778 898 862 proposuit.

157 1035 240 1124 Pag.
273 1032 348 1100 688.
374 1033 427 1099 14.
460 1034 512 1097 καὶ
538 1033 637 1098 οὐκέτι
661 1035 754 1096 ταῦτ’
777 1031 921 1114 οὶπόχρη,
946 1032 1022 1098 ἀλλ’
1047 1034 1072 1099 εί
1098 1031 1149 1097 καί
1173 1031 1217 1109 μέν
1241 1039 1300 1113 φυ-

114 1139 231 1218 λοίξεσε
261 1137 369 1210 έκαςον
402 1139 516 1204 τούτων
545 1139 662 1204 ἐκείνων
694 1162 735 1215 γε
758 1137 885 1217 οὐδεμίαν
909 1138 1011 1220 χόρις.
1059 1137 1217 1205 Suadente
1239 1133 1302 1202 loci

116 1251 272 1314 sententia
302 1229 470 1332 transpone
496 1246 521 1310 εί
544 1247 589 1323 μη
613 1244 665 1308 καί
689 1243 863 1325 φυλάξετε.
910 1242 964 1310 Sic
986 1246 1157 1311 Aeschines
1178 1249 1212 1309 in
1239 1244 1302 1309 Ote-

115 1354 190 1438 οόριίν.
221 1374 294 1440 pag.
321 1349 374 1419 74.
395 1346 449 1416 27.
500 1349 692 1427 Δημοσθένης
717 1352 770 1415 οὐκ
795 1351 913 1434 όγοοιιρῖ
938 1353 963 1416 εί
987 1353 1030 1428 μη
1055 1351 1139 1425 δίκην
1162 1350 1301 1428 δέδωκεν,

67 1466 71 1472 ’
116 1458 192 1524 ἀλλ’
229 1461 255 1524 εί
287 1461 331 1536 μὴ
361 1457 414 1522 καί
444 1457 549 1539 χρνσῷ
577 1455 704 1538 ςεφοίνιρ
734 1458 986 1536 ςεφανωόιίσεσοιι
1021 1459 1213 1535 σίγαναιισεῖ,
1246 1457 1304 1521 ubi

116 1565 267 1631 similiter
297 1568 331 1630 in
354 1565 562 1630 deterioribus
582 1563 674 1629 libris
697 1584 752 1649 pro
775 1563 819 1642 μη
843 1564 898 1628 καί
920 1566 1075 1651 scriptum
1099 1570 1146 1631 est
1169 1563 1222 1629 καί
1246 1564 1300 1641 μή.

155 1809 242 1896 Peg.
274 1807 348 1873 688.
381 1805 437 1873 21.
469 1807 567 1872 καίτοι
600 1807 758 1890 σκέψασθε
788 1811 827 1880 ὡς
851 1808 995 1889 ἐκόλαζον
1019 1812 1044 1875 οἱ
1069 1809 1206 1890 πρόγονον
1230 1812 1300 1884 τοὺς

116 1915 298 1987 ἀδικοῦντος
330 1913 468 1986 ἑαυτούς.
489 1951 530 1962 -
552 1915 654 1979 ἐκείνοι
683 1913 879 1993 Θεμιςοκλέα
899 1916 1053 1993 λαβόντες
1077 1917 1181 1997 μεῖζον
1203 1919 1302 1982 αὑτῶν

116 2018 264 2097 ιὲξιοῦνσα
295 2026 415 2099 φρονεῖν
446 2019 602 2097 ἐξήλασαν
632 2020 666 2085 εἰι
697 2030 752 2096 τῆς
780 2022 897 2094 πόλεως
931 2023 995 2107 [καί
1028 2021 1179 2100 μηδισμὸν
1211 2025 1303 2087 καπέ-

117 2128 268 2212 γνωσοον].
302 2125 427 2192 Ultima
446 2127 543 2191 verba
562 2127 740 2192 eruditulus
761 2127 799 2193 de
818 2149 875 2193 suo
896 2129 1019 2193 addidit
1038 2127 1304 2196 etDemosthenis

118 2235 309 2299 sententiam
331 2253 459 2318 prorsus
480 2235 642 2317 pervertit.
689 2233 769 2300 Vide
792 2234 993 2320 mihiquem
1017 2233 1101 2300 male
1123 2235 1201 2300 haec
1220 2237 1305 2322 eogi-

116 2345 184 2406 tata
215 2341 279 2405 sint
308 2343 340 2403 et
369 2358 535 2423 perperam
563 2341 747 2423 composita.
774 2388 791 2419 „
800 2340 850 2404 σοι’
871 2341 966 2404 castri
992 2341 1210 2405 Tteoriatoclem
1233 2343 1307 2426 quia

116 2446 241 2510 ναοόονοο
270 2444 395 2529 spirituc
420 2444 541 2525 ρονοόαί
568 2465 656 2528 quom
683 2445 778 2509 ίόόονα
810 2447 915 2511 eicitur
936 2447 1030 2532 serre
1052 2455 1152 2530 poeaet
1175 2471 1211 2512 οα
1235 2449 1306 2512 urbe

116 2554 266 2618 ον’σοονιινιο
295 2569 335 2615 nr
361 2547 577 2633 perduellionis
607 2551 839 2630 ιίανννιναωοννιιί,
872 2555 963 2638 quasi
993 2559 1074 2619 esset
1112 2555 1198 2619 idem
1238 2575 1304 2618 esse

116 2660 366 2747 arrogantiorem
389 2661 421 2721 ct
442 2655 580 2722 salutem
603 2659 723 2741 patriae
746 2658 930 2742 prodidisse.
978 2657 1144 2724 Evertitur
1167 2661 1212 2724 sie
1236 2663 1304 2724 tota

117 2766 259 2832 Oratoris
282 2765 516 2850 argumentatio
540 2762 784 2827 demonstrantis
809 2762 888 2827 olim
912 2764 1032 2849 optime
1056 2763 1094 2827 dc
1116 2765 1221 2848 patria
1240 2785 1306 2828 me-

115 2875 196 2938 ritos
227 2870 260 2934 οό
290 2869 426 2933 leviorem
457 2891 562 2933 νιοιιοιν
590 2889 704 2955 graves
734 2888 849 2954 poenas
878 2867 1017 2951 dedisse,
1049 2889 1133 2932 nunc
1161 2868 1306 2936 homines

108 2978 304 3063 pessimorum
324 2975 502 3062 soricorum
533 2974 678 3038 σοινοόοίοο
708 2979 763 3039 aut
787 2973 909 3040 absolvi
933 2978 988 3038 aut
1011 2975 1185 3060 perexigua
1206 2995 1307 3060 poena

114 3082 261 3149 multari.
307 3080 418 3166 Itaque
448 3078 584 3144 firrcillis
614 3078 799 3165 expellenda
830 3084 904 3144 sunt
935 3078 1033 3145 verba
1068 3078 1119 3144 aei
1154 3081 1306 3159 μηδισμὸν

116 3187 330 3266 κατέγνωσαν.

162 3294 241 3359 Post
268 3313 369 3379 pauca
397 3312 472 3379 pag.
506 3290 582 3356 689.
609 3290 641 3357 4.
665 3291 752 3369 ὑμεῖς
776 3291 807 3357 δὲ
832 3292 900 3364 τοὺς
926 3290 968 3355 τόν
993 3291 1100 3369 μέγις’
1125 3293 1306 3368 ἀδικοῦντας

116 3400 201 3486 [καί]
228 3399 365 3480 Φανερόις
390 3395 653 3480 ἐξελεγχομένους
673 3437 714 3446 -
733 3399 864 3480 ἀφίετε,
890 3399 1137 3486 expungendum
1160 3420 1226 3465 esse
1253 3402 1308 3467 καί

117 3531 156 3574 ex
179 3504 295 3572 multis
318 3503 479 3570 similibus
502 3504 580 3570 loeis
605 3505 836 3572 demonstravit
858 3503 1030 3569 Dobraeus.

163 3746 252 3826 Quae
281 3745 435 3832 leguntur
465 3765 539 3831 pag.
575 3742 650 3809 689.
676 3743 708 3811 9.
736 3783 776 3792 -
802 3742 877 3808 690.
903 3740 956 3808 17.
981 3748 1126 3828 suspecta
1149 3750 1224 3809 sunt
1245 3745 1309 3812 Do·

118 3855 213 3920 braeo
237 3853 300 3916 cui.
314 3851 409 3928 ,Aeaee
430 3850 505 3914 οοίόο
528 3850 621 3936 liquet
644 3874 679 3914 οσ
708 3850 825 3936 otpolt.
850 3849 905 3915 HL
927 3872 958 3935 p.
981 3847 1034 3915 35.
1055 3851 1104 3914 σοί
1126 3850 1193 3929 περὶ
1215 3862 1306 3918 Σνντ.

120 3956 265 4024 172-3.
289 3957 471 4040 ιὀνίονροίοία
493 3955 583 4021 ecee.’'
628 3955 700 4020 Non
723 3961 886 4022 assentior.
934 3956 1042 4021 Pauca
1061 3956 1217 4040 quaedam
1233 3959 1309 4025 hinc

120 4069 230 4130 sumta
260 4066 334 4148 quia
364 4063 493 4149 egregie
522 4061 706 4147 placuerant
736 4065 770 4126 in
804 4062 1008 4148 Οίραίίνίοοοννν
1037 4062 1218 4148 transtulit,
1254 4067 1309 4132 sed

121 4191 201 4256 quae
224 4169 386 4255 permulta
409 4168 520 4233 eadem
543 4169 578 4232 in
599 4169 737 4232 oratione
757 4166 824 4247 περὶ
848 4164 1027 4241 Συντάξεως
1047 4164 1215 4253 leguntur,
1235 4174 1310 4255 quia

121 4279 199 4343 satis
233 4279 356 4345 constat
378 4277 571 4359 suppositam
598 4273 678 4336 hanc
702 4277 734 4337 ct
758 4292 798 4337 ex
820 4272 899 4337 locis
921 4273 1175 4338 Demosthenicia
1199 4277 1311 4342 confla·

122 4388 190 4450 tam
216 4383 392 4448 orationem
416 4400 495 4458 esse,
519 4399 582 4446 non
604 4385 736 4464 possunt
761 4377 888 4444 aliunde
911 4399 1007 4464 quam
1030 4379 1105 4444 hinc
1124 4386 1312 4467 essepetita.

1144 4489 1175 4533 aa
