3096 4972
821 217 888 286 662

256 407 395 492 quentiae
407 408 520 492 frenos
541 429 594 470 mec
614 407 821 492 onocetiseimo
839 429 910 492 opro
929 407 1115 492 imperiorum
1133 407 1258 495 impetos
1275 407 1434 492 refricem·

256 513 320 575 doe.
346 550 388 560 —
412 512 620 578 Demosthenes
649 512 729 596 ipse,
760 512 815 576 itte
840 534 944 576 norma
966 513 1095 580 oratorie
1117 535 1152 574 oc
1175 513 1298 592 repom,
1323 535 1392 576 mmm
1410 535 1435 576 ec

256 616 368 682 cohibet
397 625 425 681 et
454 617 618 700 comprimit
649 640 737 702 qoam
768 617 844 681 dicit
875 618 933 682 om
962 616 1147 683 iecissem?
1178 616 1341 700 (indicetis
1367 617 1435 682 loeis

257 723 449 806 quibusdam
478 743 518 788 ex
549 724 689 788 oratione
719 724 756 786 de
789 722 917 798 Corona,
940 725 977 787 de
990 724 1083 809 satec
1105 721 1251 803 ἱεροθέσιον
1274 727 1306 786 et
1328 722 1434 805 Ptittp

250 827 324 910 pico
346 827 468 912 relique
491 848 530 892 ex
554 829 693 892 oratione
717 827 789 890 κατ’
815 827 1052 906 Ἀριςονεθπονος
1077 829 1206 912 apponit
1231 826 1363 903 „Simile
1378 827 1434 890 tic:

257 931 529 1012 ἀπεσχοινισμένος
561 929 663 998 ἀπασι
696 940 758 1004 τοῖς
791 932 822 997 ἐν
853 942 891 1012 ri
924 931 1010 998 πόλει
1042 933 1166 1002 δικαίοις
1199 932 1328 1009 γνώσεσι
1360 939 1435 1012 τριῶν

255 1035 433 1116 δικαςηρίων
466 1037 552 1126 (pag.
584 1033 661 1103 778.
696 1034 765 1118 17.)
799 1044 851 1120 „ct
882 1037 1004 1104 ibidem:
1025 1037 1064 1102 σὺ
1088 1037 1139 1101 πδν
1162 1037 1206 1108 εἰς
1231 1042 1338 1102 ταῦτα
1363 1036 1435 1102 ἔλεον

255 1142 444 1222 προδέδωκας
470 1137 556 1215 θλως.
579 1143 624 1218 μη
648 1141 683 1214 δη
707 1143 780 1221 πρδς
805 1138 853 1211 οὓς
877 1142 970 1213 αιἰπδς
994 1139 1117 1223 ἔχωσας
1142 1139 1272 1218 λιμένας
1297 1142 1351 1207 καὶ
1375 1166 1434 1224 προ-

256 1245 358 1325 βθλων
385 1247 556 1322 ἐνέπλησας
585 1246 657 1326 πρδς
685 1248 808 1318 τούτους
832 1245 1057 1328 προσορμίζον.”
1082 1247 1169 1332 (pag.
1195 1242 1271 1312 795.
1297 1245 1366 1332 12).
1390 1255 1436 1324 „ot

257 1351 392 1417 diceret:
424 1350 542 1420 δέδοικα
571 1352 616 1428 μη
647 1348 754 1426 δθξηπέ
782 1372 841 1416 πισι
865 1354 917 1418 σὸν
940 1351 988 1416 ἀεὶ
1011 1349 1198 1429 βουλόμενον
1221 1347 1298 1416 εἶναι
1322 1354 1435 1433 πονηρδι

257 1461 315 1520 πῶν
336 1458 365 1520 έν
389 1467 428 1537 ri
452 1456 540 1522 πθλει
564 1454 783 1536 παιδοτριβεῖν.
807 1457 933 1531 ἀσθενὴς
956 1459 1014 1534 μὲν
1036 1454 1100 1536 γάρ
1123 1456 1170 1524 έςι
1192 1460 1256 1546 πάς
1280 1458 1294 1540 i
1320 1459 1433 1540 πονηρδς

256 1561 324 1626 καθ’
354 1560 485 1626 έανσθν”
516 1563 602 1650 (pag.
635 1558 712 1628 771.
747 1560 813 1642 26).
840 1569 895 1639 „et
917 1562 1070 1646 deinceps:
1093 1561 1190 1644 τούτῳ
1213 1563 1240 1627 δ’
1264 1564 1369 1628 οὐδένα
1389 1564 1433 1644 δρῶ

256 1673 314 1731 τῶν
341 1667 441 1733 σθπων
468 1667 581 1732 ποθπων
609 1666 745 1745 βάσιμον
768 1665 843 1732 ὄντα
867 1666 956 1732 ἀλλά
980 1666 1088 1733 πάνσοι
1110 1667 1293 1748 ἀπόκρημνα
1314 1668 1435 1750 Φάροιρ-

254 1797 318 1852 χας
343 1771 515 1854 βάροιθρα.”
540 1773 625 1862 (pag.
652 1769 726 1840 793.
749 1772 794 1859 4).
816 1774 1006 1850 „mecsatms
1024 1772 1171 1852 οὐδὲγὰρ
1188 1773 1260 1846 σοὺς
1279 1773 1434 1852 προγόνοις

256 1877 473 1957 ὑπολαμβάνω
503 1878 546 1944 rio
574 1877 733 1958 δικαςθρια
756 1879 845 1942 ταῦθ’
870 1879 941 1956 ὑμῖν
964 1876 1157 1954 οἰκοδομῆσαι
1181 1874 1231 1941 ἵνα
1254 1876 1325 1952 ποὺς
1349 1877 1435 1944 ποιού-

254 2008 324 2056 πσνς
345 1985 375 2050 ἐν
396 1986 499 2055 αὐτοῖς
521 1984 699 2064 μοσχεύητε
723 1983 811 2048 ἀλλά
836 1982 1009 2050 coercebo
1031 1979 1067 2047 ἵν’
1090 1969 1331 2062 ἀνείρχηπεκιιὶ
1352 1982 1435 2050 mii·

255 2088 328 2170 ζηπε
353 2088 405 2152 κα)
430 2087 536 2166 μηδεὶς
562 2088 650 2169 ζηλοῖ
668 2087 741 2166 μηδ’
765 2089 896 2170 ἐπιθυμῇ
920 2087 1031 2158 κακίας
1040 2086 1056 2113 ”
1080 2087 1165 2176 (pag.
1192 2085 1269 2153 785.
1294 2087 1340 2169 2).
1366 2089 1435 2167 „ad-

254 2195 329 2258 tmc:
352 2194 378 2258 ct
399 2191 429 2256 δέ
450 2191 590 2266 κάπηλθς
612 2194 657 2262 ε’ςι
679 2195 821 2273 πονηρίας
842 2195 893 2260 καὶ
911 2191 1156 2271 παλιγκάπηλος
1174 2192 1227 2257 καὶ
1241 2193 1434 2271 μεταβολεύς

257 2298 342 2387 (pag.
368 2295 443 2362 784.
469 2295 513 2382 7.)
539 2304 566 2362 et
588 2299 671 2365 mitte
693 2298 798 2364 toiio.''

297 2401 397 2469 Nulla
420 2408 467 2470 eet
490 2403 574 2488 apud
593 2403 814 2470 doctissimum
833 2405 943 2470 virum
962 2403 1120 2468 dubitatio
1139 2405 1217 2487 quin
1236 2404 1315 2470 haec
1336 2407 1435 2472 omnis

254 2512 319 2576 sint
348 2511 447 2593 ipsius
478 2505 718 2586 Demosthenis,
749 2515 781 2575 et
812 2510 966 2574 attonitus
997 2507 1171 2574 audivisset
1201 2509 1268 2576 fere
1298 2515 1338 2576 ut
1365 2511 1435 2576 haec

254 2614 423 2700 aliquunde
445 2615 596 2698 Baptistae
618 2615 836 2678 declamitcmtir
859 2635 926 2679 esee
950 2614 1144 2680 viderentur.
1530 2691 1531 2694 ρ

299 2719 446 2786 Alterum
470 2723 590 2814 crimen
613 2724 662 2784 est
683 2767 700 2797 „
711 2724 809 2804 mepte
818 2720 1000 2805 freqoemtot
1018 2719 1097 2796 μηδὲ
1116 2718 1234 2797 γένοιτο
1253 2727 1282 2784 et
1300 2717 1434 2784 cimitio”

299 2823 445 2890 Tertium
470 2826 593 2908 „inepte
606 2825 789 2910 frequentat
812 2820 916 2896 ὃ’λως.”

300 2929 457 3010 Quartum
500 2930 662 3015 eliquanto
701 2932 833 3020 gravius
867 2930 1039 3007 „taediosae
1073 2929 1207 3010 omtoaes
1241 2929 1334 2994 nectit
1366 2949 1433 3016 pag.

256 3031 332 3100 796.
370 3031 441 3098 13.”
486 3035 589 3099 Audi:
625 3037 679 3110 την
715 3038 811 3110 κοινὴν
839 3033 1072 3114 φιλανθρωπίαν
1102 3027 1136 3107 ἣν
1168 3034 1256 3112 ὑμεῖς
1290 3034 1375 3116 ἔχετ’
1404 3034 1434 3096 έιι
1529 3035 1530 3044 ’

254 3138 377 3222 Φύσεως
400 3138 471 3219 πρὸς
495 3140 651 3214 ἀλλήλους
675 3137 759 3212 οὗτος
784 3143 903 3219 ἀναιρεῖ
923 3138 975 3203 καὶ
1000 3138 1165 3222 διαφθείρει
1189 3140 1225 3204 πθ
1249 3141 1318 3204 καθ’
1339 3135 1432 3204 airis.

257 3245 370 3311 deinde
401 3246 590 3312 suavissime
616 3246 727 3310 scribit
750 3245 789 3310 de
811 3243 898 3310 fideli
921 3244 1086 3310 concordis
1108 3265 1205 3329 quem
1229 3249 1262 3310 et
1284 3247 1318 3310 in
1338 3247 1434 3332 prive-

255 3357 363 3416 torum
394 3350 524 3416 sedibus
554 3355 587 3413 et
616 3352 651 3413 in
680 3371 747 3436 rep.
776 3351 880 3435 periet
902 3355 1017 3415 mutus
1039 3349 1261 3436 induigentia,
1288 3349 1432 3422 emmiu,

257 3458 407 3536 comites,
439 3475 519 3540 quae
549 3457 657 3520 omnis
686 3457 854 3522 verissima
884 3474 951 3520 esse
984 3456 1201 3540 unusquisque
1232 3460 1377 3520 nostrum
1404 3454 1433 3514 in

257 3564 383 3646 pectore
413 3562 510 3624 sentit
540 3564 573 3625 et
601 3562 637 3625 in
662 3563 748 3628 ritae
770 3580 832 3627 usu
854 3559 908 3625 vel
930 3580 1006 3626 suse
1028 3560 1116 3624 domi
1138 3558 1192 3625 vel
1215 3560 1301 3644 apud
1322 3561 1434 3626 ricinos

257 3671 289 3731 et
312 3668 431 3731 amicos
454 3685 545 3751 saepe
569 3672 716 3752 expertus
739 3672 797 3732 est.

303 3771 503 3856 Despiciebst
525 3770 603 3837 hece
624 3769 852 3835 Demosthenes
875 3770 890 3835 θ
915 3769 1081 3851 ὑψηλθνσνς
1104 3769 1157 3836 καὶ
1182 3771 1431 3851 peremptum,
1527 3771 1528 3808 ³

257 3878 312 3944 sed
340 3875 521 3964 Hyperides
552 3881 589 3940 ut
620 3895 702 3940 unus
732 3895 749 3941 e
775 3874 893 3960 populo
915 3875 1001 3952 μεπά
1023 3874 1126 3949 πάσης
1149 3873 1328 3950 οἱκειθπηπος
1351 3873 1431 3960 (pig.

260 3980 335 4048 773.
362 3980 428 4067 15.)
453 3982 607 4047 admodcem
620 3979 829 4066 familiariter
851 3981 928 4046 haee
950 3980 1035 4066 spud
1057 3980 1178 4046 iudices
1197 3982 1321 4068 egebat.
1351 3975 1432 4042 Reli·

260 4108 337 4172 quae
359 4087 495 4152 Debreei
518 4087 755 4151 criminationes
773 4085 896 4151 videbis
915 4086 1044 4170 perinde
1064 4106 1131 4152 esee
1152 4085 1241 4152 leves
1258 4106 1293 4151 oe
1312 4080 1431 4149 debiles

259 4189 466 4276 Compertum
500 4191 636 4256 habebat
670 4211 744 4255 cnm
778 4189 867 4255 futili
900 4189 1048 4276 Sophiste
1081 4192 1142 4256 eibi
1175 4192 1338 4280 negotium
1369 4204 1431 4250 esee

258 4317 354 4382 quem
376 4294 468 4360 facsse
491 4293 633 4382 quolibet
656 4293 720 4361 telo
745 4294 895 4362 conficere
918 4299 1032 4381 posset.
