3034 4968
808 226 872 300 '120

243 423 361 511 poterit
391 423 548 489 sententia
578 423 607 488 ai
637 420 709 503 πρθς
735 425 942 509 expunxeris,
966 427 1005 488 ut
1027 424 1261 511 coniungantur
1283 422 1334 488 καῖ
1356 415 1416 489 ποθι

244 527 405 608 ποταμοὺς
430 566 472 578 -
496 529 735 595 αῖναντλοθνπον.

290 742 455 828 Apudt
417 740 606 808 Strabonem
640 760 714 828 pag.
752 739 828 805 149.
865 743 993 830 egregie
1026 741 1215 830 Madvigius
1244 743 1319 806 Aba.
1353 739 1417 804 θαι.
1503 784 1504 854 3

242 870 317 938 pag.
349 847 425 913 532.
457 849 492 912 in
522 845 591 913 loeo
623 846 862 912 conclamat'o
852 853 992 932 insperat
992 853 1045 914 em
1076 847 1183 913 lneem
1207 847 1352 913 nobisat
1338 843 1419 911 ttulit
1503 909 1504 914 ,

243 954 418 1040 'supplendo
449 952 636 1019 laeunam‘
626 975 661 1017 ιιι
692 952 777 1018 hune
807 952 1035 1018 modum:-
993 961 1122 1018 -ro'n
1155 954 1189 1019 ἐκ
1219 976 1274 1018 raa
1298 953 1419 1031 Τροῖιοῦ

241 1059 382 1138 ,πολέμου
416 1058 662 1138 περιγενομένων.
717 1058 799 1146 (Τῶν
830 1058 894 1137 γὰρ
926 1061 1066 1138 Τρωικῶν
1096 1059 1220 1141 χρονίου
1252 1057 1419 1137 γενομένων)

245 1167 297 1232 nal
331 1166 379 1229 ἐπ’
407 1163 474 1238 ῖσης
498 1163 702 1231 ηαιιυσθνπονν
725 1163 795 1236 πούς
819 1188 853 1230 πε
878 1164 1109 1242 πολεμηθέντας
1133 1166 1185 1230 καὶ
1210 1164 1281 1236 ποὺς
1306 1163 1418 1233 έλθνπας

244 1275 299 1348 τήν
330 1275 442 1354 Τροθαν
467 1307 509 1320 -
533 1271 647 1347 συνέβη
682 1279 745 1342 τοῖς
776 1295 811 1337 τε
842 1272 1061 1352 περιλειφθεῖσι
1087 1307 1128 1320 -
1154 1278 1273 1336 ΚΑΤΑ
1305 1267 1418 1350 nartiac

242 1378 407 1458 τρέπεσθαι
430 1377 482 1444 καὶ
508 1385 571 1448 τοῖς
593 1373 755 1451 Ἕλλησιν.

289 1592 369 1682 Pag.
402 1591 478 1657 150.
511 1587 624 1668 συνέβη
656 1596 719 1661 τοῖς
750 1591 988 1668 περιλειφθεῖσιν
1018 1590 1203 1661 οῖπελθοῦσιν
1228 1589 1263 1653 ἐκ
1285 1595 1343 1653 σοῖν
1364 1609 1417 1652 ιον·
1504 1591 1505 1594 ’

246 1699 337 1764 abrae
361 1707 478 1765 ΚΑΤΑ
502 1696 628 1777 ληςεῖας
649 1694 823 1774 τρέπεσθαι.
859 1695 1050 1760 Mendaeum
1071 1701 1119 1761 est
1138 1693 1233 1760 aava.
1269 1695 1421 1760 Usitatum

246 1809 294 1872 est
325 1810 356 1870 et
387 1805 518 1870 caeteris
549 1807 581 1869 et
605 1799 752 1867 Straboni
777 1800 879 1866 dicere
903 1809 1013 1865 ssPOC
1036 1801 1089 1867 vel
1113 1803 1194 1866 'em
1220 1801 1344 1879 ληςειας
1363 1797 1420 1879 πρῖ-

245 1913 376 1986 πεσθαι,
409 1917 447 1975 ut
470 1930 545 1996 pag.
572 1905 648 1972 193.
673 1907 723 1970 ἐπὶ
747 1909 873 1985 ληςεέαν
895 1906 1076 1985 τραπέσθαι.
1099 1928 1171 1995 pag.
1200 1905 1277 1972 180.
1300 1926 1421 1985 τετραμ-

246 2018 343 2096 μένων
367 2016 422 2092 ήδη
447 2015 518 2095 πρὸς
546 2013 706 2084 πολιτείοις
728 2011 781 2076 καὶ
806 2015 972 2094 γεωργίας.
998 2018 1031 2078 et
1054 2015 1099 2079 sia
1122 2012 1200 2079 alibi
1221 2014 1347 2099 passim.

292 2228 373 2316 Peg.
400 2224 475 2292 155.
499 2227 532 2290 αῖ
557 2233 703 2305 γυναῖκες
727 2224 758 2289 δέ
780 2226 810 2289 έν
832 2262 874 2274 -
894 2224 1029 2308 οῖνθινοοῖςΙ
1054 2225 1242 2300 ἐσθήσεσι
1266 2224 1421 2304 διάγουσιν.
1505 2235 1506 2294 1

246 2331 456 2400 Τιειοιιοῖιιιιι
485 2335 517 2397 in
542 2331 634 2396 libris
655 2330 809 2396 mendum
831 2331 892 2396 hoe
913 2336 961 2396 ast
984 2337 1021 2396 ut
1045 2331 1209 2396 'eceflcl
1234 2336 1422 2398 eonvertatur

245 2441 280 2505 in
306 2439 442 2505 formam
466 2438 621 2502 berberem
644 2436 793 2512 ἐσθήσεσι.
816 2441 855 2502 ιιι
874 2439 908 2502 in
931 2436 1036 2502 Lucae
1059 2437 1177 2521 Ιθυοννρ.
1200 2436 1318 2504 XXIV.
1343 2435 1372 2502 4.
1395 2438 1422 2500 et

248 2544 327 2612 alibi
349 2548 481 2631 passim.

291 2757 371 2846 Pag.
404 2756 479 2822 158.
513 2755 565 2821 nal
596 2756 697 2833 λιμένι
731 2756 782 2821 καῖ
807 2756 901 2839 λίμνη
924 2756 1113 2833 κεκθσμηποιι
1138 2755 1314 2848 (Carthago
1336 2753 1422 2842 nova)
1506 2845 1507 2848 Ἴ

247 2866 300 2931 καὶ
331 2872 394 2936 τοῖς
419 2867 491 2948 [πῶν
515 2864 677 2947 οῖργυρῖυν]
701 2862 892 2942 μεποθλλοις,
918 2863 985 2942 περὶ
1010 2860 1048 2928 ὧν
1072 2869 1301 2943 προειρήκαμεν.
1338 2862 1425 2930 Grae-

246 2993 320 3037 eum
343 2978 392 3036 est
415 2971 456 3035 πθι
482 2970 647 3049 ἀργυρεῖα,
672 2969 715 3035 ποῖ
739 2977 872 3049 χρυσεῖα
896 2970 1157 3054 arqentifodiaae,
1182 2970 1377 3056 aurifodinae
1398 2971 1425 3032 et

245 3080 343 3154 εἰει..
361 3076 415 3142 sed
444 3095 539 3142 namo
571 3076 614 3141 πθο
644 3081 701 3140 τῶν
732 3075 896 3154 οῖργυρεθυν
920 3077 1070 3155 μέταλλα
1093 3095 1249 3161 umquam
1276 3077 1358 3142 dixit
1378 3070 1426 3140 vel

244 3184 348 3250 dicere
378 3185 493 3269 potuit.
538 3181 688 3260 Ἀργθρου
719 3187 752 3246 et
781 3187 895 3261 χρυσοῖ
927 3180 1078 3258 μέταλλα
1108 3188 1193 3248 reete
1217 3182 1353 3260 dieitur,
1377 3177 1426 3246 sed

244 3290 409 3371 σῖργυρείον
432 3289 583 3364 μέταλλα
602 3286 776 3354 absurdum
796 3297 854 3354 est.
890 3288 1001 3374 Itaque
1020 3288 1090 3355 dele
1109 3291 1256 3374 ineptum
1276 3287 1427 3355 emblema

244 3402 277 3464 et
299 3395 382 3464 nihil
405 3394 598 3461 desiderabis
616 3396 650 3457 in
669 3393 792 3459 verbis:
813 3401 875 3467 τοῖς
896 3393 1086 3472 μετάλλοις,
1108 3394 1175 3476 περὶ
1196 3391 1234 3460 ὦν
1255 3395 1424 3475 εἰρήκαμεν.

289 3609 369 3698 Peg.
396 3605 472 3673 162.
496 3605 531 3671 τὸ
551 3605 582 3671 δὲ
602 3612 780 3672 τελευταῖον
802 3607 827 3671 οῖ
847 3614 1033 3683 Νομαντῖνοι
1045 3605 1287 3686 πολιορκούμενοι
1301 3617 1427 3685 Διεκαρ·

244 3713 374 3795 πέρησαν
402 3714 482 3786 πλήν
513 3711 626 3789 balaan
655 3718 713 3776 πῶν
744 3711 884 3777 ένδθντυν
907 3713 942 3777 πὸ
966 3720 1083 3793 τεῖχος.
1120 3712 1196 3779 Sine
1220 3713 1427 3780 controversia

244 3820 433 3885 mendosum
467 3826 516 3884 est
545 3816 786 3897 διεκαρτέρησαν.
833 3818 944 3904 Itaque
974 3819 1125 3885 Mainake
1156 3821 1427 3900 Ἀιιεκαρπέρησαν

243 3926 415 4012 reponebat
422 3945 431 4003 ;
461 3925 515 3990 sad
539 3926 757 4004 ἀποκαρτερεῖν
781 3923 921 3990 certost
944 3927 1101 3990 eonstanti
1123 3930 1156 3990 et
1177 3926 1427 4011 frequentissimo

243 4055 306 4099 usu
337 4033 375 4097 de
406 4033 447 4096 iis
479 4031 596 4095 dieitur
626 4033 682 4115 qui
710 4054 765 4094 ena
791 4038 892 4114 sponte
922 4032 985 4095 ribo
1016 4032 1165 4096 abstinent
1187 4038 1219 4096 et
1242 4034 1306 4096 nita
1329 4031 1428 4096 inedia

235 4140 364 4226 finiant.
406 4136 551 4202 Historia
572 4135 845 4202 Numantinorum
869 4136 1010 4222 postulat
1032 4143 1070 4202 ut
1093 4127 1304 4204 rescribatur?
1323 4127 1352 4204 ai¹
1373 4145 1428 4203 Na·

242 4252 381 4325 μαντῖνοι
413 4279 455 4292 -
487 4245 590 4324 λιμῷ
621 4241 919 4324 διεφθάρησαν,
952 4248 984 4309 et
1011 4245 1057 4309 sio
1081 4244 1213 4310 demum
1236 4242 1429 4333 intelligitur

244 4355 326 4432 πλήν
350 4351 474 4430 θλῖγωυ.
505 4393 511 4404 ·
