3086 4968
809 241 875 313 514

428 435 504 503 οὕτω
528 435 591 516 νῖιρ
616 439 688 513 ἡμῖν
714 439 731 512 ἡ
754 435 844 507 πόλις
868 435 994 514 μοίλιςοο
1018 437 1076 505 σῶς
1102 431 1140 497 ῶν
1163 430 1220 506 εῖν.

246 550 295 611 et:

429 653 446 724 ἡ
470 648 561 730 μοῖζοο
585 647 648 728 γὰρ
672 655 729 722 σῶς
754 648 805 712 κοιῖ
831 647 865 712 τὸ
889 645 980 727 κρίσις
1002 647 1051 725 χῶ
1075 641 1224 725 κοίροιβος.

292 756 435 823 1111111111
466 758 500 819 in
530 755 581 820 his
610 754 747 832 librarii,
775 755 829 820 sed
851 753 942 820 nulla
964 753 1003 818 de
1026 757 1174 819 veterum
1195 773 1258 816 usu
1283 751 1429 816 dubitatio

245 867 302 927 ast.
349 861 387 926 In
415 859 577 926 nonnullis
607 859 698 925 libris
730 865 762 925 et
791 863 826 925 in
858 859 881 926 S
912 879 931 924 a
961 861 1066 944 prima
1088 879 1187 923 manu
1210 858 1430 942 scriptumest

246 973 321 1045 σῶν,
353 968 437 1052 quod
470 966 696 1051 reponendum.
744 967 824 1054 Pag.
859 965 956 1031 1293.
988 964 1042 1030 26.
1069 965 1085 1038 ἧ
1109 968 1184 1036 νιιῶς
1208 962 1365 1028 σέσωσται
1386 960 1429 1025 κοί

246 1071 291 1141 ἔτι
324 1078 392 1145 σῶς.
421 1071 595 1158 legendum
619 1072 636 1145 οῖ
661 1076 734 1144 νιιῦς
760 1077 818 1145 σῶς
843 1071 924 1145 ε’ςίν,
948 1075 986 1136 ut
1008 1068 1116 1156 paullo
1139 1074 1212 1136 ente
1235 1091 1314 1158 pag.
1343 1066 1430 1134 1292.

247 1178 352 1243 Utih'a
382 1178 421 1243 de
450 1178 510 1242 hac
539 1199 573 1242 re
603 1181 728 1245 notavit
754 1178 898 1244 Dindorf.
924 1176 963 1244 ad
986 1196 1060 1263 pag.
1087 1173 1140 1240 61.
1167 1173 1209 1240 14
1233 1177 1269 1239 in
1291 1175 1430 1240 Editione

247 1285 370 1349 minora
392 1283 520 1369 Lipsiae
546 1282 644 1349 1855.
717 1289 722 1300 '

293 1491 375 1577 Pag.
408 1487 484 1556 572.
521 1488 574 1555 14.
610 1486 643 1564 ἦν
669 1489 694 1554 δ’
717 1488 801 1564 οὗτος
827 1493 840 1556 ὃ
863 1495 915 1556 τοῦ
941 1489 1090 1569 βελτίςον
1112 1490 1215 1570 ποοτὴρ
1239 1487 1430 1569 Χαρικλείδου

249 1601 303 1661 τοῦ
328 1593 488 1675 ἄρξοντος.
535 1597 658 1662 Notum
683 1600 787 1663 estin
810 1598 944 1664 historia
965 1618 1082 1663 nomen
1103 1599 1177 1681 quia
1199 1595 1249 1660 ἐπὶ
1275 1594 1430 1676 Χαρικλεί-

251 1703 300 1767 δου
332 1702 481 1781 ἄρχοντος
512 1707 683 1768 commissa
709 1709 757 1770 est
779 1703 980 1770 nobilissima
1001 1724 1111 1790 pugna
1133 1702 1218 1787 apud
1239 1701 1429 1768 Mantineam

247 1830 328 1875 anno
361 1807 426 1875 362
453 1830 561 1874 mense
585 1808 677 1874 Iunio
700 1818 739 1891 τῇ
761 1808 915 1892 δοιδεκοίτρ
940 1813 993 1874 τοῦ
1019 1813 1262 1889 Σκιροφοριῶνος.
1308 1807 1429 1873 Plutar-

249 1916 326 1980 chus
359 1903 427 2001 (aut
457 1917 650 2000 quicumque
681 1916 759 1980 citos
789 1926 814 1980 Χ
847 1923 996 1980 crateram
1026 1912 1268 2000 consarcinavit)
1291 1917 1327 1978 in
1349 1912 1428 1977 Plut.

251 2023 365 2086 Μονσί.
397 2041 470 2108 pag.
503 2019 580 2085 845.
605 2040 635 2086 11.
660 2023 708 2085 ita
730 2022 857 2087 scribit:
887 2069 904 2098 „
913 2023 1072 2105 Xenophon
1093 2021 1175 2085 accit
1199 2021 1412 2086 Demosthenem
1418 2045 1431 2092 ;

251 2128 292 2206 τῷ
325 2127 381 2202 μὲν
404 2127 468 2205 γὰρ
491 2127 533 2190 τὰ
555 2127 723 2202 Ἑλληνικοί
748 2127 885 2193 ἐτελεῖτο
910 2129 952 2200 είς
976 2129 1019 2192 τῶ
1043 2119 1110 2207 περί
1135 2128 1190 2202 τὴν
1214 2128 1245 2191 ἐν
1267 2124 1430 2206 Μαντινείᾳ

250 2230 376 2312 μσίχνν,
407 2231 546 2310 ἄρχονται
581 2232 612 2296 δὲ
644 2234 856 2313 Χαρικλείδην,
890 2234 903 2296 ὅ
933 2233 963 2297 δὲ
989 2233 1129 2314 πρότερον
1153 2234 1202 2298 ε’πῖ
1227 2230 1429 2310 Τιμοκριίτους

249 2334 314 2401 εῖλε
332 2339 401 2407 τοὺς
422 2336 610 2416 ἐπιτρίτους.
643 2337 848 2425 Legendum:
870 2340 884 2404 ὃ
906 2339 931 2402 δ’
948 2337 1064 2404 ”enei
1085 2338 1241 2423 πρότερον,
1261 2361 1339 2402 cacto
1358 2343 1426 2400 σιι1ο.

294 2443 379 2509 Nam
402 2459 601 2508 rruoossrns
626 2439 711 2524 ἦρξεν
735 2443 864 2531 Olymp.
890 2443 965 2510 104.
991 2445 1020 2510 1.
1047 2466 1127 2512 anno
1152 2444 1220 2534 333.

401 2566 612 2614 enimomnes
633 2548 764 2635 Olymp.
791 2549 925 2617 1012.
952 2572 1032 2617 anno
1059 2549 1129 2634 33}-

293 2658 406 2742 Itaqua
428 2676 496 2733 res,
521 2676 618 2740 quam
642 2660 750 2721 narrat
772 2656 1020 2734 Demosthenes,
1045 2657 1161 2722 accidit
1180 2658 1271 2722 annis
1290 2659 1428 2742 quatuor·
1529 2641 1530 2672 ί

249 2767 353 2831 decim
376 2767 449 2828 ante
472 2783 569 2847 quam
590 2762 667 2827 haec
690 2763 902 2828 scriberentur
926 2762 1115 2829 362-348.
1227 2797 1233 2808 ·

293 2971 373 3056 Peg.
408 2968 484 3037 573.
517 2969 569 3035 21.
603 2974 647 3048 μῖρ
671 2972 768 3038 τοίνυν
799 2971 853 3036 εὀῖν
885 2974 942 3051 μὲν
976 2973 1046 3054 είπρ
1078 2997 1124 3046 τις
1156 2971 1320 3053 πκροίνομιι
1341 2967 1427 3041 οὕτως

249 3073 435 3156 ὀργιζόμενοι
467 3077 632 3158 Φοιίνεσίε,
664 3078 717 3142 ἐῶν
750 3077 781 3142 δὲ
812 3088 881 3161 ποιῇ
915 3081 972 3165 [aab
1008 3079 1101 3166 λε’γρ]
1140 3080 1244 3163 πρρίιος
1278 3077 1425 3143 διάκεισθε.
1528 3083 1529 3086 ’

249 3181 383 3269 Frangit
413 3183 589 3267 insipidum
622 3183 877 3249 additamentum
902 3187 1108 3270 oppositionis
1130 3188 1200 3252 vim
1224 3192 1257 3252 at
1277 3185 1335 3251 loci
1355 3183 1427 3247 ocri·

248 3290 390 3354 moniam
415 3309 554 3354 omnam.

294 3500 373 3566 Post
394 3519 496 3584 pauca
521 3496 596 3564 574.
625 3498 654 3562 1.
676 3497 740 3563 οὔτ’
765 3498 909 3574 ἐλεήσετε
931 3498 996 3567 οὔτ’
1021 3501 1182 3582 ιῖφιίσετε,
1207 3501 1281 3567 ἀλλ’
1304 3501 1424 3565 οῖπσκσε-
1527 3481 1528 3506 ¹

250 3615 329 3671 νεῖτε
354 3606 370 3681 ἢ
394 3606 585 3680 ἀτιμώσετε,
609 3606 643 3668 in
667 3606 698 3668 S.
719 3607 875 3688 seriptum
900 3606 1181 3673 θε1οῖποκτείνετε.
1216 3607 1295 3672 Tem
1316 3602 1422 3686 incogi·
1527 3585 1528 3630 ί

249 3718 354 3779 tanter
376 3712 477 3778 solent
499 3713 533 3776 in
556 3711 661 3778 verbis
683 3710 849 3796 liquidatis
872 3711 980 3778 futuro
1002 3733 1148 3797 praesens
1172 3715 1362 3780 substituere.

295 3922 376 4010 Peg.
401 3918 477 3987 574.
501 3919 555 3986 21.
580 3917 618 3984 ῖιν
641 3919 737 3986 τοίνυν
763 3920 834 3998 ὑμῖν
859 3921 972 4010 [ὀρθῶς]
1001 3921 1071 4004 ἐπίρ
1090 3932 1216 3989 σκοπεῖν
1236 3923 1335 3988 τούτου
1350 3931 1419 3987 πλη-

250 4029 344 4110 ρωτῖρν
374 4029 515 4106 εὑρήσετε
545 4026 678 4091 Μειδίοιν
709 4024 784 4090 tora
818 4031 872 4091 τοῦ
909 4026 1020 4108 ε’ροίνον.
1069 4028 1260 4095 Rectissime
1291 4027 1366 4107 σ’ρίῶε
1396 4017 1418 4084 S

250 4136 384 4201 omittit.
429 4132 466 4197 In
496 4154 530 4198 re
560 4138 628 4197 tam
657 4133 840 4211 manifesta,
866 4132 905 4198 de
932 4155 995 4220 qua
1016 4154 1110 4199 nemo
1133 4135 1288 4223 ambigit,
1311 4133 1416 4197 σκοπεῖν

249 4243 326 4308 satis
350 4243 408 4305 est.

289 4345 457 4408 Praeterea
480 4342 647 4423 ἐπέρχεται
672 4367 723 4422 μοι
747 4353 872 4410 σκοπεῖν
896 4348 975 4414 bene
994 4347 1108 4424 habet,
1130 4351 1167 4414 111
1186 4367 1259 4436 pag.
1283 4335 1416 4413 57116.
