3080 4972
657 240 698 313 37

98 433 254 502 substituit
277 434 316 502 de
338 437 456 504 nihilo:
482 439 637 518 προσθήσω
662 437 693 503 δὲ
718 438 770 504 καί
794 448 857 514 τοῖς
876 442 907 506 ἐν
924 451 962 525 τῇ
983 439 1072 508 πθλει
1093 437 1180 527 (θεοῖς
1193 433 1275 523 οίπερ

98 543 180 607 αὐτὸν
212 541 418 632 ἐξολέσειαν),
454 543 547 609 οάἀενῖ
580 544 683 622 μέντοι
713 549 836 624 μάλλον
867 549 931 612 κσὲ.
976 547 1087 634 Itaque
1112 548 1225 614 abhis
1248 548 1274 613 οῖ

97 649 294 726 θεολνροῖνπες
320 650 498 715 abstineant
518 671 660 716 menum.

134 861 208 951 Peg.
234 863 309 929 135.
336 864 367 930 2.
393 861 456 942 ἥξει
479 862 588 929 πάντα
616 865 659 929 τά
685 869 735 930 νῦν
757 865 959 945 βεβιασμένα
980 888 1075 955 supra
1097 888 1170 955 pag.
1196 865 1270 932 100.

95 969 121 1032 2.
153 969 192 1033 πά
228 974 277 1035 νῦν
315 969 609 1050 erumpemus
643 973 768 1038 vitiose.
816 972 934 1040 Nullus
963 974 1017 1040 hic
1049 973 1273 1061 praepositioni

94 1073 179 1140 locus.

132 1285 205 1375 Peg.
219 1287 298 1353 135.
313 1291 345 1353 4.
370 1289 419 1358 tet
445 1289 508 1370 νάρ
533 1293 619 1368 ὑμεῖς
644 1291 697 1355 οὐκ
720 1289 807 1356 αὐτοὶ
831 1300 1055 1366 πλεονεκτῆσαι
1087 1291 1141 1358 καί
1174 1315 1273 1356 καπα-

94 1400 173 1474 σχεῖν
192 1395 292 1477 ἀρχὴν
313 1391 347 1461 εὖ
371 1396 547 1478 πεφυκότες
571 1397 646 1461 ἀλλ’
670 1393 768 1476 ἕτερον
791 1397 905 1476 λαβεῖν
928 1403 1066 1464 κωλῦσαι
1089 1399 1141 1463 καί
1167 1395 1271 1480 ἔχοντ’

94 1499 257 1579 ἀφελέσθαι
279 1501 330 1566 καὶ
355 1498 430 1573 θλως
455 1502 622 1582 ἐνοχλῆσαι
646 1509 708 1573 τοῖς
730 1501 838 1584 ἀρχειν
860 1503 1054 1582 βουλομένοις
1076 1505 1128 1569 καὶ
1147 1503 1270 1576 πάντας

94 1605 249 1686 ἀνθρώπους
275 1609 317 1680 είς
343 1607 511 1685 ἐλευθερίαν
537 1608 692 1683 ἐξελέσθαι
717 1608 814 1674 δεινοί.
850 1609 971 1675 Eadem
995 1631 1090 1696 supra
1108 1632 1181 1699 pag.
1196 1608 1271 1675 100.

95 1711 120 1775 4.
142 1715 192 1779 sed
215 1714 269 1779 καί
294 1711 397 1793 ἔχοντ’
421 1713 595 1794 ἀφελέσθαι
621 1713 743 1778 δεινοί
767 1715 864 1786 «μείς
890 1715 1059 1796 ἐλευθερίαν
1080 1716 1271 1780 ’ΛΦελέοθαι

93 1815 261 1898 ἕτοιμοι,
287 1841 367 1905 quae
389 1819 524 1885 meliore
546 1825 638 1898 eunt,
663 1819 718 1885 sed
741 1819 900 1894 ἐξελέσθαι
924 1823 964 1886 01)
983 1820 1172 1907 praecedens
1191 1823 1272 1902 ἀφε-

92 1923 186 1990 λέσθαι
209 1927 423 2004 retinendnm,
449 1947 643 2012 quamquam
666 1929 791 2013 proprie
814 1927 985 1999 dicitureic
1002 1928 1173 2006 ἐλευθερίαν
1192 1931 1272 2006 ἀφε-

91 2031 187 2097 λέσθαι
207 2039 240 2100 ot
265 2035 282 2109 ἡ
307 2034 349 2105 είς
374 2033 543 2114 ἐλευθερίαν
574 2033 740 2115 ἀφαίρεσις
765 2035 793 2098 si
816 2035 888 2118 quis
914 2055 1009 2119 quem
1031 2036 1066 2098 in
1088 2033 1270 2099 libertatem

89 2139 229 2207 vindicet.

128 2341 305 2442 Pegsldfu,
336 2351 390 2418 11.
425 2357 540 2433 πρῶτον
573 2352 630 2431 μέν
665 2353 700 2426 δὴ
736 2357 825 2416 τοῦτο
857 2352 904 2418 ἀεῖ
928 2351 1034 2434 ἐχθρὸν
1066 2351 1270 2435 ὑπειληφέναι

89 2464 136 2531 τῖς
155 2459 314 2532 πολιτείας
334 2459 400 2544 [καὶ
419 2465 475 2532 τῆς
495 2457 716 2546 δημοκρατίας]
740 2457 953 2524 ἀάιάλλακτον
973 2459 1093 2525 ἐκεῖνον.
1123 2459 1270 2525 Totidem

87 2566 182 2631 verbis
212 2587 308 2652 supre
338 2586 413 2653 pag.
439 2563 514 2630 100.
541 2562 593 2629 12.
642 2563 720 2643 Quis
753 2569 862 2630 temen
899 2564 1080 2632 admonitus
1112 2571 1270 2650 punctum

87 2673 229 2756 temporis
264 2671 426 2737 dubitabit
458 2669 611 2736 stolidum
644 2670 804 2746 emblema
835 2669 1013 2758 expellere?
1060 2671 1139 2751 Quis
1169 2675 1270 2737 nescit

87 2778 216 2846 ἀττικιςί
242 2799 323 2864 quoe
348 2779 477 2843 caeteris
502 2779 519 2850 ἀ
544 2776 736 2855 δημοκρατία
761 2776 879 2841 dicitur
900 2776 956 2849 τάν
979 2777 1139 2842 πολιτείαν
1162 2777 1268 2864 appel·

86 2879 139 2946 leri
167 2882 288 2950 soleret
317 2889 349 2950 et
378 2883 518 2949 feremus
547 2883 625 2948 hoec
656 2881 822 2968 pueriliter
851 2882 1007 2968 copulata.
1055 2882 1139 2962 Quid
1169 2885 1203 2948 in
1234 2905 1268 2949 re

85 2994 153 3054 note
181 2996 278 3057 testes
307 2986 502 3076 producam?
533 2989 620 3054 Audi
644 2993 751 3053 temen
774 2987 1058 3073 Herpocmtionem
1081 2987 1117 3054 V.
1144 2999 1266 3056 Πολι-

86 3095 187 3160 τείατ
211 3097 291 3170 ίάίοις
315 3096 435 3161 εἰώθασι
459 3095 501 3176 τῷ
526 3093 652 3171 ἀνθματι
675 3094 809 3176 χρῆσθαι
834 3095 859 3159 οἱ
882 3095 999 3175 ῥήτορες
1025 3093 1074 3158 ἐπί
1099 3103 1155 3169 τῆς
1175 3096 1265 3173 ἀκμο-

87 3202 221 3279 κρατῖας,
250 3208 284 3270 et
312 3202 365 3269 vel
394 3202 479 3266 hunc
503 3221 605 3266 unum
628 3199 853 3265 Demosthenis
875 3199 984 3265 locum
1006 3201 1125 3287 inspice
1148 3204 1182 3266 in
1206 3222 1268 3286 quo

86 3325 241 3374 versemur
262 3331 337 3397 pag.
362 3307 415 3374 99.
442 3306 485 3374 26
510 3305 601 3388 (134.
629 3305 685 3390 15)
716 3306 809 3372 οὐθενὶ
838 3305 1087 3384 adsectatores
1111 3306 1127 3381 ἢ
1151 3317 1189 3390 τῇ
1214 3331 1266 3372 πο-

84 3414 180 3498 λιτείρς
213 3422 412 3493 πολεμεῖ-
437 3414 490 3478 καί
527 3419 639 3477 σκοπεῖ
669 3419 732 3484 πῶς
766 3412 884 3487 ταύτην
916 3412 1101 3478 καταλύσει.
1133 3424 1165 3477 et
1194 3418 1266 3498 post

82 3538 178 3600 pauca
208 3543 282 3610 peg.
309 3517 363 3585 99.
389 3518 442 3585 29.
478 3515 540 3584 οίάε
574 3519 637 3600 ράρ
666 3519 800 3598 ἀκριβῶς
831 3515 877 3584 θπι
902 3555 943 3566 -
970 3516 1050 3583 οὐδὲν
1082 3515 1150 3585 ἔται
1182 3519 1283 3601 αὐτῷ·

85 3623 215 3702 βεβαίως
240 3626 325 3710 ἔχειν
349 3621 403 3697 ἕως
427 3623 465 3690 ἀν
490 3627 577 3703 ὑμεῖς
602 3625 840 3704 δημοκρατῆσθε.
888 3625 1001 3709 Itaque
1023 3625 1079 3709 qui
1101 3629 1156 3696 τῖς
1176 3623 1266 3703 ἀκμο-

85 3732 207 3809 κρατίας
230 3736 366 3800 retinere
388 3732 477 3800 volet
498 3734 534 3797 in
555 3733 701 3819 margine
725 3731 902 3798 adscribito.

126 3942 202 4032 Peg.
227 3945 304 4012 136.
329 3945 383 4012 25.
416 3945 570 4011 Φίλιππον
602 3945 629 4009 δ’
653 3944 747 4010 αὐτὸν
777 3943 859 4009 otte
890 3943 928 4008 ἀν
957 3941 1037 4010 ἀλλο
1065 3941 1174 4012 σίΜΑΙ
1198 3955 1265 4015 MA

87 4048 153 4120 τοὺς
175 4053 252 4125 θεοὺς
277 4049 425 4127 εὔξασθαι
450 4058 544 4116 ποιεῖν
568 4051 623 4124 τάν
646 4049 735 4116 πθλιν
760 4050 776 4125 ἢ
801 4055 906 4115 ταῦτα
929 4051 950 4116 ἀ
976 4056 1172 4132 νῦνποιεῖτε.
1196 4062 1263 4120 MA

88 4175 124 4217 ex
145 4158 343 4240 praecedente
367 4193 387 4207 -
410 4165 492 4223 MAI
523 4159 605 4224 vitio
635 4163 748 4223 netum
776 4177 858 4224 novo
889 4159 986 4222 errori
1008 4159 1078 4232 τοὺς
1102 4158 1184 4230 θεούς
1207 4181 1265 4245 pro

88 4268 148 4331 τοῖς
172 4264 242 4337 θεοῖς
266 4270 372 4330 ortum
396 4264 491 4330 dedit.
540 4263 699 4329 Emende:
723 4264 805 4329 οὐδὲν
829 4263 867 4329 ἀν
890 4263 970 4329 ἀλλο
993 4259 1079 4342 οἶμαι
1103 4261 1166 4336 τοῖς
1189 4267 1265 4339 θεοῖς

90 4365 228 4446 εὔξασθαι
259 4379 351 4438 ποιεῖν
383 4373 439 4448 τίρν
471 4369 570 4437 πόλιν.
617 4368 736 4436 Herod.
759 4369 785 4435 1.
811 4367 863 4437 37.
896 4368 948 4458 (of.
979 4369 1050 4436 Van.
1071 4369 1164 4436 Lectt.
1189 4393 1264 4462 pag.
