3034 4968
289 398 486 466 Putemusue
520 399 661 466 codicem
696 399 894 488 Thucydidis
928 421 947 466 a
980 397 1114 464 Libanio
1147 397 1183 461 iu
1214 398 1303 460 tanto
1331 396 1421 480 pretio

243 507 392 572 habitum
415 507 512 572 fuisse
535 505 630 572 valde
654 507 901 572 emendatiorem
925 526 1022 590 quam
1046 504 1161 589 quibus
1179 503 1274 568 hodie
1289 498 1422 567 utimur?

242 611 351 678 Multa
374 618 448 678 sunt
471 633 551 697 quae
573 614 656 677 mihi
679 613 831 678 suadeant
855 617 893 676 ut
915 631 977 676 non
995 609 1102 674 multo
1120 608 1289 674 meliorem
1309 608 1423 674 credam

241 718 349 784 fuisse.
384 719 537 784 Libanius
569 723 601 783 et
631 719 796 803 aequales,
820 716 982 792 Iulianus,
1006 715 1224 793 Themistius,
1251 715 1323 792 alii,
1346 733 1423 799 prae·

242 823 342 889 claros
365 825 519 909 quosdam
542 827 708 909 scriptores
730 822 798 888 stili
818 823 977 888 formandi
998 843 1092 887 causa
1112 823 1237 886 assidue
1256 820 1423 886 lectitantes

241 950 370 996 omnem
397 930 471 994 inde
501 930 626 996 dicendi
658 931 802 1015 copiam,
830 932 1052 1005 venustatem,
1078 926 1290 1015 elegantiam,
1313 926 1423 1010 lepores

240 1025 432 1120 veneresque
454 1038 488 1100 in
512 1056 569 1100 sua
593 1037 710 1120 scripta
733 1034 962 1100 transferebant
983 1038 1014 1098 et
1033 1037 1199 1117 tamquam
1219 1031 1347 1096 floribus
1358 1029 1423 1094 inde

241 1141 397 1225 decerptis
416 1161 489 1206 suos
509 1141 652 1206 hortulos
672 1141 874 1206 exomabaut.
910 1138 1108 1204 Themistius
1120 1137 1294 1216 ,Platonem
1305 1137 1421 1202 tenebat

228 1231 441 1323 memoriter,
467 1245 621 1311 Libanius
643 1246 908 1320 Demosthenem,
931 1245 1137 1320 Aeschinem,
1157 1243 1345 1319 Isocratem,
1365 1241 1421 1306 He

227 1352 390 1416 'rodotum
424 1357 456 1416 et
491 1350 723 1438 Thucydidem.
773 1350 1024 1416 Innumerabiles
1055 1349 1140 1434 apud
1168 1349 1339 1414 Libanium
1367 1348 1422 1414 loci

241 1461 329 1530 sunt,
346 1458 400 1522 ubi
419 1462 585 1542 tamquam
605 1478 754 1544 gemmae
774 1456 940 1542 splendent
961 1459 1059 1536 ῥήσεις
1079 1457 1311 1540 Antiquorum‚
1334 1454 1420 1520 modo

240 1561 431 1648 simpliciter
453 1561 614 1638 αὐτολεξεὶ
640 1564 832 1649 descriptae,
857 1563 952 1628 modo
976 1561 1134 1626 imitando
1158 1582 1320 1646 expressae
1338 1565 1370 1626 et
1388 1560 1422 1626 ad

240 1667 328 1734 aliud
347 1674 573 1756 argumentum
592 1670 856 1735 accommodatae.
887 1667 956 1734 Has
976 1688 1086 1733 omnes
1105 1669 1305 1734 imitationes
1324 1669 1419 1755 cogni-

238 1779 287 1838 tas
311 1777 343 1839 et
366 1775 547 1841 observatas
569 1775 685 1841 habeas
703 1795 827 1840 necesse
846 1779 911 1850 eat,
930 1775 958 1839 si
980 1775 1031 1839 vis
1047 1772 1216 1838 'Iulianum
1240 1779 1272 1839 et
1295 1774 1420 1859 reliquos

237 1878 331 1974 plane
364 1879 556 1968 intelligere.
603 1877 665 1944 Sed
701 1879 872 1966 diligenter
906 1879 1085 1946 cavendum
1120 1883 1168 1944 est
1197 1901 1238 1944 ne
1268 1882 1304 1944 in
1331 1901 1367 1944 ea
1391 1899 1419 1942 re

237 1986 371 2052 modum
407 1986 555 2062 excedas,
589 2007 666 2050 nam
697 2006 889 2073 magnorum
921 1987 1064 2051 virorum
1099 1986 1267 2072 naufragio
1300 1984 1419 2049 infamis

237 2092 290 2155 hic
321 2091 469 2176 scopulus
501 2097 558 2156 est.
602 2091 887 2178 Wyttenbachius,
917 2093 972 2177 qui
1002 2093 1110 2157 omnia
1139 2091 1263 2179 legerat
1286 2097 1318 2156 et
1340 2087 1419 2175 quid·

238 2195 317 2280 quid
339 2195 470 2282 legisset
492 2197 630 2262 habebat
652 2199 687 2261 in
710 2202 857 2283 promtu,
882 2197 1058 2283 permultas
1080 2198 1302 2262 huiuscemodi
1324 2197 1419 2261 imita·

237 2303 339 2382 tiones
367 2303 490 2386 primus
521 2303 749 2369 animadvertit
780 2308 811 2368 et
838 2305 883 2368 sic
907 2303 1021 2368 multis
1045 2303 1124 2368 locis
1143 2309 1199 2368 aut
1223 2309 1342 2368 certam
1363 2323 1419 2368 cor-

237 2409 412 2493 rectionem
447 2412 503 2472 aut
538 2407 657 2472 claram
692 2408 798 2474 lucem
832 2408 961 2486 attulit,
978 2409 1053 2475 ised
1077 2411 1201 2494 saepius
1223 2409 1310 2473 idem
1331 2409 1364 2473 in
1391 2427 1419 2472 re

237 2511 360 2577 lubrica
382 2512 491 2597 lapsus
513 2515 708 2580 imitationes
732 2515 793 2579 sibi
816 2515 984 2599 videbatur
1006 2515 1130 2591 videre,
1155 2516 1212 2580 ubi
1234 2537 1274 2580 ne
1292 2517 1419 2580 minima
1505 2577 1506 2580 ,

238 2618 369 2703 quidem
414 2619 541 2684 suberat
582 2620 732 2684 imitandi
773 2623 927 2705 suspicio;
956 2620 1041 2685 unde
1074 2641 1136 2686 non
1171 2623 1335 2686 immerito
1367 2619 1418 2684 hoc

195 2776 200 2786 .
234 2724 547 2790 animadversionum
566 2745 668 2812 genus
679 2727 756 2792 viris
769 2747 821 2791 em
835 2730 951 2791 unctae
965 2727 1050 2790 naris
1062 2726 1211 2811 praebuit
1222 2728 1325 2790 risum
1335 2745 1416 2810 prae·

238 2829 364 2914 batque.
400 2829 601 2915 Ubicumque
631 2852 706 2898 uera
736 2833 877 2897 imitatio
901 2831 1010 2896 subest
1033 2836 1170 2896 certast
1193 2851 1337 2916 expressa
1358 2831 1417 2895 eius

235 2938 283 3001 rei
316 2939 454 3024 vestigia
489 2941 521 3002 et
551 2936 669 3002 indicia
700 2943 862 3022 apparent.
899 2936 1071 3015 Ostendam
1103 2940 1138 3002 in
1171 2958 1236 3002 uno
1267 2936 1417 3020 alteroque
1505 2941 1506 2944 ’

236 3041 399 3126 exemplo,
432 3043 489 3107 ubi
519 3045 636 3108 veteris
669 3045 752 3122 ρ’ῆσις
782 3064 801 3108 1
831 3041 980 3128 Sophista
1010 3043 1050 3109 ad
1078 3042 1170 3108 aliud
1199 3046 1417 3130 argumentum

235 3147 381 3212 traducta
416 3153 473 3214 est.
520 3147 750 3214 Demosthenes
783 3149 906 3214 dixerat
935 3170 1009 3236 pag.
1043 3147 1119 3214 296.
1155 3147 1207 3214 lb.
1234 3151 1338 3225 ἡρεῖτο
1361 3146 1416 3225 aba

236 3253 337 3317 αὐτῶν
360 3249 469 3325 ἕκαεος
492 3254 561 3333 οὐχὶ
586 3254 627 3334 σῷ
653 3253 746 3332 πατρὶ
771 3253 823 3318 καὶ
848 3263 886 3336 σῇ
910 3258 1003 3335 μητρὶ
1024 3253 1112 3332 μόνον
1131 3256 1319 3332 γεγενῆσθαι
1336 3249 1417 3317 dead

236 3359 289 3424 acl
326 3369 364 3440 σῇ
401 3358 540 3438 πατρίδι.
581 3358 719 3438 διαφέρει
753 3359 783 3424 δὲ
819 3362 851 3426 σι’
858 3389 868 3436 3
903 3355 949 3424 ὅτι
980 3361 993 3424 ὁ
1025 3361 1081 3437 μὲν
1105 3367 1168 3432 σοῖς
1191 3364 1313 3438 γονεῦσι
1337 3357 1416 3436 μόνον

236 3465 424 3544 γενενῆσθαι
448 3461 573 3544 νομίζον
596 3464 648 3528 σὸν
672 3473 727 3540 τῆς
752 3466 938 3547 εἱμαρμένης
959 3467 1012 3530 καὶ
1033 3466 1085 3530 σὸν
1106 3465 1417 3543 αὑτόμασονθοὶνατον

237 3569 409 3655 περιμένει,
440 3571 454 3634 o‘
486 3570 517 3634 δὲ
546 3571 598 3634 καὶ
630 3581 669 3652 τῇ
695 3571 819 3652 πατρίδι
845 3572 917 3651 ὑπὲρ
942 3577 994 3636 τοῦ
1020 3574 1064 3648 μὴ
1087 3572 1205 3645 ταύτην
1228 3574 1338 3638 ἐπιδεῖν
1362 3570 1416 3634 δον-

236 3677 384 3740 λεύονσαν
407 3676 605 3750 ἀποθνήσκειν
629 3677 776 3752 ἐθελήσει.
802 3677 890 3743 Audi
912 3699 996 3742 nuno
1018 3660 1192 3743 Libanium
1211 3678 1266 3743 IV.
1283 3672 1415 3744 78110.

155 3850 157 3854 ,
236 3782 284 3846 δεῖ
309 3782 373 3861 γὰρ
404 3781 473 3853 τοὺς
505 3769 642 3858 ἀγαθοὺς
673 3781 783 3863 ἄνδρας
809 3823 849 3832 -
876 3784 907 3847 οὐ
940 3783 1029 3859 μόνον
1053 3785 1160 3864 σφίσιν
1184 3787 1290 3855 αὐτοῖς
1312 3781 1416 3848 οἴεσθαι

165 3876 168 3882 ’
235 3889 396 3967 γενονέναι
425 3887 495 3960 τοὺς
519 3887 638 3960 παῖδας
664 3890 753 3954 ἀλλὰ
777 3888 829 3955 κα)
854 3899 893 3969 τῇ
919 3889 1059 3968 πατριδι.
1086 3889 1224 3970 διαφέρει
1248 3888 1279 3953 δὲ
1302 3887 1333 3951 τί
1342 3915 1351 3964 3
1376 3879 1415 3949 ὅτι
1502 3906 1507 3983 {

236 3995 249 4057 d
274 3994 331 4070 μὲν
354 3995 436 4071 αὐτῷ
461 3991 540 4074 μόνῳ
564 3993 607 4057 σοὶ
630 3994 724 4060 σε’κνα
747 3995 935 4074 γεγενῆσθαι
960 3994 1085 4076 νομίζων
1109 3997 1163 4071 τὴν
1188 3997 1223 4059 εἰι
1246 4001 1300 4069 τῆς
1317 3993 1414 4070 εἱμαρ

235 4099 327 4178 μένης
362 4100 505 4165 ἐπιοῦσαν
527 4103 643 4172 ,αὐτοῖς
674 4101 821 4175 censoriae
852 4104 1021 4183 ὑφορᾶται,
1055 4102 1069 4166 d
1100 4102 1131 4166 δὲ
1160 4101 1212 4168 καὶ
1237 4111 1276 4184 τῇ
1299 4095 1413 4176 πατρίδι

237 4205 310 4285 ὑπὲρ
334 4211 387 4270 τοῦ
412 4207 457 4284 μὴ
479 4204 596 4281 cedaar
619 4207 819 4272 δοολιιθεῖσαν
843 4207 916 4274 ἰδεῖν
939 4209 971 4274 οὐ
996 4207 1145 4288 φαίνεται
1169 4207 1246 4296 (leg.
1269 4203 1415 4290 φείδεται)
1503 4264 1508 4298 r

236 4312 369 4380 κινδύνου
394 4316 559 4385 ιιανιοῦνσος
583 4319 640 4378 τῶν
665 4312 792 4379 παίδων.
