3096 4972
684 255 751 325 527

132 443 283 526 ἐπρήχθη,
308 448 345 514 σὺ
370 447 400 514 δὲ
424 446 509 512 τοῦτ’
531 447 692 526 ἐμιμήσω,
717 447 768 513 διὰ
792 445 878 514 τοῦτ’
900 447 1095 531 ἀποφεύγοις
1117 448 1155 516 uo
1174 451 1312 533 δικαίως,

131 551 212 616 ήλλοὶ
241 554 344 634 πολλῷ
376 557 500 631 μᾶλλον
531 553 679 620 οὶλίσκοιο.
709 551 809 634 ἆίσπερ
840 554 904 634 γὰρ
928 554 957 620 εί
978 579 1024 629 πιρ
1050 556 1167 623 ἐκείνων
1192 560 1311 640 προήλω

131 657 164 722 σὺ
193 657 260 724 τίδ’
289 663 342 725 οὐκ
374 659 411 725 ἂν
443 657 605 741 ἔγραψας,
639 657 730 734 οὕτως
763 660 802 726 νίν
832 662 869 726 σὺ
895 666 945 725 νῦν
969 662 1053 736 δίκην
1078 663 1133 744 δῷς
1157 663 1255 737 ἄλλος
1280 667 1313 730 οὐ

131 762 249 844 γριίψει.
280 789 380 852 quum
410 768 616 833 vehementer
646 771 728 832 osset
757 768 947 853 probatum,
980 771 1116 834 triennio
1144 775 1216 855 posi
1239 771 1311 835 κατ’

133 867 353 953 Ἀριςοκροίποος
377 895 450 961 pag.
476 872 551 938 653.
579 871 631 938 17.
658 874 757 938 dixit:
783 876 815 938 οὐ
836 874 899 955 γίιρ
919 875 947 938 εί
965 899 995 940 πι
1017 874 1140 940 πώποτε
1161 877 1205 953 μή
1227 877 1312 942 κατὰ

131 977 194 1051 ποὺς
218 978 323 1056 νόμους
349 981 511 1060 ἐπρήχθη,
538 980 575 1044 σὺ
603 980 632 1044 δὲ
656 978 742 1043 τοῦτ’
768 980 909 1057 ἐμιμήσω
935 978 986 1044 δια
1009 979 1094 1045 τοῦτ’
1120 982 1314 1064 ἀποφεύγειν

131 1106 171 1147 σοι
194 1089 334 1166 προσήκει
358 1086 447 1152 οὶλλοὶ
471 1086 646 1151 τούναντίον
670 1085 751 1151 πολὺ
775 1089 899 1164 μᾶλλον
924 1086 1105 1152 ἁλίσκεσθαι
1125 1087 1176 1152 διὰ
1196 1092 1313 1155 ταῦτα.

130 1185 221 1272 ἐίσπερ
244 1193 307 1272 γὰρ
331 1191 360 1257 εί
378 1216 425 1264 τις
446 1191 564 1256 ἐκείνων
584 1191 666 1256 ἓοίλω
688 1193 726 1257 σὺ
747 1190 819 1256 τίδ’
842 1193 896 1258 οὐκ
917 1191 955 1257 oio
976 1189 1139 1274 ἔγραψας,
1162 1190 1255 1266 οἷίσως
1276 1193 1313 1260 iou

130 1296 164 1359 σὺ
186 1301 236 1362 νῦν
259 1299 343 1379 οίλῷς
368 1296 464 1369 σ’ίλλοι
488 1300 521 1363 οὐ
546 1298 673 1379 γροίψει.
1092 1301 1096 1305 ’

170 1404 218 1469 Ad
240 1405 377 1482 eundem
399 1405 533 1471 modum
558 1403 643 1471 locos
664 1425 702 1470 ox
722 1405 926 1469 Ααήνοίίοασω
946 1407 981 1469 in
996 1410 1205 1470 Timocratem
1219 1410 1314 1473 tortio

128 1516 193 1594 post
215 1533 296 1577 ormo
319 1511 464 1577 habitam
488 1510 671 1593 transtulit,
695 1514 727 1574 ei
749 1513 784 1574 in
806 1510 857 1574 hio
875 1510 1007 1594 iocum,
1033 1511 1071 1576 do
1095 1533 1156 1596 quo
1186 1515 1315 1600 agimus

127 1637 194 1704 pag.
227 1616 304 1684 755.
339 1617 369 1683 3.
404 1617 493 1682 οίλλέι
521 1618 555 1691 νή
588 1616 653 1681 Δία
676 1619 782 1680 ταῦτα
806 1625 968 1681 ΜΟΝΟΝ
993 1622 1122 1682 τοιοῦτοι
1148 1619 1315 1696 γεγόνασιν

129 1759 167 1769 -
184 1721 271 1788 οίλλα
306 1725 333 1789 δ’
368 1721 428 1787 ἐσθ’
465 1716 486 1812 oi
519 1729 622 1796 καλῶς
658 1723 850 1804 διῳκήκασιν.
887 1722 976 1786 ouo
1013 1723 1064 1786 καί
1097 1720 1207 1789 ποῖλλα
1238 1723 1313 1791 οίίσω

127 1829 364 1908 προσεληλύθασι
397 1829 470 1907 πρὸς
504 1831 586 1905 ὑμᾶς
611 1826 678 1893 ὥσθ’
704 1825 795 1902 ήκιςα
820 1831 886 1892 ἘΝ
910 1824 952 1900 οἷς
974 1828 1132 1901 οίκήκίαπε
1155 1827 1240 1900 οίὲιέν
1266 1832 1311 1898 ἐςι

128 1943 222 2011 μισεῖν
247 1934 386 2016 αὐτούς..
417 1935 479 2000 His
502 1938 586 2001 inter
610 1957 643 2001 oe
667 1937 856 2020 comparatis
878 1939 967 2020 patei
990 1935 1159 2019 utrobique
1179 1935 1315 2002 scriben-

128 2039 199 2104 dum
224 2045 328 2105 ταῦτα
353 2050 467 2125 ΜΕΝ,
492 2042 527 2105 id
552 2041 636 2126 quod
659 2043 728 2126 ipsa
751 2041 957 2125 oppositionis
980 2042 1061 2104 ratio
1084 2040 1235 2124 postulat.
1277 2041 1315 2106 In

127 2148 224 2230 priore
254 2148 324 2213 looo
359 2148 416 2226 μὲν
446 2151 480 2213 in
512 2147 534 2212 S
565 2147 747 2223 intercidit,
778 2149 813 2211 in
842 2146 942 2212 aliero
974 2151 1159 2232 corruptum
1192 2152 1239 2212 eoi
1266 2146 1315 2234 (ui

127 2255 225 2339 saepo)
259 2257 295 2320 in
325 2253 423 2332 μόνον.
470 2252 638 2318 Praetereo
668 2253 823 2318 mendum
853 2254 936 2318 inest
970 2255 1098 2338 utrique
1129 2252 1197 2318 looo
1229 2275 1315 2320 oom-

126 2378 227 2424 muno.
277 2359 399 2426 Vitiose
423 2362 508 2425 enim
533 2360 651 2424 dicitur
673 2367 774 2438 μισεῖν
799 2359 910 2432 αὐτοὺς
934 2359 1003 2424 ἘΝ
1025 2357 1067 2434 οἷς
1088 2359 1262 2446 οὶκήκίαπε,
1284 2367 1315 2427 ei

126 2467 192 2547 quis
213 2488 277 2531 non
300 2467 397 2531 sentit
420 2465 494 2529 Ἐφ’
518 2459 559 2535 οἷς
583 2464 741 2540 οίκήκίαπε
766 2485 832 2530 esse
854 2464 988 2532 verum?

166 2672 245 2761 Pag.
275 2672 351 2738 616.
378 2674 409 2738 9.
435 2677 541 2737 ταῦτα
565 2674 622 2748 μὲν
644 2673 741 2738 τοίνυν
761 2710 802 2720 -
823 2673 975 2751 ήΦοίνιςαι
1000 2672 1233 2753 καίαιρείένπων
1257 2683 1315 2740 πῶν

125 2779 283 2861 ςεφοίνων·
316 2780 365 2844 ἐπὶ
397 2787 468 2851 ταῖς
497 2779 630 2862 φιοίλαις
655 2780 681 2844 δ’
707 2771 745 2850 ίις
770 2780 837 2842 ἐντ’
863 2779 981 2843 ἐκείνων
1004 2779 1168 2854 ἐποιήσατο
1193 2781 1263 2858 ὑμῖν
1289 2781 1315 2866 [o‘

124 2884 222 2966 πόρνος
242 2883 343 2974 οὗτοι]
370 2886 600 2965 »Ἀνδροτίωνος
622 2883 866 2961 ἐπιμελομένον”
888 2883 1094 2969 [ἐποιήίήσοιν]
1122 2885 1317 2966 ἐπιγέγραπ-

124 3015 193 3056 rou·
228 2992 281 3056 καὶ
316 2988 349 3056 οὗ
375 2990 410 3054 τὸ
434 2997 526 3066 σῶμα
552 2991 746 3070 ήπαιρήκόπος
772 2991 824 3054 οὐκ
849 2989 934 3054 ἐῶσιν
957 2990 983 3054 οἱ
1008 2988 1091 3068 νόμον
1115 2992 1158 3061 ric
1182 2992 1225 3056 σοὶ
1248 2995 1314 3074 ἱεροὶ

124 3098 266 3176 εἰσιέναι,
290 3098 398 3162 ποιίπον
421 3096 558 3173 τοῦνομα
584 3099 615 3161 ἐν
641 3105 703 3168 τοῖς
730 3097 815 3177 ἱεροῖς
841 3094 890 3158 ἐπί
916 3104 988 3169 ταῖς
1012 3093 1146 3178 Φιοίλαις
1173 3122 1317 3180 γεγραμ-

123 3204 207 3280 μένον
238 3204 311 3272 ἐςίν.
358 3203 478 3268 Eadem
509 3202 740 3289 propemodum
775 3202 873 3268 uerba
909 3202 948 3267 do
984 3201 1095 3267 eadem
1129 3224 1163 3268 re
1200 3209 1317 3292 scripto

118 3310 270 3399 leguntur
299 3331 374 3398 pag.
408 3307 483 3376 756.
519 3309 573 3375 19.
621 3310 658 3374 Irr
689 3311 793 3394 priore
825 3307 896 3373 looo
932 3309 1038 3393 prima
1074 3329 1186 3374 manus
1221 3315 1255 3376 in
1292 3312 1315 3377 S

122 3421 231 3482 omisit
254 3419 267 3482 i
292 3416 395 3497 πόρνος
420 3411 516 3487 οὗτος.
563 3416 771 3491 Rectissime,
796 3419 835 3479 uo
855 3416 984 3500 opinor,
1004 3434 1142 3499 namquo
1161 3419 1203 3481 iio
1222 3422 1318 3484 omis-

121 3527 161 3588 sis
192 3522 299 3588 multo
330 3524 431 3587 aorior
463 3525 496 3587 et
525 3522 745 3587 vehementior
776 3521 815 3586 od
847 3523 993 3585 animum
1025 3525 1057 3586 ot
1090 3541 1180 3587 aures
1203 3526 1319 3590 accidit

120 3649 252 3715 sequens
277 3631 396 3694 oratio:
421 3623 455 3691 οὗ
478 3627 512 3692 πὸ
538 3633 630 3704 σῶμα
657 3626 852 3707 ήσαιρήκόπος
879 3627 944 3691 κπὲ.
980 3625 1017 3690 In
1041 3629 1130 3693 exitu
1154 3627 1215 3694 looi
1236 3630 1317 3718 legi·

122 3740 173 3801 tur
203 3739 239 3801 in
272 3735 471 3798 iimooroieo:
506 3733 737 3812 ,,Ἀνδροπίωνοι
774 3730 1024 3810 ἐπιμελομένον.”
1062 3733 1315 3816 ἐπιγέγραπται,

123 3843 239 3906 omisso
270 3840 463 3915 ἐποιήίήσαν.
509 3838 599 3904 Haeo
631 3860 755 3928 quoquo
788 3843 836 3904 est
868 3859 943 3904 veru
979 3843 1011 3903 ot
1045 3842 1175 3926 antiquo
1204 3842 1317 3930 lectio,

121 3966 261 4031 namquo
291 3949 495 4032 perspicuum
525 3950 574 4010 est
608 3947 642 4009 in
671 3947 750 4031 ipsis
782 3945 919 4010 donariis
950 3944 1132 4020 ε’ποιήίήσαν
1164 3950 1318 4034 scriptum

123 4073 184 4116 non
207 4052 319 4118 fuisse.

166 4159 336 4223 Praetereo
367 4158 401 4222 in
433 4163 566 4242 utroque
598 4157 667 4222 looo
698 4157 889 4244 legendum:
922 4152 960 4220 ὧν
993 4158 1204 4237 ὑπομνήμαΤ’
1239 4159 1318 4237 ήσαν

119 4263 201 4337 ὄντες
228 4265 254 4328 οί
279 4264 425 4344 ςέΦανοι,
451 4284 508 4350 pro
534 4263 711 4342 ὑπίμνήμΑ
740 4257 828 4335 ήσαν.
