3080 4972
696 241 737 312 1t

115 436 159 501 les
182 457 222 500 ex
246 435 411 502 similibus
432 435 627 521 interpolari.
673 435 753 523 Pag.
778 435 831 500 22.
855 439 890 500 in
909 435 981 502 ah'is
1000 431 1090 503 libris
1108 443 1156 502 est
1179 439 1307 526 [νοσοῦσι

116 541 181 626 καί]
206 541 389 620 ςασιοίζουσι
414 541 465 604 καί
491 540 744 620 τεταραγμένοις.
794 542 873 630 Ρυς.
897 543 970 607 113.
993 544 1137 629 Philippi
1156 548 1307 630 perfaceti

115 649 253 713 hominis
275 649 396 712 bonum
420 637 543 712 dietum
566 650 672 733 periit.
708 650 914 729 Αορνοίσκθοικ
933 651 1057 713 emirum
1078 652 1172 716 οιίονο
1191 651 1306 718 Graeci

116 753 223 818 dieunt
256 753 489 818 ε’πισκοπεῖσθαί
520 777 599 832 τινα,
645 753 732 818 Hirro
762 753 906 840 Philippi
936 759 1024 821 ioous
1048 758 1306 838 ἐπισκεψομένους

116 859 173 940 ἔφη
208 861 279 932 τοὺς
317 860 488 940 ςρατιύτας
523 858 742 938 πεπομφέναι·
780 862 982 925 πυνθοίνεσθαι
1019 863 1081 943 γθιρ
1117 864 1229 932 αὐτούς
1264 868 1303 936 ὥς

115 971 248 1031 νοσοῦσι·
280 969 460 1046 συμμάχων
494 964 519 1030 δ’
548 961 624 1030 εἶναι
650 965 701 1029 καί
726 965 825 1046 Φίλων
850 968 995 1040 ιίλκθινῦν
1021 970 1050 1032 ἕν
1074 977 1136 1038 τοῖς
1161 971 1303 1042 τοιούτοις

116 1081 224 1152 καιροῖς
246 1082 399 1151 παρεῖναι.
448 1069 598 1157 Corrupit
617 1093 746 1137 omnem
765 1072 843 1136 dieti
862 1071 1002 1158 leporem
1024 1078 1079 1159 qui
1100 1078 1170 1139 κατ’
1188 1075 1304 1140 εὔνοιαν

116 1179 151 1244 de
185 1200 242 1244 suo
278 1179 418 1243 addidit:
449 1178 526 1242 haee
558 1179 644 1242 enim
675 1181 743 1262 ipsa
775 1178 873 1242 εὔνοια
906 1183 954 1243 est
985 1181 1019 1244 τὸ
1050 1180 1119 1252 τοὺς
1144 1187 1303 1253 νοσοῦντας

115 1287 363 1360 ἐπισκοπεῖσθαι,
400 1284 454 1348 sed
488 1284 582 1369 plane
619 1303 746 1348 omnem
781 1287 888 1349 iocum
922 1287 1139 1370 pessumdedit
1173 1290 1228 1372 qui
1264 1289 1304 1352 ad

114 1397 228 1456 νοσοῦσι
262 1392 300 1455 de
330 1411 386 1454 suo
417 1390 584 1475 adscripsit
616 1391 667 1453 καὶ
700 1390 897 1469 ςασιύζουσιν
928 1393 958 1454 ἒν
983 1393 1098 1462 αὐτοῖς.
1146 1393 1304 1457 Feruntur

113 1501 220 1562 tamen
249 1497 328 1561 haeo
357 1499 391 1560 in
424 1496 571 1560 omnibus
602 1495 706 1570 libris,
738 1498 800 1560 nisi
825 1497 907 1582 quod
931 1495 953 1560 S
977 1499 1007 1562 ἐν
1032 1498 1135 1570 αὑτοῖς
1160 1501 1300 1563 omittit:

113 1605 165 1669 sed
195 1605 278 1669 unde
301 1601 589 1688 propullulaverint
612 1603 674 1666 ista
698 1605 805 1666 omnia
830 1602 990 1668 similium
1012 1604 1154 1668 locorum
1178 1625 1303 1689 compa

112 1712 191 1774 ratio
215 1712 365 1774 continuo
389 1708 535 1774 ostendit.

156 1815 236 1894 Quis
265 1817 368 1902 igitur
397 1814 570 1877 mirabitur
597 1834 671 1900 pag.
703 1811 776 1876 123.
813 1832 868 1896 pro
900 1818 1061 1885 νοσοῦντας
1086 1815 1115 1894 ἕν
1139 1817 1242 1886 αὐτοῖς
1268 1817 1302 1877 in

113 1921 272 1986 nonnullis
294 1921 361 2008 legi
380 1924 538 1989 νοσοῦντος
564 1920 594 1981 ἕν
619 1921 722 1989 αὐτοῖς
747 1919 798 1982 καὶ
824 1918 1094 1999 τεταραγμένουςί
1141 1921 1219 2000 Quis
1238 1941 1301 1986 non

53 2031 55 2037 '
113 2030 221 2092 statim
251 2027 340 2092 videt
372 2027 549 2091 adhaesisse
579 2025 657 2089 haee
679 2045 716 2089 ex
740 2043 813 2112 pag.
840 2025 893 2090 22.
919 2023 970 2089 a?
994 2025 1036 2089 111
1059 2025 1137 2090 olim
1162 2031 1194 2092 et
1217 2049 1300 2092 nuno

112 2132 333 2197 Demosthenis
362 2131 495 2196 lectores
527 2136 559 2194 et
591 2130 797 2194 admiratores
827 2131 1113 2215 praeclarissimam
1143 2153 1301 2217 quamque

112 2243 190 2318 ῥῆσιν
214 2239 365 2304 tenebant
388 2238 573 2302 memoriter
597 2242 629 2300 et
651 2237 726 2301 hino
749 2247 856 2302 erebro
878 2237 953 2303 illae
978 2238 1173 2303 confusiones
1192 2258 1298 2303 nasce-

115 2345 237 2409 bantur.

155 2451 243 2516 Dabo
266 2449 406 2514 alterum
429 2437 623 2538 exemplum.
669 2448 803 2535 Legitur
826 2469 898 2535 pag.
924 2446 978 2512 23.
1003 2446 1057 2514 27.
1082 2453 1132 2512 νῦν
1155 2449 1212 2524 μὲν
1235 2450 1300 2512 ἐπι-

111 2564 213 2619 σκοτεῖ
240 2556 358 2625 τούτοις
390 2553 424 2618 τθ
456 2555 633 2632 κατορθοῦν·
665 2557 698 2618 αἱ
731 2554 793 2632 γθιρ
818 2552 981 2630 εὐπραξίαι
1004 2554 1096 2619 δειναί
1121 2556 1299 2634 συγκρύψαι

111 2661 152 2724 τθι
182 2663 314 2725 τοιαῦτα
344 2659 449 2734 duella.
493 2658 546 2724 Sic
578 2657 601 2724 S
633 2664 664 2724 et
693 2659 855 2725 meliores:
886 2663 921 2724 in
954 2659 1025 2725 aliis
1049 2664 1095 2724 est
1120 2659 1299 2739 συγκρύψαι

111 2765 162 2828 καί
194 2767 361 2831 συσκιοίσαι
393 2769 449 2830 aut
476 2765 654 2844 συγκρύψαι
679 2789 728 2844 γρ.
752 2768 919 2832 συσκιοίσαι
945 2771 1001 2831 aut
1025 2767 1203 2846 συγκρύψαι
1229 2767 1296 2831 αντὶ

109 2877 162 2936 τοῦ
193 2875 368 2938 συσκιοθσαι.
415 2871 506 2936 Unde
537 2871 615 2935 haee
646 2870 773 2937 omnia?
803 2873 926 2957 Nempe
958 2893 996 2936 ex
1027 2875 1167 2938 oratione
1192 2875 1300 2959 spuria

108 2999 181 3063 pag.
215 2978 288 3043 155.
319 2979 374 3044 22.
406 2983 455 3041 νῦν
487 2978 544 3054 μὲν
577 2977 612 3040 τὸ
646 2981 806 3056 κατορθοῦν
830 2977 924 3042 αὐτὸν
949 2979 1107 3042 ἐπισκοτεῖ
1130 2982 1208 3042 πῦσι
1232 2987 1295 3053 τοῖς

109 3084 267 3154 τοιούτοις·
300 3086 333 3148 αἱ
366 3087 427 3162 γαρ
458 3081 621 3163 εὐπραξίαι
646 3083 739 3146 δειναί
765 3083 943 3164 συγκρύψαι
969 3085 1021 3149 καί
1046 3086 1214 3152 συσκιυθσαι
1239 3090 1298 3157 τας

109 3190 264 3269 αμαρτίας
284 3197 343 3254 τῶν
363 3191 521 3271 ἀνθρώπων
541 3187 630 3271 είσίν,
651 3189 708 3252 uhi
731 3211 787 3274 pro
810 3191 868 3260 τας
894 3189 1052 3268 οὶροαρτίας
1076 3193 1110 3254 in
1133 3191 1295 3256 nonnullis

82 3327 83 3330 ¹
107 3294 227 3382 legitur
244 3297 286 3361 τὰ
300 3301 431 3360 τοιαῦτα
443 3296 547 3368 tostin.
583 3293 825 3380 Interpolatores
837 3316 1076 3381 nonnumquam
1089 3297 1126 3360 de
1138 3297 1295 3361 industria

108 3406 295 3468 sententiam
326 3402 533 3467 Demostheni
565 3401 742 3466 sublectam
774 3401 881 3486 aliqua
915 3401 1098 3466 diversitate
1127 3402 1297 3466 verborum

107 3508 254 3594 obtegere
284 3515 317 3575 et
344 3512 389 3573 sio
412 3529 470 3573 sua
493 3507 578 3571 iurta
602 3505 802 3572 dissimulare
826 3507 944 3583 solent,
970 3507 1024 3572 sed
1046 3506 1099 3572 vel
1120 3509 1165 3572 sic
1188 3513 1296 3574 tamen

106 3613 196 3677 fraus
214 3615 365 3700 perpluit.

153 3810 357 3892 Ostendimus
389 3825 466 3891 alibi
496 3826 666 3904 παρεῶσθαι
692 3830 724 3889 et
748 3829 959 3904 παρευροῖσθαι
984 3830 1067 3892 iuter
1091 3851 1123 3894 se
1146 3829 1295 3894 confundi

106 3931 219 3996 solere.
263 3931 344 3997 Vera
374 3935 530 4017 scriptura
562 3933 662 3996 evasit
692 3951 766 4017 pag.
800 3929 854 3995 23.
890 3931 942 3996 14.
975 3935 1148 4012 παρεῶσθαι
1180 3935 1230 3998 καί
1265 3939 1293 3998 ἐν

107 4035 226 4106 οὐδενὸς
256 4034 330 4103 εἶναι
363 4037 447 4116 αθρει
479 4038 529 4102 τὸν
561 4040 710 4111 τοιοῦτον,
740 4037 794 4101 sad
817 4038 968 4102 mendosa
989 4040 1085 4104 lectio
1109 4040 1212 4104 adhuc
1236 4043 1294 4105 oir-

107 4143 284 4208 oumfertur
312 4165 385 4231 pag.
419 4143 494 4207 655.
530 4143 581 4206 15.
613 4139 687 4212 θλας
720 4142 782 4220 γαρ
809 4142 975 4219 ἡγήσονται
1001 4149 1213 4225 παρευρῦσθαι
1238 4147 1294 4222 μὲν

109 4248 202 4313 αὐτοί
215 4296 223 4322 ,
251 4248 319 4326 πρὸς
354 4248 589 4329 Κερσοβλέπτην
619 4247 645 4312 δ’
678 4248 843 4312 ἀποκλῖναι
867 4250 967 4325 ῦμοῖς,
994 4251 1049 4314 ubi
1072 4253 1106 4314 lu
1130 4249 1152 4314 S
1175 4271 1295 4314 memo-

107 4362 200 4418 ratur
213 4351 310 4417 altera
318 4359 474 4440 ¹seriptura
486 4379 533 4434 γρ.
551 4353 733 4431 παρεῶσθαι.
758 4353 856 4418 Nulla
869 4354 962 4418 datur
974 4359 1069 4440 optio:
1083 4357 1295 4436 παρεωρῖισθαι

1138 4465 1152 4507 2
1306 4457 1308 4462 .
