3034 4970
645 259 710 330 207

98 472 125 516 re
144 453 242 516 critica
265 454 298 515 et
317 450 529 537 grammatica
547 456 635 516 totus
655 455 721 520 ease
741 453 837 528 solet,
859 455 914 538 qni
933 452 1058 519 nullam
1074 454 1269 520 occasionem

98 561 201 621 omittit
230 556 356 622 dicendi
389 557 428 621 de
458 557 637 622 conditione
667 559 821 625 librorum
849 565 1015 642 veterum,
1048 559 1086 623 de
1113 558 1270 624 scribendi

98 664 235 728 erroribus
265 670 297 728 ct
319 663 524 728 librariorum
548 665 705 749 socordia,
730 666 768 730 de
788 667 927 752 genuina
950 666 1122 730 verborum
1145 664 1266 742 forma,

97 770 127 834 de
154 771 346 857 syliabarum
377 772 572 854 quantitate,
604 771 641 835 de
670 773 868 836 accentibus:
894 773 949 855 qui
971 789 1212 854 nonnumquam
1235 773 1270 834 in

96 876 136 940 bis
164 877 319 942 descendit
350 876 390 940 ad
420 877 575 940 minutias
598 885 665 941 tam
689 877 787 942 exiles
810 887 847 941 ut
870 873 1063 942 Critioorum
1085 879 1195 940 inanes
1218 896 1270 960 pe-

95 985 194 1066 pererit
214 986 407 1068 suspiciones
430 984 557 1046 minuta
580 984 734 1067 quaedam
758 988 796 1047 nt
820 980 973 1048 Strabone
995 982 1130 1068 indigna
1152 1001 1268 1065 expun-

94 1090 233 1173 gentium.

131 1194 289 1260 Praeterea
320 1193 528 1281 cogitandum
560 1197 607 1258 est
630 1192 777 1281 lingnam
801 1191 957 1260 Graecam
981 1195 1079 1259 etiam
1102 1195 1136 1258 in
1159 1193 1270 1258 formis

95 1301 246 1368 verborum
279 1303 375 1366 certis
399 1301 588 1384 quibusdam
613 1299 740 1386 legibus
763 1302 881 1371 teneri.
905 1321 983 1383 quas
1006 1300 1127 1365 indocti
1150 1299 1270 1364 scribae

93 1409 203 1493 ignotas
241 1409 303 1472 sibi
343 1410 516 1472 sexcenties
557 1409 689 1490 impune
721 1406 894 1472 violabant.
943 1405 1020 1484 Quis
1052 1427 1180 1482 eorum,
1215 1407 1271 1489 qui

94 1509 213 1578 Graecos
256 1511 388 1579 Codices
431 1513 665 1595 describebant,
705 1513 824 1577 sciebat
858 1510 996 1590 κοθοὶοιος
1033 1532 1099 1576 esse
1132 1511 1270 1575 formam

92 1618 173 1684 nihiii
202 1640 304 1704 neque
336 1619 430 1684 aliter
453 1640 548 1703 quam
572 1618 743 1698 κοθοίρΕΙοι
768 1625 891 1682 veteres
915 1637 1024 1682 omnes
1048 1638 1176 1682 summa
1199 1637 1270 1682 oon·

92 1727 194 1789 stantia
228 1722 367 1791 dixisse?
415 1725 492 1804 Quis
523 1744 631 1789 eorum
661 1729 792 1788 noverat
822 1725 952 1787 nomina
983 1725 1109 1807 propria
1140 1725 1174 1786 in
1198 1731 1270 1786 -lc

92 1835 223 1897 exeuntia
254 1833 373 1897 formas
403 1830 525 1895 Ionicae
555 1837 707 1916 perpetuo
738 1832 889 1894 retinere:
923 1832 1035 1904 σκῆψις
1070 1830 1086 1900 ἡ
1115 1827 1269 1906 epaonis

92 1935 174 2002 habet
198 1940 340 2016 σκήψεως
366 1943 398 2002 et
421 1938 553 2012 σκήψει,
578 1937 633 2002 sed
656 1940 778 2010 Σκῆψις
802 1938 819 2009 ἦ
844 1935 933 2003 πόλις
958 1934 1096 2012 Σκήψιος
1119 1932 1215 1997 habet
1239 1935 1271 1996 et

92 2046 191 2122 Σκήψι.
229 2045 369 2110 Librarii
392 2045 527 2108 miscent
550 2043 771 2108 haecomnia:
793 2049 899 2110 Βοιῖτιο
920 2039 1154 2124 utplurimum
1174 2037 1271 2102 habet

90 2153 196 2214 Βοιίτιοο
229 2157 262 2216 et
286 2155 393 2226 Exire,
418 2171 656 2234 nonnumquam
681 2152 832 2233 apparent
856 2148 976 2212 formae
1000 2146 1159 2232 vulgares.
1205 2142 1270 2208 Ha·

89 2276 151 2318 nrm
182 2261 285 2344 igitur
316 2256 458 2320 sordium
490 2261 615 2340 partem
647 2254 771 2330 eduam,
803 2253 925 2338 reliqua
955 2251 1090 2317 aliorum
1122 2270 1215 2315 curae
1240 2255 1272 2314 et

89 2361 265 2450 diligentiae
290 2361 481 2447 relinquens.

430 2584 551 2650 -100,
579 2584 705 2659 -1pr0
731 2597 837 2649 -εοιο,
865 2595 936 2637 -ει,

124 2758 261 2824 Nomina
293 2759 420 2842 propria
447 2759 481 2820 in
506 2791 526 2804 -
541 2766 579 2820 lc
604 2759 670 2820 sive
691 2756 859 2819 hominum
883 2758 957 2816 sunt
981 2754 1048 2816 sire
1071 2750 1213 2815 locorum
1237 2751 1272 2814 in

86 2867 220 2947 genitivo
247 2870 279 2930 et
303 2864 412 2927 dativo
435 2863 603 2926 servabant
628 2871 750 2926 veteres
774 2861 891 2925 formas
914 2859 1035 2922 Ionicas
1057 2860 1090 2922 in
1116 2862 1272 2920 -locet

86 2979 125 3032 -Ι
145 2977 305 3036 exeuntes.
347 2969 472 3032 Horum
493 2989 564 3052 pars
589 2967 699 3032 illaesa
723 2970 842 3036 evasit.
868 2977 989 3028 caetera
1013 2963 1132 3028 scribae
1155 2964 1189 3024 in
1212 2961 1273 3026 for·

83 3095 161 3140 mam
186 3096 391 3142 communem
417 3082 650 3140 converterunt.
679 3073 810 3158 Integra
833 3081 923 3134 sunt:

132 3182 251 3253 Αἴσιος,
275 3202 349 3268 pag.
374 3179 451 3244 241.
733 3180 842 3257 rebor,
868 3174 943 3240 418.

118 3290 267 3368 Ἄλβιος,
291 3285 367 3351 290.
733 3285 950 3360 Ποσιτίγριος,
977 3278 1052 3348 799.

131 3396 272 3470 Βοιίτιος,
300 3391 376 3457 140.
734 3389 923 3466 Σιιιτοέβιοο,
951 3385 1026 3452 169.

131 3511 219 3568 axau
247 3503 316 3584 (sic)
340 3521 395 3584 pro
419 3501 524 3572 Βοίτι,
552 3497 627 3562 152.
733 3497 818 3560 Σοὶπι
853 3492 962 3582 (Codd.
995 3493 1066 3574 πρὸς
1092 3499 1133 3558 τῶ
1157 3493 1273 3580 icant),

132 3609 266 3682 Asinaeo,
293 3604 369 3670 399.
777 3600 854 3666 217.

132 3715 284 3788 Δούβιος,
312 3711 387 3776 192.
733 3709 897 3784 Σεσώςοιος
908 3754 917 3783 ,
944 3703 1019 3772 769.

131 3818 327 3896 Ζοιμόλξιος,
354 3816 430 3882 298.
732 3816 883 3889 Tiamaa,
910 3810 987 3878 140.

130 3925 323 4005 Ζοιριοὶόριος,
349 3923 424 3989 531.
732 3919 875 3998 Τίγριος,
902 3916 977 3984 527.

123 4031 299 4113 Ἱσσοὶλιος,
327 4029 398 4094 142.
721 4025 885 4098 Ὑπάνιος,
915 4021 990 4089 107.

129 4140 311 4212 Κολοὶγοιιοι
344 4139 414 4220 (sic)
440 4156 497 4222 pro
517 4144 628 4199 Κολοι-
733 4131 890 4210 araxen,
915 4127 992 4192 820.

170 4242 277 4322 γούοι,
306 4241 378 4306 162.
782 4235 935 4301 Mendoaa
958 4240 1050 4300 sunt:

129 4347 332 4430 Κοιράμβιοο,
361 4347 445 4449 125.¹
722 4343 919 4422 Ἀμοὶςοεως,
948 4339 1024 4406 540.
