3052 4970
679 252 744 359 379

117 445 311 511 Archestrati
333 443 490 512 versiculo
512 444 626 509 Athen.
651 464 726 532 pag.
752 443 829 510 278.
853 463 873 510 a

276 549 358 630 εἴπερ
383 547 467 632 ἔχειν
490 551 610 627 dyadis
636 548 747 622 ἐθέλεις
771 551 828 615 acic
854 551 952 628 ἐγγὺς
974 550 1039 630 ciani
1063 573 1121 615 που

276 658 363 722 τοῦδε
387 655 492 721 τόπου.

116 764 149 826 in
179 762 352 849 archetypo
382 767 430 827 est
461 762 560 840 ἐγγὺς
600 777 744 828 aaaron:
785 763 863 848 quid
902 767 984 828 esset
1026 770 1215 828 ΑΛΩΠΟΤ
1249 763 1304 828 ho·

115 871 243 932 muncio
267 889 329 932 non
351 866 562 955 intelligebat.
599 869 648 932 Hx
668 869 727 933 hac
745 872 849 956 igitur
869 870 1023 934 sermonis
1042 871 1159 934 veteris
1177 870 1305 934 inscitia

116 974 214 1040 multi
236 995 355 1039 errores
377 976 440 1040 orti
462 979 537 1038 sunt
559 976 677 1059 partim
699 976 842 1040 nondum
865 974 984 1040 sublati
1006 975 1193 1059 praesertim
1221 974 1305 1058 apud

116 1079 296 1145 Platonem.
341 1079 489 1145 Indicabo
518 1085 582 1146 tres
617 1081 700 1146 unde
734 1086 872 1146 caeteros
905 1081 1083 1147 removebit
1117 1081 1173 1165 qui
1206 1079 1305 1146 volet.

118 1183 233 1250 Editur
261 1187 296 1249 in
328 1185 440 1266 Geraia
461 1206 535 1273 pag.
561 1185 637 1250 512.
662 1195 699 1251 E.
724 1187 783 1252 τίν’
808 1186 846 1251 ἂν
872 1187 979 1266 τρόπον
1004 1189 1075 1258 -ὦς
1100 1184 1191 1266 clocca
1216 1182 1304 1265 βιῴη.

117 1293 150 1354 in
180 1291 298 1374 chpic
328 1291 447 1356 Maiore
475 1313 550 1379 pag.
576 1291 640 1356 281
665 1311 697 1357 1).
722 1295 747 1357 ei
772 1291 832 1372 cicc
858 1298 908 1357 νῦν
933 1293 1006 1367 ἡμῖν
1030 1293 1043 1356 ὃ
1068 1293 1143 1363 Βίοις
1166 1288 1304 1372 ιξιιιβιῴη

117 1397 232 1474 γέλωτ’
262 1396 300 1461 cic
329 1396 431 1477 ὄφλοι.
462 1399 500 1462 de
524 1398 651 1478 Leuibus
674 1420 748 1486 pag.
774 1398 849 1463 730.
876 1417 903 1463 ο.
929 1397 964 1463 ἵν’
988 1401 1026 1469 ὥς
1050 1406 1176 1466 rastra
1199 1395 1304 1478 χρόνον

117 1504 233 1578 ἀληθὴς
266 1501 304 1566 ὢν
334 1502 451 1580 διιιβιιῖ
481 1500 641 1588 (Clemens
664 1504 757 1569 Alex.
785 1504 941 1592 διιιβιῴη).
990 1504 1078 1570 Haec
1102 1507 1210 1569 omnia
1232 1509 1306 1569 sunt

116 1609 260 1674 eiusdem
291 1608 410 1672 farinae
440 1614 534 1692 atque
564 1605 649 1688 dide
680 1610 764 1694 apud
789 1609 988 1686 Homerum,
1013 1631 1110 1694 quare
1133 1616 1170 1675 tu
1192 1630 1307 1695 repone

116 1716 216 1793 βιοίη,
243 1712 387 1791 rivalicia
412 1719 445 1778 et
467 1713 611 1793 διαβιοίη.

653 1952 771 2018 LXIV.

544 2147 663 2216 Falacer
689 2187 730 2196 —
756 2149 886 2214 irclxocr.

162 2344 285 2412 Falacer
317 2344 402 2430 apud
431 2342 611 2409 Homerum
641 2343 676 2408 ri
708 2345 860 2422 δίγιιμμιι
890 2345 1006 2410 habere
1032 2345 1153 2430 liquido
1177 2337 1309 2411 constat.

117 2451 180 2517 Vel
211 2450 295 2517 solae
325 2451 445 2516 formae
475 2449 616 2534 ἕιεΙκισι,
639 2449 855 2528 εἰεικοσιὶβιιιι
879 2453 928 2536 (χ.
954 2449 1023 2531 57.)
1046 2456 1079 2516 et
1102 2450 1309 2528 ἔιειιιοσιὶβοιιι

117 2560 167 2643 (α.
200 2555 292 2637 431.)
323 2561 355 2621 et
385 2553 568 2636 εἰεικισόριιι
597 2557 629 2643 (ι.
656 2555 747 2641 322.)
770 2566 802 2621 et
824 2555 1002 2632 ξυιειείκισι
1027 2555 1069 2637 (ξ.
1094 2555 1161 2643 98.)
1186 2562 1218 2622 et
1242 2557 1311 2621 ἐιει-

117 2661 227 2739 κιςός,
252 2664 390 2748 quaein
413 2659 583 2728 Oodicibus
605 2664 720 2727 nostris
743 2683 867 2748 quoque
888 2666 1025 2728 intactae
1048 2661 1216 2750 leguntur,
1241 2684 1310 2728 rem

116 2769 251 2856 planam
283 2789 319 2833 ac
341 2773 461 2833 certam
484 2768 616 2834 faciunt.
663 2768 734 2833 Non
757 2772 843 2833 enim
865 2771 1084 2853 praemittitur
1109 2778 1132 2832 e
1155 2771 1217 2834 nisi
1239 2773 1311 2834 ante

119 2878 298 2963 digamma.
346 2871 521 2940 Confirmat
551 2874 759 2939 dialectorum
787 2877 999 2960 comparatio:
1024 2883 1170 2940 FIKATl
1193 2877 1228 2938 in
1253 2880 1311 2938 Tc-

121 2983 203 3046 bclie
231 2981 371 3057 Hercei,
404 2979 530 3043 Βείκιιτι
560 2979 645 3064 apud
674 2979 894 3067 Hesychium,
933 2980 1049 3061 Vatari
1081 2980 1310 3046 Romanorum.

120 3089 160 3155 ln
190 3087 340 3172 plurimis
363 3086 498 3151 Homeri
521 3088 666 3152 versibus
689 3089 868 3153 communis
890 3086 1021 3173 linguae
1043 3088 1160 3153 veteris
1183 3087 1311 3151 inscitia

120 3199 189 3260 iam
219 3192 333 3259 multis
363 3198 436 3257 ante
466 3193 687 3258 Aristarchum
718 3193 851 3268 saeculis
874 3201 1035 3259 vetustam
1059 3192 1237 3257 litterulam
1259 3192 1312 3257 ob·

121 3301 279 3374 muravit,
312 3299 366 3363 sed
396 3318 507 3383 operae
538 3302 677 3384 pretium
711 3306 759 3365 eet
789 3299 897 3366 videre
929 3319 1026 3383 quam
1056 3297 1122 3362 leni
1149 3301 1181 3362 et
1215 3318 1313 3382 quam

122 3412 209 3472 certa
231 3406 421 3470 correctione
439 3405 641 3470 indubitatus
661 3407 785 3490 antiqui
804 3407 957 3471 sermonis
976 3425 1053 3469 usus
1073 3403 1192 3488 ubique
1211 3400 1314 3468 veluti

120 3513 303 3579 reviviscat.
349 3510 491 3577 Perutile
521 3515 570 3575 est
602 3510 773 3598 diligenter
795 3510 1047 3576 animadvertere
1069 3510 1188 3594 quibus
1209 3509 1314 3574 modis

123 3617 204 3684 olim
235 3616 371 3682 Homeri
401 3622 542 3681 cantores
574 3621 607 3681 et
639 3614 773 3695 ῥαψῳδοί
794 3636 1001 3681 numerorum
1023 3617 1130 3681 labem
1157 3617 1312 3692 sarciant,

122 3724 208 3789 unde
230 3723 332 3788 discas
356 3728 388 3788 et
411 3744 473 3808 quo
495 3727 588 3808 pacto
611 3743 702 3788 veras
724 3723 894 3805 scripturas
913 3724 948 3785 in
966 3724 1130 3810 integrum
1149 3723 1314 3787 restituere

122 3831 226 3916 possis
249 3835 281 3894 et
304 3830 388 3894 intra
411 3850 489 3914 quos
511 3827 588 3894 fines
607 3834 754 3894 veterum
773 3829 950 3892 carminum
972 3831 1005 3892 in
1023 3826 1082 3892 hac
1101 3833 1190 3912 parte
1210 3849 1314 3892 emen-

124 3935 213 4000 datio
244 3937 412 4000 consistere
443 3936 565 4001 debeat.
612 3935 792 4018 Proponam
822 3936 964 4018 primum
995 3933 1112 3998 Poetae
1143 3933 1315 4000 versiculos

124 4046 158 4106 et
189 4041 229 4107 ab
262 4041 334 4106 aliis
364 4047 396 4107 et
426 4063 446 4107 a
476 4041 620 4106 Bentleio
653 4042 839 4125 praesertim
871 4040 1070 4114 emendatos,
1104 4046 1136 4104 et
1162 4060 1316 4124 opponam

123 4168 220 4215 verae
242 4145 371 4214 lectioni
390 4169 476 4225 cam,
497 4167 577 4233 quae
596 4153 631 4212 et
649 4167 733 4211 nunc
753 4147 787 4210 in
807 4142 978 4211 (lodicibus
996 4144 1076 4212 Mes.
1096 4147 1318 4212 circumfertur

125 4259 159 4319 et
191 4256 260 4318 erat
289 4255 356 4320 sine
386 4255 599 4320 controversia
630 4253 738 4319 eadem
763 4255 796 4317 in
821 4251 974 4318 Veterum
999 4241 1191 4330 (lritioorum
1213 4251 1315 4317 libris.

126 4357 306 4424 Subiiciam
337 4360 388 4425 his
416 4360 533 4426 Poetae
556 4357 660 4436 locos,
685 4360 742 4444 qui
765 4359 868 4424 adhuc
892 4365 1100 4428 correctorem
1124 4362 1315 4442 exspectant.
