3096 4972
680 271 745 342 563

163 467 213 534 llx
247 463 358 532 eadem
393 464 539 548 opinione
572 461 715 528 Dobraso
749 463 902 529 subnatae
935 467 1011 528 sunt
1044 465 1236 550 suspiciones
1266 471 1305 537 de

120 573 279 659 sophistae
310 568 544 634 declamitantis
574 568 668 633 furtis
699 590 738 634 ex
765 569 994 648 Demosthene,
1018 571 1188 656 Aeschine,
1213 573 1305 640 linri-

119 678 208 763 pide,
232 674 458 759 Aristophane,
484 693 617 758 quorum
639 673 759 759 plumis
781 696 847 740 sese
869 675 1019 764 graculus
1042 685 1229 746 exornasset.

164 780 387 847 Praeiudicata
419 779 497 845 haee
530 781 637 864 opinio
671 801 835 846 summum
871 785 978 848 virum
1013 784 1061 846 ita
1091 786 1306 852 transversum

120 891 202 976 egit,
228 891 266 951 ut
290 885 368 951 olim
392 885 545 970 quosdam
568 885 735 970 populares
754 907 842 952 meos
862 889 918 972 qui
934 887 1052 972 ubique
1072 887 1252 956 imitationes
1274 914 1307 959 se

118 993 227 1059 videre
258 991 468 1058 somniabant.
514 990 622 1056 Pauca
654 992 737 1056 mihi
771 992 848 1058 haee
883 992 963 1058 vids.
1013 993 1238 1080 Aristophanes
1271 1001 1306 1064 in

119 1099 201 1162 Ρθιιθ.
231 1097 282 1162 11.
307 1097 346 1162 16
368 1095 530 1181 Apolline:

347 1201 450 1281 ίατρὺς
474 1200 512 1264 ὢν
535 1201 588 1265 καὶ
612 1199 723 1280 μάντις
747 1199 785 1273 ὑς
809 1207 907 1283 Φασιν
930 1201 1034 1283 σοΦθς.
1250 1287 1255 1298 .

165 1305 317 1394 Sophista
337 1328 412 1395 pag.
438 1303 514 1372 780.
539 1306 594 1373 21.
618 1308 705 1389 παρά
727 1309 769 1388 τῷ
795 1307 970 1374 ’Λπθλλυνι
988 1348 1030 1358 -
1047 1305 1079 1382 tc
1102 1308 1140 1373 aa
1162 1310 1225 1384 θεὸς
1252 1313 1306 1378 καί

120 1413 233 1492 μάντις
258 1413 330 1478 κατ’
353 1412 520 1496 άμΦθι-ερα
544 1409 607 1478 οἶδε
630 1413 664 1477 τδ
689 1412 842 1491 (tiarae.

166 1521 366 1607 AristogIton
388 1540 461 1606 pag.
487 1515 562 1584 785.
589 1517 641 1583 13.
667 1519 749 1584 dixit
771 1540 838 1585 sese
861 1519 930 1590 τοὺς
954 1520 1128 1598 τρατηγοὺς
1151 1522 1217 1587 οὐδὲ
1248 1530 1307 1590 τῶν

121 1625 276 1706 κοπρώνων
319 1625 357 1692 θον
401 1623 554 1695 ε’πιςάτας
591 1623 723 1689 ἑλέσθαι.
792 1624 874 1690 Soin’
908 1624 992 1689 unde
1025 1624 1103 1691 haee
1137 1628 1308 1696 sumserit?

122 1733 248 1818 Nempe
271 1752 309 1796 ex
332 1730 488 1817 Eupolide
511 1731 594 1815 apud
616 1730 817 1796 Athenaeum
840 1751 914 1818 pag.
940 1728 1013 1794 425.
1028 1749 1058 1795 Β.

304 1831 353 1907 οὑς
376 1836 400 1900 δ’
424 1838 477 1900 οὑκ
500 1833 539 1900 θον
563 1836 673 1916 ᾑρεῖσθ’
696 1835 756 1901 οὐδ’
780 1833 819 1899 άν
843 1833 986 1907 οῖνθπτας
1010 1841 1120 1916 προτοῦ

305 1941 366 2006 νυνὶ
390 1941 562 2020 τρατηγοὺς
587 1939 710 2020 ἔχομεν.

169 2046 379 2112 Subridemus
405 2047 445 2111 ad
468 2047 563 2112 haee:
587 2049 794 2131 inspiciamus
815 2045 900 2111 looos
925 2045 1079 2130 quosdam
1102 2047 1311 2118 Demostheni

122 2152 301 2235 sublectos,
325 2151 378 2217 vel
400 2155 506 2236 potins
525 2173 634 2218 omnes
653 2153 711 2217 sub
730 2172 832 2215 unum
852 2156 1056 2236 conspectum
1074 2173 1230 2238 ponamus
1248 2177 1310 2242 quo

123 2257 243 2322 molins
266 2262 414 2342 appareat
437 2259 514 2342 quid
536 2260 582 2323 rei
605 2259 657 2322 sit.
1106 2250 1109 2254 ’

168 2382 243 2450 pag.
278 2358 354 2427 771.
388 2361 438 2427 19.
473 2363 533 2427 νυνὶ
557 2363 688 2442 κρίνεται
794 2361 869 2428 482.
904 2358 955 2428 17.
980 2364 1042 2450 οὑρρΙ
1065 2365 1079 2428 ὑ
1104 2363 1192 2442 νθμος
1216 2367 1312 2447 κρίνε-

123 2469 181 2546 μὲν
223 2467 456 2548 ’Λριτονείτωκ
490 2467 689 2549 δοκιμάζεσθε
748 2492 801 2533 ται
823 2507 864 2518 -
882 2469 957 2534 άλνι’
985 2470 1073 2547 ὑμεῖς
1102 2469 1311 2552 δοκιμάζεσθε.

124 2573 156 2638 δὲ
201 2573 253 2637 καὶ
289 2573 462 2640 κινδυνεύεθ’
498 2575 586 2652 ὑμεῖς
621 2574 687 2654 περὶ

124 2677 224 2754 atine.

172 2883 248 2954 773.
270 2888 301 2951 3.
321 2883 427 2952 πάντα
447 2887 491 2951 τά
508 2887 537 2951 ἕν
551 2896 589 2968 τῇ
601 2887 688 2952 πόλει
795 2881 871 2952 572.
891 2885 923 2950 6.
942 2886 1013 2958 τοὺς
1030 2886 1138 2964 νθμους
1151 2890 1203 2954 σθν
1215 2885 1311 2969 ὑρκον,

124 2991 213 3058 καλά
225 2993 537 3071 -παρακαταθιίκην
554 2993 687 3070 εῖνιηφὺς
747 2992 841 3055 ταῦτ’
861 2989 944 3072 ἔχεθ’
965 2991 1052 3069 ὑμεῖς
1073 2994 1099 3057 οἱ
1117 2994 1165 3058 aial
1179 2994 1312 3076 δικάζον-

124 3098 213 3178 παρά
237 3104 295 3162 τῶν
319 3095 424 3174 κίμων.
746 3120 797 3169 τες
821 3097 946 3177 ὡσπερεὶ
971 3100 1248 3177 παρακαταθήκην.

173 3302 248 3374 773.
279 3303 333 3369 28.
364 3297 386 3370 ά
416 3303 596 3387 λογίζεσθαι
618 3306 688 3376 τοὺς
795 3303 848 3373 57.
871 3306 921 3371 19.
945 3309 982 3379 ὡς
1003 3306 1077 3388 ὑπὲρ
1099 3308 1218 3406 πθλευς
1236 3311 1313 3389 liov-

126 3413 199 3491 ὑπὲρ
220 3411 336 3482 πόλεως
358 3411 409 3475 καὶ
430 3410 526 3490 νόμων
545 3411 689 3489 βουλευο-
747 3410 918 3488 λευομένοις
939 3412 991 3476 καὶ
1012 3405 1314 3496 τηλικοὺτοονπραγ-

125 3518 225 3595 μένοις
250 3515 401 3597 προσήκει.
747 3516 855 3593 μάτων
880 3518 1031 3597 προσήκει.

161 3700 248 3795 774.
274 3723 305 3791 5.
330 3724 557 3804 συνχαρησασθ
579 3748 630 3803 μοι
650 3727 688 3800 ale
794 3724 848 3790 95.
880 3720 934 3790 28.
966 3724 1044 3802 λέξοι
1071 3725 1102 3792 δὲ
1125 3727 1210 3805 μετά
1234 3753 1312 3810 παρ-

125 3836 256 3914 πέΦυκα
277 3827 329 3893 καὶ
350 3830 520 3911 προῄρημαι
541 3829 607 3910 περὶ
620 3830 688 3897 τοὺ·
747 3832 870 3910 ρησίας·
898 3831 950 3895 καὶ
978 3831 1040 3912 γάρ
1064 3833 1124 3899 οὐδ’
1145 3831 1183 3897 θον
1207 3833 1312 3910 άλλως

124 3963 183 4002 των
201 3938 403 4018 διαλεχθῆναι
424 3940 496 4016 πρὸς
518 3936 615 4013 ὑμᾶς·
635 3934 686 4000 καὶ
748 3936 906 4014 δυναίμην.

125 4043 188 4125 γάρ
212 4043 274 4108 οὐδ’
300 4041 337 4106 ὑν
361 4039 466 4114 άλλως
490 4040 647 4116 δυναίμην.
866 4033 869 4040 ’

171 4245 688 4328 779.16.μηγὺρσοσαὺτησπά·
793 4243 869 4313 438.
905 4249 937 4314 2.
973 4252 1017 4328 μη
1051 4250 1115 4331 γάρ
1150 4250 1226 4318 οὑτω
1257 4255 1313 4333 γέ.

125 4382 166 4433 νις
192 4354 303 4437 ἀνδρῶν
326 4353 442 4432 γένοιτο
464 4361 503 4436 τῇ
524 4349 611 4418 πόλει
632 4350 688 4422 tiss
748 4376 823 4419 νοισο
847 4361 947 4428 κακῶς
968 4363 1007 4437 τῇ
1026 4353 1115 4422 πόλει
1136 4354 1186 4427 ὅτ’
1212 4361 1313 4456 Ἀφο.
