3080 4972
809 213 852 281 42

233 408 390 472 ἀναθεῖναι
414 403 594 483 βούλονται.
643 403 807 494 surripuit
828 407 906 472 haee
926 403 1085 491 Impostor
1108 425 1147 470 ex
1169 425 1244 494 pag.
1269 403 1342 471 103.
1365 388 1402 468 id

231 510 265 576 τύ
288 514 360 577 ποτ’
385 509 434 578 οὖν
458 509 504 581 ἐς)
529 510 563 576 τὸ
588 509 685 578 αθτνον
710 551 724 564 -
745 515 779 579 τὸ
803 512 855 580 τὸν
878 512 935 591 μὲν
955 509 1031 578 οὕτω
1051 512 1190 594 φανερῶς
1206 507 1411 596 [τρατεύοντα]

232 618 401 684 ύδνκούντα
426 655 467 665 -
492 616 610 695 μηθένα
634 626 825 685 ΤΟΤΤΩΝ
849 618 968 685 πώποτ’
994 619 1090 683 εἰπεῖν
1115 621 1154 690 ὡς
1173 616 1307 698 πόλεμον
1327 622 1414 692 πονεῖ,

234 724 303 798 τοὺς
336 725 368 790 δὲ
401 726 444 803 μὴ
479 722 652 804 ἐπιτρέπειν
684 764 726 775 -
750 725 1023 805 συμβουλεύοντας
1054 724 1179 797 τούτους
1210 725 1261 790 τὸν
1293 725 1417 802 πόλεμον

234 832 368 905 πονήσειν
395 831 574 904 αἰτούσθαοε
596 831 657 909 ἐγὼ
679 831 800 906 hodricio.
823 829 869 898 ὅτι
889 834 944 908 τὴν
962 833 1052 912 ὀργὴν
1074 825 1108 905 ἣν
1129 828 1417 912 steatomata

236 938 309 1018 παρ’
336 938 436 1017 ὑμῶν,
460 934 498 1002 ύν
522 961 551 1003 το
576 940 715 1013 λυπῆσθε
738 941 780 1019 τῷ
805 938 950 1022 πολέμῳ,
976 940 1018 1012 εἷς
1040 937 1110 1010 τοὺς
1131 938 1203 1019 ὑπὲρ
1224 940 1306 1018 ὑμῶν
1325 937 1420 1016 λέγον-

233 1068 295 1117 τας
320 1044 364 1108 τοὶ
388 1043 528 1122 βέλτιςοο
552 1044 665 1125 τρέψαι
686 1043 866 1124 βούλονται.
903 1045 953 1110 Dx
970 1045 1022 1110 his
1040 1045 1142 1131 igitur
1160 1043 1219 1111 illa
1236 1041 1422 1112 emendanda

236 1149 521 1234 scribendumque:
553 1149 649 1224 οὐδεὶς
682 1151 804 1216 πώποτε
828 1159 1016 1217 ΤΟΤΤΩΝ
1042 1170 1099 1236 pro
1121 1155 1245 1226 τοῦτον,
1270 1151 1329 1216 ubi
1351 1147 1420 1215 orirer

235 1257 274 1321 de
300 1275 389 1320 more
414 1255 503 1335 (vide
526 1255 565 1321 ad
589 1277 661 1344 pag.
690 1255 743 1322 35.
768 1256 835 1345 27.)
860 1257 1085 1324 Demosthenis
1108 1257 1281 1323 adversarii
1304 1257 1424 1322 suntet

235 1363 369 1427 inimici.
417 1361 483 1427 Ubi
507 1362 606 1428 semel
629 1363 742 1429 τούτων
766 1369 929 1450 repertum
955 1368 1003 1428 est
1026 1359 1165 1434 ἅπαντες
1185 1365 1220 1428 in
1239 1383 1303 1449 sqq.
1324 1363 1422 1428 locum

235 1469 321 1532 tueri
344 1487 407 1532 non
430 1472 535 1553 potest
559 1474 591 1534 et
614 1475 743 1555 apparet
764 1472 941 1536 rectissime
965 1471 999 1534 in
1018 1467 1040 1534 S
1062 1471 1180 1534 omitti.
1214 1468 1287 1534 Non
1308 1469 1423 1554 poterat

236 1573 371 1652 sciolus,
396 1595 496 1658 quum
515 1595 578 1640 non
599 1576 722 1642 videret
741 1577 779 1641 de
800 1577 917 1661 quibus
937 1574 1066 1640 tandem
1086 1577 1141 1650 τὴν
1155 1576 1259 1640 αἰτίαν
1270 1576 1421 1640 ἀναθεῖναι

236 1681 403 1760 βούλονται
451 1680 626 1759 diceretur,
668 1684 774 1768 magis
814 1684 1036 1767 importunum
1068 1680 1263 1747 vocabulum
1295 1683 1423 1745 inserere

235 1807 334 1873 quam
368 1784 533 1864 ύπαντες,
566 1810 667 1874 quum
690 1790 838 1854 continuo
863 1793 1029 1873 sequatur:
1055 1790 1202 1866 ἡγοῦνται
1225 1787 1290 1869 γὰρ
1313 1786 1350 1851 θον
1372 1786 1423 1865 μὲν

239 1894 327 1971 ὑμεῖς
352 1893 544 1971 ὁμοθυμαδὸν
573 1893 621 1982 [ἐκ
645 1897 721 1972 μοοῖς
746 1893 886 1978 γνώμης]
913 1893 1066 1959 Φθλντπον
1089 1893 1266 1971 ἀμύνασθε,
1292 1891 1422 1958 κοθκεθνου

189 2067 191 2072 ,
237 1999 399 2078 κρατήσειν
425 2001 508 2075 ὑμᾶς
532 1999 584 2064 καὶ
610 2001 714 2072 αὑτοῖς
739 1999 842 2065 οὐκέτ’
864 1997 984 2064 ἔσεσθαι
1004 2000 1196 2081 μισθαρνεῖν,
1219 2020 1299 2086 quae
1319 2000 1356 2065 de
1376 2017 1424 2083 par

239 2107 319 2169 triae
342 2105 556 2190 proditoribus
581 2106 644 2171 dici
669 2111 816 2191 apertum
839 2109 905 2170 est.¹

282 2209 395 2275 Restat
425 2212 580 2276 mendum
611 2214 646 2276 in
677 2211 783 2278 verbis
806 2218 868 2284 τοῖς
895 2210 968 2292 ὑπὲρ
994 2211 1076 2289 ὑμῶν
1099 2211 1142 2276 τα
1165 2209 1302 2290 βέλτνςα
1325 2208 1422 2290 λέγειν

227 2315 430 2408 ¹Olous'ron.
479 2317 557 2398 Quis
581 2320 668 2383 enim
690 2317 744 2383 hic
767 2318 863 2384 verbo
887 2316 1032 2400 opiaoadi
1055 2315 1167 2382 οἴεσθαι
1190 2316 1279 2382 locus
1303 2313 1369 2383 esti
1390 2313 1423 2379 In

236 2422 305 2489 loco
330 2425 469 2510 genuino
493 2429 558 2490 cst:
584 2425 627 2494 εἷς
651 2423 721 2494 τοὺς
743 2423 815 2503 ὑπὲρ
837 2423 918 2500 ὑμῶν
937 2423 1088 2500 λέγοντας
1108 2423 1149 2488 τοὶ
1166 2421 1422 2504 βέλτνςατρέψαν

237 2527 415 2608 βούλονται.
463 2529 621 2615 Ιεειροεθοτ
661 2533 852 2594 sententiam
888 2529 1019 2594 eandem
1049 2527 1122 2595 aliis
1151 2529 1258 2596 verbis
1286 2531 1422 2596 vestivit.

238 2634 323 2714 Quid
369 2635 450 2700 latet
477 2638 598 2721 igitur
643 2637 678 2698 in
723 2634 859 2714 λὲγΕΙΝ
911 2632 1108 2712 ΟΙΟμένοοςθ
1152 2632 1252 2701 Credo
1294 2634 1423 2715 λὲνΘΙΝ

243 2750 541 2820 ΕΙΘΙΕΜΕΝΟΙΟ,
565 2746 603 2806 ut
627 2741 706 2808 aiibi
728 2744 753 2807 οἱ
777 2741 882 2819 λέγειν
907 2738 1042 2813 εἰωθότες
1066 2744 1191 2828 saepius
1213 2741 1342 2830 legitur.

284 2953 384 3041 Saepe
415 2954 540 3021 videbis
562 2956 597 3019 in
620 2954 816 3020 orationibus
839 2955 955 3039 spuriis
979 2958 1010 3019 et
1032 2941 1066 3018 in
1088 2953 1168 3018 locis
1191 2954 1230 3019 ab
1256 2957 1424 3040 impostore

239 3081 277 3126 ex
309 3059 521 3126 Demosthene
554 3060 719 3145 descriptis
749 3062 854 3144 ipsam
885 3058 1026 3126 Oratoris
1048 3080 1182 3124 manum
1205 3058 1342 3132 fideliter
1363 3079 1425 3126 esse

238 3172 417 3245 servatam,
449 3187 550 3251 quum
573 3169 608 3230 in
631 3168 771 3231 oratione
793 3167 933 3253 genuina
955 3164 1063 3230 labem
1087 3165 1228 3250 aliquam
1253 3171 1285 3232 et
1308 3169 1423 3234 vitium

239 3275 440 3359 concepisset.
497 3273 633 3360 Legitur
665 3273 699 3336 in
732 3273 871 3338 oratione
902 3269 967 3351 περὶ
1000 3277 1058 3335 τῶν
1091 3273 1122 3336 ἕν
1153 3273 1323 3354 Χερρονήσῳ
1354 3293 1422 3359 pag.

240 3376 316 3444 105.
351 3377 380 3444 9.
415 3378 655 3461 καρπωσάμενοί
682 3401 753 3443 τινα
777 3373 879 3448 ἕκατον
904 3378 1018 3444 τούτων
1042 3379 1222 3457 πλεονεξίαν
1246 3382 1271 3446 οἱ
1295 3381 1352 3459 μὲν
1374 3379 1423 3456 ἤδη

239 3482 425 3549 πετόνθασνν
449 3480 471 3548 oi
495 3484 530 3559 δὴ
555 3484 672 3556 ποθντες
697 3482 817 3560 ἴσασιν,
842 3485 866 3549 οἱ
891 3483 917 3547 δ’
941 3479 959 3548 θ
979 3508 1008 3549 το
1026 3480 1071 3548 ’θν
1091 3509 1166 3550 ποτε
1186 3487 1295 3570 συμβῇ
1315 3486 1424 3551 πεθσον·

239 3613 302 3654 ταν.
348 3592 494 3675 Arripuit
524 3591 602 3656 haec
625 3593 781 3676 impostor
803 3592 859 3675 qui
882 3590 1084 3674 Ρθύθύορθοοοα
1104 3599 1241 3677 quartam
1263 3593 1423 3668 conflavit,

240 3696 331 3760 cuius
350 3695 543 3760 cousuetudo
563 3701 611 3761 est
630 3695 805 3782 praeclaros
824 3697 926 3781 ipsius
937 3695 1162 3764 Demosthenis
1173 3698 1258 3765 locos
1270 3695 1426 3776 αὐτολεξεθ

240 3802 362 3866 iurem
383 3821 475 3865 suam
494 3807 691 3881 convertere,
712 3823 813 3887 quum
835 3805 951 3868 caeteri
971 3803 1056 3869 fures
1075 3803 1299 3872 Demosthenis
1311 3811 1426 3872 senten-

239 3909 321 3971 tiam
345 3906 416 3971 aliis
441 3911 535 3991 atque
559 3907 631 3972 aliis
654 3909 760 3975 verbis
784 3911 902 3976 vestire
921 3910 1044 3976 soleant
1062 3931 1124 3996 quo
1144 3913 1253 3978 minus
1271 3933 1330 3979 sua
1348 3913 1427 3977 furta

239 4017 376 4098 pateant.
425 4012 561 4100 LegItur
596 4019 705 4080 autem
738 4017 773 4079 in
806 4016 980 4100 Philippico
1013 4025 1122 4102 quarto
1156 4039 1229 4106 pag.
1269 4017 1344 4084 148.
1376 4015 1425 4084 22.

240 4115 477 4199 ναρπασούμενοθ
500 4142 569 4183 τινα
588 4115 691 4190 ἕκατον
712 4121 826 4185 τούτων
846 4122 1026 4200 πλεονεξίαν
1046 4125 1073 4188 οἱ
1093 4125 1149 4201 μὲν
1172 4123 1225 4201 ἤδη
1245 4123 1426 4189 πεπύνθασνν

241 4217 263 4292 oi
295 4225 329 4300 di
364 4223 479 4298 πούντες
512 4223 635 4304 ἴσασιν,
667 4227 693 4291 οἱ
724 4224 752 4292 θ’
785 4223 803 4292 θ
823 4251 852 4292 το
877 4227 915 4292 civ
938 4253 1014 4294 ποτε
1039 4229 1147 4312 συμβῇ
1172 4230 1341 4295 πείσονται.
1386 4227 1427 4292 At

239 4331 340 4411 nihil,
365 4331 482 4399 dixerit
505 4333 638 4417 aliquis,
662 4332 740 4400 haec
764 4333 803 4398 ab
826 4333 894 4401 iliis
913 4334 1078 4402 differunt:
1100 4341 1175 4402 sunt
1194 4323 1305 4403 eadem
1324 4333 1426 4402 omnia
