<?xml version="1.0" encoding="UTF-8"?>
<!DOCTYPE html PUBLIC "-//W3C//DTD XHTML 1.0 Transitional//EN"
    "http://www.w3.org/TR/xhtml1/DTD/xhtml1-transitional.dtd">
<html xmlns="http://www.w3.org/1999/xhtml" xml:lang="en" lang="en">
 <head>
  <title>
</title>
<meta http-equiv="Content-Type" content="text/html;charset=utf-8" />
  <meta name='ocr-system' content='tesseract 3.04.00' />
  <meta name='ocr-capabilities' content='ocr_page ocr_carea ocr_par ocr_line ocrx_word'/>
</head>
<body>
  <div class='ocr_page' id='page_1' title='image "./miscellaneacrit02cobegoog_0433.png"; bbox 0 0 3052 4970; ppageno 0'>
   <div class='ocr_carea' id='block_1_1' title="bbox 674 245 738 313">
    <p class='ocr_par' dir='ltr' id='par_1_1' title="bbox 674 245 738 313">
     <span class='ocr_line' id='line_1_1' title="bbox 674 245 738 313; baseline 0 -1"><span class='ocrx_word' id='word_1_1' title='bbox 674 245 738 313; x_wconf 91' lang='grc'><strong>411</strong></span> 
     </span>
    </p>
   </div>
   <div class='ocr_carea' id='block_1_2' title="bbox 35 434 1303 1058">
    <p class='ocr_par' dir='ltr' id='par_1_2' title="bbox 35 434 1303 740">
     <span class='ocr_line' id='line_1_2' title="bbox 111 434 1302 528; baseline -0.005 -20"><span class='ocrx_word' id='word_1_2' title='bbox 111 442 203 528; x_wconf 88' lang='lat' dir='ltr'><strong>plum</strong></span> <span class='ocrx_word' id='word_1_3' title='bbox 235 457 430 526; x_wconf 80' lang='lat' dir='ltr'><strong>expromam.</strong></span> <span class='ocrx_word' id='word_1_4' title='bbox 477 435 548 501; x_wconf 82' lang='lat' dir='ltr'><strong>Lib.</strong></span> <span class='ocrx_word' id='word_1_5' title='bbox 581 434 638 500; x_wconf 89' lang='lat' dir='ltr'><strong>HI.</strong></span> <span class='ocrx_word' id='word_1_6' title='bbox 673 434 748 499; x_wconf 89' lang='grc'><strong>394.</strong></span> <span class='ocrx_word' id='word_1_7' title='bbox 795 435 887 501; x_wconf 90' lang='lat' dir='ltr'><strong>Iason</strong></span> <span class='ocrx_word' id='word_1_8' title='bbox 916 435 957 501; x_wconf 91' lang='lat' dir='ltr'><strong>ad</strong></span> <span class='ocrx_word' id='word_1_9' title='bbox 979 456 1089 523; x_wconf 82' lang='lat' dir='ltr'><strong>regem</strong></span> <span class='ocrx_word' id='word_1_10' title='bbox 1112 437 1232 503; x_wconf 74' lang='lat' dir='ltr'><strong>Aedten</strong></span> <span class='ocrx_word' id='word_1_11' title='bbox 1254 438 1302 502; x_wconf 76' lang='lat' dir='ltr'><strong>Ita</strong></span> 
     </span>
     <span class='ocr_line' id='line_1_3' title="bbox 35 541 1303 631; baseline -0.006 -18"><span class='ocrx_word' id='word_1_12' title='bbox 35 542 37 548; x_wconf 59' lang='grc'>’</span> <span class='ocrx_word' id='word_1_13' title='bbox 114 549 210 613; x_wconf 74' lang='lat' dir='ltr'><strong>ddcit:</strong></span> <span class='ocrx_word' id='word_1_14' title='bbox 237 546 345 631; x_wconf 80' lang='grc' dir='ltr'><strong><em>ραναῶ</em></strong></span> <span class='ocrx_word' id='word_1_15' title='bbox 374 565 473 607; x_wconf 80' lang='lat' dir='ltr'><strong>samoe</strong></span> <span class='ocrx_word' id='word_1_16' title='bbox 503 548 532 605; x_wconf 79' lang='lat' dir='ltr'><strong>te</strong></span> <span class='ocrx_word' id='word_1_17' title='bbox 555 547 645 605; x_wconf 77' lang='grc' dir='ltr'><strong><em>αναίε</em></strong></span> <span class='ocrx_word' id='word_1_18' title='bbox 667 541 777 604; x_wconf 79' lang='lat' dir='ltr'><strong>nostris</strong></span> <span class='ocrx_word' id='word_1_19' title='bbox 804 543 948 606; x_wconf 80' lang='lat' dir='ltr'><strong>adiecere</strong></span> <span class='ocrx_word' id='word_1_20' title='bbox 970 541 1031 604; x_wconf 72' lang='lat' dir='ltr'><strong>eive</strong></span> <span class='ocrx_word' id='word_1_21' title='bbox 1054 551 1087 607; x_wconf 81' lang='grc' dir='ltr'><strong>ια</strong></span> <span class='ocrx_word' id='word_1_22' title='bbox 1115 544 1303 607; x_wconf 76' lang='lat' dir='ltr'><strong>Sauromatas</strong></span> 
     </span>
     <span class='ocr_line' id='line_1_4' title="bbox 113 648 1077 740; baseline -0.007 -21"><span class='ocrx_word' id='word_1_23' title='bbox 113 661 173 718; x_wconf 83' lang='grc' dir='ltr'><strong><em>α’νν</em></strong></span> <span class='ocrx_word' id='word_1_24' title='bbox 195 676 281 740; x_wconf 79' lang='lat' dir='ltr'><strong>quem</strong></span> <span class='ocrx_word' id='word_1_25' title='bbox 304 652 397 714; x_wconf 81' lang='grc' dir='ltr'><strong><em>αίίανα</em></strong></span> <span class='ocrx_word' id='word_1_26' title='bbox 419 649 560 732; x_wconf 73' lang='lat' dir='ltr'><strong>populum</strong></span> <span class='ocrx_word' id='word_1_27' title='bbox 583 648 704 735; x_wconf 74' lang='lat' dir='ltr'><strong>imperio</strong></span> <span class='ocrx_word' id='word_1_28' title='bbox 728 665 788 712; x_wconf 74' lang='lat' dir='ltr'><strong>roo</strong></span> <span class='ocrx_word' id='word_1_29' title='bbox 810 649 955 712; x_wconf 75' lang='lat' dir='ltr'><strong>subiicere</strong></span> <span class='ocrx_word' id='word_1_30' title='bbox 978 649 1077 732; x_wconf 80' lang='lat' dir='ltr'><strong>copie:</strong></span> 
     </span>
    </p>

    <p class='ocr_par' dir='ltr' id='par_1_3' title="bbox 252 752 1132 834">
     <span class='ocr_line' id='line_1_5' title="bbox 252 752 1132 834; baseline -0.007 -11"><span class='ocrx_word' id='word_1_31' title='bbox 252 757 311 823; x_wconf 79' lang='grc' dir='ltr'><strong><em>εἴτ’</em></strong></span> <span class='ocrx_word' id='word_1_32' title='bbox 338 753 385 822; x_wconf 80' lang='grc' dir='ltr'><strong>τῶν</strong></span> <span class='ocrx_word' id='word_1_33' title='bbox 410 754 620 834; x_wconf 71' lang='grc' dir='ltr'><strong><em>Σαυρομάτας</em></strong></span> <span class='ocrx_word' id='word_1_34' title='bbox 644 779 683 832; x_wconf 90' lang='grc' dir='ltr'><strong><em>γε</em></strong></span> <span class='ocrx_word' id='word_1_35' title='bbox 707 753 845 818; x_wconf 92' lang='grc' dir='ltr'><strong><em>λιλαίεαι</em></strong></span> <span class='ocrx_word' id='word_1_36' title='bbox 870 753 934 818; x_wconf 84' lang='grc' dir='ltr'><strong><em>είτε</em></strong></span> <span class='ocrx_word' id='word_1_37' title='bbox 957 759 1013 818; x_wconf 84' lang='grc' dir='ltr'><strong><em>τιν’</em></strong></span> <span class='ocrx_word' id='word_1_38' title='bbox 1037 752 1132 819; x_wconf 76' lang='grc' dir='ltr'><strong><em>ἄλλον</em></strong></span> 
     </span>
    </p>

    <p class='ocr_par' dir='ltr' id='par_1_4' title="bbox 115 859 1159 1058">
     <span class='ocr_line' id='line_1_6' title="bbox 254 859 1159 942; baseline -0.007 -12"><span class='ocrx_word' id='word_1_39' title='bbox 254 865 347 942; x_wconf 72' lang='grc' dir='ltr'><strong><em>δῆμον</em></strong></span> <span class='ocrx_word' id='word_1_40' title='bbox 371 868 678 927; x_wconf 77' lang='grc' dir='ltr'>ΟΦΩΙΤΕΡΟΙΟΙΝ</span> <span class='ocrx_word' id='word_1_41' title='bbox 704 860 761 925; x_wconf 82' lang='grc' dir='ltr'><strong>ὑπὸ</strong></span> <span class='ocrx_word' id='word_1_42' title='bbox 784 861 962 940; x_wconf 72' lang='grc' dir='ltr'><strong><em>σκήπτροισι</em></strong></span> <span class='ocrx_word' id='word_1_43' title='bbox 986 859 1159 937; x_wconf 70' lang='grc' dir='ltr'><strong><em>δαμάσσαι.</em></strong></span> 
     </span>
     <span class='ocr_line' id='line_1_7' title="bbox 115 964 745 1058; baseline -0.011 -20"><span class='ocrx_word' id='word_1_44' title='bbox 115 993 194 1058; x_wconf 90' lang='lat' dir='ltr'><strong>quae</strong></span> <span class='ocrx_word' id='word_1_45' title='bbox 218 975 413 1057; x_wconf 87' lang='lat' dir='ltr'><strong>potestesse</strong></span> <span class='ocrx_word' id='word_1_46' title='bbox 436 965 601 1032; x_wconf 80' lang='lat' dir='ltr'>absurdior</span> <span class='ocrx_word' id='word_1_47' title='bbox 623 964 745 1032; x_wconf 80' lang='lat' dir='ltr'><strong>oratio?</strong></span> 
     </span>
    </p>
   </div>
   <div class='ocr_carea' id='block_1_3' title="bbox 419 1175 1001 1422">
    <p class='ocr_par' dir='ltr' id='par_1_5' title="bbox 419 1175 1001 1422">
     <span class='ocr_line' id='line_1_8' title="bbox 612 1175 806 1241; baseline -0.005 0"><span class='ocrx_word' id='word_1_48' title='bbox 612 1175 806 1241; x_wconf 85' lang='lat' dir='ltr'><strong>LXXXVII.</strong></span> 
     </span>
     <span class='ocr_line' id='line_1_9' title="bbox 419 1371 1001 1422; baseline 0 -2"><span class='ocrx_word' id='word_1_49' title='bbox 419 1375 462 1420; x_wconf 81' lang='lat' dir='ltr'><strong>nn</strong></span> <span class='ocrx_word' id='word_1_50' title='bbox 485 1371 671 1421; x_wconf 82' lang='lat' dir='ltr'><strong>nonnonnos</strong></span> <span class='ocrx_word' id='word_1_51' title='bbox 694 1374 737 1421; x_wconf 82' lang='lat' dir='ltr'><strong>nx</strong></span> <span class='ocrx_word' id='word_1_52' title='bbox 759 1373 869 1421; x_wconf 83' lang='lat' dir='ltr'><strong>rnmnn</strong></span> <span class='ocrx_word' id='word_1_53' title='bbox 892 1371 1001 1422; x_wconf 85' lang='lat' dir='ltr'><strong>nooos.</strong></span> 
     </span>
    </p>
   </div>
   <div class='ocr_carea' id='block_1_4' title="bbox 116 1530 1312 3108">
    <p class='ocr_par' dir='ltr' id='par_1_6' title="bbox 116 1530 1312 3108">
     <span class='ocr_line' id='line_1_10' title="bbox 161 1530 1036 1614; baseline -0.005 -12"><span class='ocrx_word' id='word_1_54' title='bbox 161 1536 255 1602; x_wconf 86' lang='lat' dir='ltr'>Iliad.</span> <span class='ocrx_word' id='word_1_55' title='bbox 281 1546 312 1599; x_wconf 91' lang='grc' dir='ltr'><strong>Β.</strong></span> <span class='ocrx_word' id='word_1_56' title='bbox 340 1530 393 1599; x_wconf 80' lang='grc'><strong>27.</strong></span> <span class='ocrx_word' id='word_1_57' title='bbox 419 1535 591 1614; x_wconf 81' lang='grc' dir='ltr'><strong><em>ὃὌνειρνς</em></strong></span> <span class='ocrx_word' id='word_1_58' title='bbox 616 1533 687 1613; x_wconf 80' lang='grc' dir='ltr'><strong><em>πρὸς</em></strong></span> <span class='ocrx_word' id='word_1_59' title='bbox 713 1535 763 1600; x_wconf 80' lang='grc' dir='ltr'><strong>τὸν</strong></span> <span class='ocrx_word' id='word_1_60' title='bbox 792 1533 1036 1612; x_wconf 75' lang='grc' dir='ltr'><strong><em>Ἀγαμέμνονα·</em></strong></span> 
     </span>
     <span class='ocr_line' id='line_1_11' title="bbox 232 1629 1172 1719; baseline -0.001 -13"><span class='ocrx_word' id='word_1_61' title='bbox 232 1647 283 1706; x_wconf 77' lang='grc' dir='ltr'><strong>νῦν</strong></span> <span class='ocrx_word' id='word_1_62' title='bbox 307 1639 332 1703; x_wconf 72' lang='grc' dir='ltr'><strong>δ’</strong></span> <span class='ocrx_word' id='word_1_63' title='bbox 357 1639 460 1716; x_wconf 84' lang='grc' dir='ltr'><strong><em>ε’μέίεν</em></strong></span> <span class='ocrx_word' id='word_1_64' title='bbox 484 1629 570 1715; x_wconf 75' lang='grc' dir='ltr'><strong><em>ξύνες</em></strong></span> <span class='ocrx_word' id='word_1_65' title='bbox 594 1637 675 1717; x_wconf 86' lang='grc' dir='ltr'><strong><em>ῶκα,</em></strong></span> <span class='ocrx_word' id='word_1_66' title='bbox 704 1640 776 1711; x_wconf 77' lang='grc' dir='ltr'><strong><em>Διὸς</em></strong></span> <span class='ocrx_word' id='word_1_67' title='bbox 801 1642 832 1705; x_wconf 80' lang='grc' dir='ltr'><strong><em>δέ</em></strong></span> <span class='ocrx_word' id='word_1_68' title='bbox 856 1665 901 1705; x_wconf 82' lang='grc' dir='ltr'><strong>τοι</strong></span> <span class='ocrx_word' id='word_1_69' title='bbox 925 1640 1066 1719; x_wconf 81' lang='grc' dir='ltr'><strong><em>ἄγγελός</em></strong></span> <span class='ocrx_word' id='word_1_70' title='bbox 1092 1642 1172 1718; x_wconf 83' lang='grc' dir='ltr'><strong><em>εἶμι,</em></strong></span> 
     </span>
     <span class='ocr_line' id='line_1_12' title="bbox 236 1744 1084 1834; baseline -0.001 -24"><span class='ocrx_word' id='word_1_71' title='bbox 236 1745 281 1834; x_wconf 78' lang='grc' dir='ltr'><strong><em>[ῶς</em></strong></span> <span class='ocrx_word' id='word_1_72' title='bbox 305 1770 357 1810; x_wconf 85' lang='grc' dir='ltr'><strong><em>τεν</em></strong></span> <span class='ocrx_word' id='word_1_73' title='bbox 381 1744 490 1810; x_wconf 80' lang='grc' dir='ltr'><strong><em>ῶναίεν</em></strong></span> <span class='ocrx_word' id='word_1_74' title='bbox 518 1747 569 1810; x_wconf 86' lang='grc' dir='ltr'><strong>ἐῶν</strong></span> <span class='ocrx_word' id='word_1_75' title='bbox 592 1745 681 1822; x_wconf 81' lang='grc' dir='ltr'><strong><em>μέγα</em></strong></span> <span class='ocrx_word' id='word_1_76' title='bbox 710 1746 836 1820; x_wconf 72' lang='grc' dir='ltr'><strong><em>κήδεται</em></strong></span> <span class='ocrx_word' id='word_1_77' title='bbox 861 1747 904 1824; x_wconf 75' lang='grc' dir='ltr'><strong>ἧδ’</strong></span> <span class='ocrx_word' id='word_1_78' title='bbox 930 1745 1084 1832; x_wconf 88' lang='grc' dir='ltr'><strong><em>ἐλεαίρει.]</em></strong></span> 
     </span>
     <span class='ocr_line' id='line_1_13' title="bbox 116 1841 1113 1940; baseline -0.004 -20"><span class='ocrx_word' id='word_1_79' title='bbox 116 1876 198 1940; x_wconf 90' lang='lat' dir='ltr'><strong>quae</strong></span> <span class='ocrx_word' id='word_1_80' title='bbox 222 1853 338 1918; x_wconf 92' lang='lat' dir='ltr'><strong>iisdem</strong></span> <span class='ocrx_word' id='word_1_81' title='bbox 365 1853 469 1918; x_wconf 90' lang='lat' dir='ltr'><strong>verbis</strong></span> <span class='ocrx_word' id='word_1_82' title='bbox 491 1854 626 1937; x_wconf 88' lang='lat' dir='ltr'><strong>repetita</strong></span> <span class='ocrx_word' id='word_1_83' title='bbox 647 1851 801 1939; x_wconf 79' lang='lat' dir='ltr'><strong>leguntur</strong></span> <span class='ocrx_word' id='word_1_84' title='bbox 821 1873 869 1918; x_wconf 86' lang='lat' dir='ltr'><strong>vs.</strong></span> <span class='ocrx_word' id='word_1_85' title='bbox 896 1851 938 1916; x_wconf 82' lang='lat'><strong>63</strong></span> <span class='ocrx_word' id='word_1_86' title='bbox 962 1873 1007 1936; x_wconf 88' lang='lat' dir='ltr'><strong>sq.</strong></span> <span class='ocrx_word' id='word_1_87' title='bbox 1111 1841 1113 1846; x_wconf 63' lang='grc'><strong>’</strong></span> 
     </span>
     <span class='ocr_line' id='line_1_14' title="bbox 163 1956 899 2039; baseline -0.003 -15"><span class='ocrx_word' id='word_1_88' title='bbox 163 1957 276 2038; x_wconf 56' lang='lat' dir='ltr'><strong>&gt;leia</strong></span> <span class='ocrx_word' id='word_1_89' title='bbox 301 1959 373 2039; x_wconf 81' lang='grc' dir='ltr'><strong><em>πρὸς</em></strong></span> <span class='ocrx_word' id='word_1_90' title='bbox 397 1959 448 2021; x_wconf 77' lang='grc' dir='ltr'><strong>τὸν</strong></span> <span class='ocrx_word' id='word_1_91' title='bbox 473 1958 610 2037; x_wconf 83' lang='grc' dir='ltr'><strong><em>Πρίαμον</em></strong></span> <span class='ocrx_word' id='word_1_92' title='bbox 633 1957 724 2023; x_wconf 86' lang='lat' dir='ltr'><strong>Ih&#39;nd.</strong></span> <span class='ocrx_word' id='word_1_93' title='bbox 751 1969 797 2024; x_wconf 84' lang='grc' dir='ltr'><strong>Ω.</strong></span> <span class='ocrx_word' id='word_1_94' title='bbox 824 1956 899 2026; x_wconf 73' lang='grc'><strong>173.</strong></span> 
     </span>
     <span class='ocr_line' id='line_1_15' title="bbox 235 2061 1171 2142; baseline 0.001 -15"><span class='ocrx_word' id='word_1_95' title='bbox 235 2069 283 2127; x_wconf 81' lang='grc' dir='ltr'><strong>νῦν</strong></span> <span class='ocrx_word' id='word_1_96' title='bbox 308 2062 335 2128; x_wconf 72' lang='grc' dir='ltr'><strong>δ’</strong></span> <span class='ocrx_word' id='word_1_97' title='bbox 362 2063 465 2140; x_wconf 79' lang='grc' dir='ltr'><em>ἐμέθεν</em></span> <span class='ocrx_word' id='word_1_98' title='bbox 488 2063 573 2141; x_wconf 76' lang='grc' dir='ltr'><strong><em>ξύνες</em></strong></span> <span class='ocrx_word' id='word_1_99' title='bbox 598 2061 678 2142; x_wconf 83' lang='grc' dir='ltr'><strong><em>ῶνα,</em></strong></span> <span class='ocrx_word' id='word_1_100' title='bbox 705 2067 776 2138; x_wconf 79' lang='grc' dir='ltr'><strong><em>Διὸς</em></strong></span> <span class='ocrx_word' id='word_1_101' title='bbox 802 2064 832 2130; x_wconf 73' lang='grc' dir='ltr'><strong><em>δέ</em></strong></span> <span class='ocrx_word' id='word_1_102' title='bbox 854 2089 899 2129; x_wconf 87' lang='grc' dir='ltr'><strong>τα</strong></span> <span class='ocrx_word' id='word_1_103' title='bbox 924 2062 1066 2142; x_wconf 83' lang='grc' dir='ltr'><strong><em>ῶγγελίς</em></strong></span> <span class='ocrx_word' id='word_1_104' title='bbox 1091 2067 1171 2142; x_wconf 87' lang='grc' dir='ltr'><strong><em>είμι,</em></strong></span> 
     </span>
     <span class='ocr_line' id='line_1_16' title="bbox 234 2165 1049 2249; baseline 0 -15"><span class='ocrx_word' id='word_1_105' title='bbox 234 2165 265 2241; x_wconf 78' lang='grc' dir='ltr'><strong><em>ῶς</em></strong></span> <span class='ocrx_word' id='word_1_106' title='bbox 289 2195 341 2234; x_wconf 86' lang='grc' dir='ltr'><strong><em>τεν</em></strong></span> <span class='ocrx_word' id='word_1_107' title='bbox 365 2169 474 2234; x_wconf 77' lang='grc' dir='ltr'><strong><em>ἄνωθεν</em></strong></span> <span class='ocrx_word' id='word_1_108' title='bbox 495 2171 547 2234; x_wconf 83' lang='grc' dir='ltr'><strong>ἐῶν</strong></span> <span class='ocrx_word' id='word_1_109' title='bbox 571 2169 659 2247; x_wconf 84' lang='grc' dir='ltr'><strong><em>μέγα</em></strong></span> <span class='ocrx_word' id='word_1_110' title='bbox 684 2171 809 2244; x_wconf 75' lang='grc' dir='ltr'><strong><em>κήδεται</em></strong></span> <span class='ocrx_word' id='word_1_111' title='bbox 835 2170 883 2247; x_wconf 73' lang='grc' dir='ltr'><strong>ἧδ’</strong></span> <span class='ocrx_word' id='word_1_112' title='bbox 909 2171 1049 2249; x_wconf 87' lang='grc' dir='ltr'><strong><em>ἐλεαίρει.</em></strong></span> 
     </span>
     <span class='ocr_line' id='line_1_17' title="bbox 116 2276 1312 2360; baseline 0.002 -20"><span class='ocrx_word' id='word_1_113' title='bbox 116 2278 298 2347; x_wconf 84' lang='lat' dir='ltr'><strong>rectissime</strong></span> <span class='ocrx_word' id='word_1_114' title='bbox 320 2276 404 2340; x_wconf 82' lang='lat' dir='ltr'><strong>vidit</strong></span> <span class='ocrx_word' id='word_1_115' title='bbox 426 2277 628 2340; x_wconf 88' lang='lat' dir='ltr'><strong>Aristarchus</strong></span> <span class='ocrx_word' id='word_1_116' title='bbox 651 2276 747 2340; x_wconf 73' lang='lat' dir='ltr'><strong>Ilium</strong></span> <span class='ocrx_word' id='word_1_117' title='bbox 770 2276 876 2342; x_wconf 88' lang='lat' dir='ltr'><strong>locum</strong></span> <span class='ocrx_word' id='word_1_118' title='bbox 901 2298 939 2342; x_wconf 85' lang='lat' dir='ltr'><strong>ex</strong></span> <span class='ocrx_word' id='word_1_119' title='bbox 962 2277 1021 2341; x_wconf 92' lang='lat' dir='ltr'><strong>hoc</strong></span> <span class='ocrx_word' id='word_1_120' title='bbox 1043 2281 1167 2360; x_wconf 88' lang='lat' dir='ltr'><strong>praeter</strong></span> <span class='ocrx_word' id='word_1_121' title='bbox 1189 2281 1312 2342; x_wconf 91' lang='lat' dir='ltr'><strong>senten·</strong></span> 
     </span>
     <span class='ocr_line' id='line_1_18' title="bbox 116 2381 1311 2467; baseline 0 -19"><span class='ocrx_word' id='word_1_122' title='bbox 116 2386 201 2448; x_wconf 85' lang='lat' dir='ltr'><strong>tIam</strong></span> <span class='ocrx_word' id='word_1_123' title='bbox 226 2402 293 2446; x_wconf 90' lang='lat' dir='ltr'><strong>esse</strong></span> <span class='ocrx_word' id='word_1_124' title='bbox 316 2381 554 2467; x_wconf 87' lang='lat' dir='ltr'><strong>interpolatum.</strong></span> <span class='ocrx_word' id='word_1_125' title='bbox 602 2384 781 2448; x_wconf 88' lang='lat' dir='ltr'><strong>Annotatur</strong></span> <span class='ocrx_word' id='word_1_126' title='bbox 804 2385 843 2448; x_wconf 95' lang='lat' dir='ltr'><strong>ad</strong></span> <span class='ocrx_word' id='word_1_127' title='bbox 868 2395 901 2448; x_wconf 90' lang='grc' dir='ltr'><strong>Β.</strong></span> <span class='ocrx_word' id='word_1_128' title='bbox 926 2383 979 2448; x_wconf 84' lang='grc'><strong>28.</strong></span> <span class='ocrx_word' id='word_1_129' title='bbox 1005 2383 1127 2463; x_wconf 78' lang='grc' dir='ltr'><strong><em>(ὀβελὸς</em></strong></span> <span class='ocrx_word' id='word_1_130' title='bbox 1148 2387 1219 2459; x_wconf 82' lang='grc' dir='ltr'><strong><em>μετ’</em></strong></span> <span class='ocrx_word' id='word_1_131' title='bbox 1240 2385 1311 2452; x_wconf 75' lang='grc' dir='ltr'><strong><em>είς-ε-</em></strong></span> 
     </span>
     <span class='ocr_line' id='line_1_19' title="bbox 117 2481 1311 2572; baseline 0.002 -20"><span class='ocrx_word' id='word_1_132' title='bbox 117 2489 235 2572; x_wconf 80' lang='grc' dir='ltr'><strong><em>ρίσκνυ)</em></strong></span> <span class='ocrx_word' id='word_1_133' title='bbox 271 2481 316 2551; x_wconf 82' lang='grc' dir='ltr'><strong>ίτι</strong></span> <span class='ocrx_word' id='word_1_134' title='bbox 346 2494 435 2552; x_wconf 83' lang='grc' dir='ltr'><strong><em>τοῦτο</em></strong></span> <span class='ocrx_word' id='word_1_135' title='bbox 468 2488 553 2568; x_wconf 72' lang='grc' dir='ltr'><strong><em>ὀρθῶς</em></strong></span> <span class='ocrx_word' id='word_1_136' title='bbox 586 2490 657 2568; x_wconf 79' lang='grc' dir='ltr'><strong><em>πρὸς</em></strong></span> <span class='ocrx_word' id='word_1_137' title='bbox 683 2489 820 2568; x_wconf 83' lang='grc' dir='ltr'><strong><em>Πρίαμον</em></strong></span> <span class='ocrx_word' id='word_1_138' title='bbox 838 2487 913 2569; x_wconf 81' lang='grc' dir='ltr'><strong><em>Ἶρις</em></strong></span> <span class='ocrx_word' id='word_1_139' title='bbox 938 2489 1040 2567; x_wconf 84' lang='grc' dir='ltr'><strong><em>λέγει·</em></strong></span> <span class='ocrx_word' id='word_1_140' title='bbox 1066 2490 1132 2554; x_wconf 82' lang='grc' dir='ltr'><strong><em>ἐπεί</em></strong></span> <span class='ocrx_word' id='word_1_141' title='bbox 1157 2490 1208 2554; x_wconf 80' lang='grc' dir='ltr'><strong>καί</strong></span> <span class='ocrx_word' id='word_1_142' title='bbox 1233 2493 1311 2562; x_wconf 83' lang='grc' dir='ltr'><strong><em>τίνος</em></strong></span> 
     </span>
     <span class='ocr_line' id='line_1_20' title="bbox 116 2583 1308 2683; baseline 0.003 -26"><span class='ocrx_word' id='word_1_143' title='bbox 116 2594 214 2683; x_wconf 66' lang='grc' dir='ltr'><strong><em>χάριν</em></strong></span> <span class='ocrx_word' id='word_1_144' title='bbox 238 2593 334 2658; x_wconf 82' lang='grc' dir='ltr'><strong><em>ἐλεεῖν</em></strong></span> <span class='ocrx_word' id='word_1_145' title='bbox 357 2593 450 2658; x_wconf 82' lang='grc' dir='ltr'><strong><em>αὐτὸν</em></strong></span> <span class='ocrx_word' id='word_1_146' title='bbox 474 2593 604 2672; x_wconf 72' lang='grc' dir='ltr'><strong><em>μέλλεις</em></strong></span> <span class='ocrx_word' id='word_1_147' title='bbox 630 2599 662 2660; x_wconf 81' lang='lat' dir='ltr'><strong>et</strong></span> <span class='ocrx_word' id='word_1_148' title='bbox 686 2596 726 2660; x_wconf 90' lang='lat' dir='ltr'><strong>ad</strong></span> <span class='ocrx_word' id='word_1_149' title='bbox 749 2607 782 2660; x_wconf 88' lang='lat' dir='ltr'><strong>B.</strong></span> <span class='ocrx_word' id='word_1_150' title='bbox 808 2594 861 2660; x_wconf 83' lang='lat'><strong>64.</strong></span> <span class='ocrx_word' id='word_1_151' title='bbox 885 2583 1007 2676; x_wconf 66' lang='grc' dir='ltr'><strong><em>(ὀβελὸς</em></strong></span> <span class='ocrx_word' id='word_1_152' title='bbox 1038 2595 1111 2672; x_wconf 84' lang='grc' dir='ltr'><strong><em>μετ’</em></strong></span> <span class='ocrx_word' id='word_1_153' title='bbox 1136 2596 1308 2683; x_wconf 61' lang='lat' dir='ltr'><strong>despicere)</strong></span> 
     </span>
     <span class='ocr_line' id='line_1_21' title="bbox 117 2697 1309 2782; baseline 0 -17"><span class='ocrx_word' id='word_1_154' title='bbox 117 2697 163 2765; x_wconf 75' lang='grc' dir='ltr'><strong>ὅτι</strong></span> <span class='ocrx_word' id='word_1_155' title='bbox 191 2699 251 2764; x_wconf 77' lang='grc' dir='ltr'><strong>ὑπὸ</strong></span> <span class='ocrx_word' id='word_1_156' title='bbox 276 2707 331 2774; x_wconf 77' lang='grc' dir='ltr'><strong><em>τῆς</em></strong></span> <span class='ocrx_word' id='word_1_157' title='bbox 351 2700 458 2779; x_wconf 78' lang='grc' dir='ltr'><strong><em>Ἴριδνς</em></strong></span> <span class='ocrx_word' id='word_1_158' title='bbox 481 2701 553 2779; x_wconf 79' lang='grc' dir='ltr'><strong><em>πρὸς</em></strong></span> <span class='ocrx_word' id='word_1_159' title='bbox 577 2701 714 2782; x_wconf 83' lang='grc' dir='ltr'><strong><em>Πρίαμον</em></strong></span> <span class='ocrx_word' id='word_1_160' title='bbox 737 2703 860 2774; x_wconf 79' lang='grc' dir='ltr'><strong><em>δεόντως</em></strong></span> <span class='ocrx_word' id='word_1_161' title='bbox 885 2702 1027 2780; x_wconf 77' lang='grc' dir='ltr'><strong><em>λέγεται.</em></strong></span> <span class='ocrx_word' id='word_1_162' title='bbox 1054 2707 1086 2766; x_wconf 83' lang='lat' dir='ltr'><strong>et</strong></span> <span class='ocrx_word' id='word_1_163' title='bbox 1109 2701 1148 2766; x_wconf 88' lang='lat' dir='ltr'><strong>ad</strong></span> <span class='ocrx_word' id='word_1_164' title='bbox 1174 2711 1219 2768; x_wconf 84' lang='grc' dir='ltr'><strong>Ω.</strong></span> <span class='ocrx_word' id='word_1_165' title='bbox 1235 2700 1309 2771; x_wconf 84' lang='grc'><strong>174.</strong></span> 
     </span>
     <span class='ocr_line' id='line_1_22' title="bbox 118 2804 1310 2896; baseline -0.002 -23"><span class='ocrx_word' id='word_1_166' title='bbox 118 2808 145 2896; x_wconf 85' lang='grc' dir='ltr'><strong>(ὅ</strong></span> <span class='ocrx_word' id='word_1_167' title='bbox 169 2806 346 2893; x_wconf 79' lang='grc' dir='ltr'><strong><em>νίςερίσκνς)</em></strong></span> <span class='ocrx_word' id='word_1_168' title='bbox 379 2804 425 2870; x_wconf 74' lang='grc' dir='ltr'><strong>ὅτι</strong></span> <span class='ocrx_word' id='word_1_169' title='bbox 457 2808 588 2872; x_wconf 69' lang='grc' dir='ltr'><strong><em>ἐνταῦθα</em></strong></span> <span class='ocrx_word' id='word_1_170' title='bbox 613 2807 704 2885; x_wconf 82' lang='grc' dir='ltr'><strong><em>ὑγιῶς</em></strong></span> <span class='ocrx_word' id='word_1_171' title='bbox 738 2806 885 2886; x_wconf 80' lang='grc' dir='ltr'><strong><em>λέγεται,</em></strong></span> <span class='ocrx_word' id='word_1_172' title='bbox 911 2809 977 2871; x_wconf 83' lang='grc' dir='ltr'><strong><em>ἐκεῖ</em></strong></span> <span class='ocrx_word' id='word_1_173' title='bbox 995 2808 1028 2872; x_wconf 77' lang='grc' dir='ltr'><strong>δὲ</strong></span> <span class='ocrx_word' id='word_1_174' title='bbox 1051 2813 1152 2877; x_wconf 90' lang='grc' dir='ltr'><strong><em>κακῶς</em></strong></span> <span class='ocrx_word' id='word_1_175' title='bbox 1177 2805 1233 2872; x_wconf 79' lang='grc' dir='ltr'><strong>ὑπὸ</strong></span> <span class='ocrx_word' id='word_1_176' title='bbox 1257 2811 1310 2871; x_wconf 80' lang='grc' dir='ltr'><strong>τοῦ</strong></span> 
     </span>
     <span class='ocr_line' id='line_1_23' title="bbox 117 2912 1312 2999; baseline 0 -21"><span class='ocrx_word' id='word_1_177' title='bbox 117 2914 257 2993; x_wconf 82' lang='grc' dir='ltr'><strong><em>Ὀνείρου</em></strong></span> <span class='ocrx_word' id='word_1_178' title='bbox 283 2912 354 2993; x_wconf 78' lang='grc' dir='ltr'><strong><em>πρὸς</em></strong></span> <span class='ocrx_word' id='word_1_179' title='bbox 385 2912 437 2978; x_wconf 84' lang='grc' dir='ltr'><strong>τὸν</strong></span> <span class='ocrx_word' id='word_1_180' title='bbox 467 2912 702 2992; x_wconf 78' lang='grc' dir='ltr'><strong><em>Ἀγαμέμνονα.</em></strong></span> <span class='ocrx_word' id='word_1_181' title='bbox 748 2914 913 2980; x_wconf 82' lang='lat' dir='ltr'><strong>Bekherus</strong></span> <span class='ocrx_word' id='word_1_182' title='bbox 944 2921 1052 2979; x_wconf 87' lang='lat' dir='ltr'><strong>tamen</strong></span> <span class='ocrx_word' id='word_1_183' title='bbox 1075 2915 1220 2999; x_wconf 89' lang='lat' dir='ltr'><strong>spurium</strong></span> <span class='ocrx_word' id='word_1_184' title='bbox 1244 2935 1312 2979; x_wconf 86' lang='lat' dir='ltr'><strong>ver-</strong></span> 
     </span>
     <span class='ocr_line' id='line_1_24' title="bbox 117 3018 1312 3108; baseline -0.002 -22"><span class='ocrx_word' id='word_1_185' title='bbox 117 3042 194 3086; x_wconf 87' lang='lat' dir='ltr'><strong>sum</strong></span> <span class='ocrx_word' id='word_1_186' title='bbox 229 3024 262 3084; x_wconf 89' lang='lat' dir='ltr'><strong>et</strong></span> <span class='ocrx_word' id='word_1_187' title='bbox 293 3040 367 3083; x_wconf 88' lang='lat' dir='ltr'><strong>cum</strong></span> <span class='ocrx_word' id='word_1_188' title='bbox 398 3018 461 3085; x_wconf 90' lang='lat' dir='ltr'><strong>loci</strong></span> <span class='ocrx_word' id='word_1_189' title='bbox 488 3023 644 3086; x_wconf 87' lang='lat' dir='ltr'><strong>sententia</strong></span> <span class='ocrx_word' id='word_1_190' title='bbox 673 3026 870 3108; x_wconf 75' lang='lat' dir='ltr'>pugnantem</span> <span class='ocrx_word' id='word_1_191' title='bbox 900 3023 1034 3085; x_wconf 78' lang='lat' dir='ltr'><strong>retinnIt</strong></span> <span class='ocrx_word' id='word_1_192' title='bbox 1061 3026 1092 3085; x_wconf 87' lang='lat' dir='ltr'><strong>et</strong></span> <span class='ocrx_word' id='word_1_193' title='bbox 1114 3041 1153 3084; x_wconf 93' lang='lat' dir='ltr'><strong>ne</strong></span> <span class='ocrx_word' id='word_1_194' title='bbox 1176 3040 1312 3085; x_wconf 91' lang='lat' dir='ltr'><strong>comme-</strong></span> 
     </span>
    </p>
   </div>
   <div class='ocr_carea' id='block_1_5' title="bbox 114 3125 1089 3209">
    <p class='ocr_par' dir='ltr' id='par_1_7' title="bbox 114 3125 1089 3209">
     <span class='ocr_line' id='line_1_25' title="bbox 114 3125 1089 3209; baseline -0.003 -17"><span class='ocrx_word' id='word_1_195' title='bbox 114 3127 261 3192; x_wconf 83' lang='lat' dir='ltr'><strong>moravit</strong></span> <span class='ocrx_word' id='word_1_196' title='bbox 284 3125 415 3209; x_wconf 90' lang='lat' dir='ltr'><strong>quidem</strong></span> <span class='ocrx_word' id='word_1_197' title='bbox 437 3147 512 3191; x_wconf 90' lang='lat' dir='ltr'><strong>eum</strong></span> <span class='ocrx_word' id='word_1_198' title='bbox 533 3127 572 3191; x_wconf 90' lang='lat' dir='ltr'><strong>ab</strong></span> <span class='ocrx_word' id='word_1_199' title='bbox 596 3127 778 3193; x_wconf 80' lang='lat' dir='ltr'><strong>Aristarcho</strong></span> <span class='ocrx_word' id='word_1_200' title='bbox 801 3147 866 3192; x_wconf 90' lang='lat' dir='ltr'><strong>esse</strong></span> <span class='ocrx_word' id='word_1_201' title='bbox 890 3125 1089 3192; x_wconf 88' lang='lat' dir='ltr'><strong>damnatum.</strong></span> 
     </span>
    </p>
   </div>
   <div class='ocr_carea' id='block_1_6' title="bbox 116 3303 1316 4450">
    <p class='ocr_par' dir='ltr' id='par_1_8' title="bbox 116 3303 1316 3920">
     <span class='ocr_line' id='line_1_26' title="bbox 167 3303 1314 3392; baseline -0.001 -21"><span class='ocrx_word' id='word_1_202' title='bbox 167 3303 366 3371; x_wconf 87' lang='lat' dir='ltr'><strong>Admirabili</strong></span> <span class='ocrx_word' id='word_1_203' title='bbox 389 3307 534 3370; x_wconf 80' lang='lat' dir='ltr'>acumine</span> <span class='ocrx_word' id='word_1_204' title='bbox 557 3307 777 3390; x_wconf 81' lang='lat' dir='ltr'><strong>Aristarchus,</strong></span> <span class='ocrx_word' id='word_1_205' title='bbox 803 3309 857 3392; x_wconf 89' lang='lat' dir='ltr'><strong>qui</strong></span> <span class='ocrx_word' id='word_1_206' title='bbox 882 3307 989 3372; x_wconf 90' lang='lat' dir='ltr'><strong>omnia</strong></span> <span class='ocrx_word' id='word_1_207' title='bbox 1012 3305 1147 3371; x_wconf 87' lang='lat' dir='ltr'><strong>Homeri</strong></span> <span class='ocrx_word' id='word_1_208' title='bbox 1170 3305 1255 3370; x_wconf 89' lang='lat' dir='ltr'><strong>diota</strong></span> <span class='ocrx_word' id='word_1_209' title='bbox 1275 3306 1314 3370; x_wconf 92' lang='lat' dir='ltr'><strong>ad</strong></span> 
     </span>
     <span class='ocr_line' id='line_1_27' title="bbox 116 3412 1315 3499; baseline -0.003 -21"><span class='ocrx_word' id='word_1_210' title='bbox 116 3417 256 3478; x_wconf 87' lang='lat' dir='ltr'><strong>naturae</strong></span> <span class='ocrx_word' id='word_1_211' title='bbox 287 3413 456 3476; x_wconf 86' lang='lat' dir='ltr'><strong>veritatem</strong></span> <span class='ocrx_word' id='word_1_212' title='bbox 485 3417 517 3476; x_wconf 87' lang='lat' dir='ltr'><strong>et</strong></span> <span class='ocrx_word' id='word_1_213' title='bbox 547 3414 632 3478; x_wconf 87' lang='lat' dir='ltr'><strong>vitae</strong></span> <span class='ocrx_word' id='word_1_214' title='bbox 662 3414 805 3479; x_wconf 83' lang='lat' dir='ltr'><strong>heroicae</strong></span> <span class='ocrx_word' id='word_1_215' title='bbox 836 3434 932 3477; x_wconf 86' lang='lat' dir='ltr'><strong>usum</strong></span> <span class='ocrx_word' id='word_1_216' title='bbox 957 3414 1103 3499; x_wconf 82' lang='lat' dir='ltr'><strong>exigebat</strong></span> <span class='ocrx_word' id='word_1_217' title='bbox 1126 3412 1255 3497; x_wconf 88' lang='lat' dir='ltr'><strong>perinde</strong></span> <span class='ocrx_word' id='word_1_218' title='bbox 1279 3433 1315 3476; x_wconf 89' lang='lat' dir='ltr'><strong>ac</strong></span> 
     </span>
     <span class='ocr_line' id='line_1_28' title="bbox 117 3516 1316 3603; baseline -0.001 -20"><span class='ocrx_word' id='word_1_219' title='bbox 117 3521 147 3584; x_wconf 89' lang='lat' dir='ltr'><strong>si</strong></span> <span class='ocrx_word' id='word_1_220' title='bbox 172 3518 314 3583; x_wconf 84' lang='lat' dir='ltr'><strong>eximius</strong></span> <span class='ocrx_word' id='word_1_221' title='bbox 344 3521 436 3602; x_wconf 74' lang='lat' dir='ltr'><strong>poeta</strong></span> <span class='ocrx_word' id='word_1_222' title='bbox 465 3538 528 3582; x_wconf 96' lang='lat' dir='ltr'><strong>non</strong></span> <span class='ocrx_word' id='word_1_223' title='bbox 551 3516 624 3582; x_wconf 89' lang='lat' dir='ltr'><strong>ficta</strong></span> <span class='ocrx_word' id='word_1_224' title='bbox 648 3524 773 3584; x_wconf 76' lang='lat' dir='ltr'><strong>caneret</strong></span> <span class='ocrx_word' id='word_1_225' title='bbox 796 3519 850 3583; x_wconf 91' lang='lat' dir='ltr'><strong>sed</strong></span> <span class='ocrx_word' id='word_1_226' title='bbox 873 3540 948 3584; x_wconf 84' lang='lat' dir='ltr'><strong>vera</strong></span> <span class='ocrx_word' id='word_1_227' title='bbox 971 3524 1131 3595; x_wconf 89' lang='lat' dir='ltr'><strong>narraret,</strong></span> <span class='ocrx_word' id='word_1_228' title='bbox 1156 3521 1316 3603; x_wconf 81' lang='lat' dir='ltr'><strong>perspexit</strong></span> 
     </span>
     <span class='ocr_line' id='line_1_29' title="bbox 116 3622 1316 3707; baseline 0.001 -19"><span class='ocrx_word' id='word_1_229' title='bbox 116 3627 154 3688; x_wconf 91' lang='lat' dir='ltr'><strong>in</strong></span> <span class='ocrx_word' id='word_1_230' title='bbox 179 3622 271 3688; x_wconf 87' lang='lat' dir='ltr'><strong>Iliad.</strong></span> <span class='ocrx_word' id='word_1_231' title='bbox 299 3633 331 3685; x_wconf 87' lang='lat' dir='ltr'><strong>B.</strong></span> <span class='ocrx_word' id='word_1_232' title='bbox 362 3622 566 3707; x_wconf 87' lang='lat' dir='ltr'><strong>interpolatos</strong></span> <span class='ocrx_word' id='word_1_233' title='bbox 590 3645 655 3688; x_wconf 92' lang='lat' dir='ltr'><strong>esse</strong></span> <span class='ocrx_word' id='word_1_234' title='bbox 679 3645 788 3689; x_wconf 86' lang='lat' dir='ltr'><strong>versus</strong></span> <span class='ocrx_word' id='word_1_235' title='bbox 814 3622 957 3689; x_wconf 79' lang='lat'>76-83.</span> <span class='ocrx_word' id='word_1_236' title='bbox 1007 3623 1164 3688; x_wconf 77' lang='lat' dir='ltr'><strong>Sedebant</strong></span> <span class='ocrx_word' id='word_1_237' title='bbox 1187 3626 1221 3688; x_wconf 88' lang='lat' dir='ltr'><strong>in</strong></span> <span class='ocrx_word' id='word_1_238' title='bbox 1246 3644 1316 3689; x_wconf 91' lang='lat' dir='ltr'><strong>oon-</strong></span> 
     </span>
     <span class='ocr_line' id='line_1_30' title="bbox 118 3729 1313 3814; baseline 0 -20"><span class='ocrx_word' id='word_1_239' title='bbox 118 3729 199 3794; x_wconf 87' lang='lat' dir='ltr'><strong>ciIio</strong></span> <span class='ocrx_word' id='word_1_240' title='bbox 225 3748 313 3792; x_wconf 92' lang='lat' dir='ltr'><strong>senes</strong></span> <span class='ocrx_word' id='word_1_241' title='bbox 341 3732 372 3792; x_wconf 86' lang='lat' dir='ltr'><strong>et</strong></span> <span class='ocrx_word' id='word_1_242' title='bbox 394 3729 616 3814; x_wconf 81' lang='lat' dir='ltr'><strong>Agamemnon</strong></span> <span class='ocrx_word' id='word_1_243' title='bbox 640 3730 768 3808; x_wconf 85' lang='lat' dir='ltr'><strong>sedens,</strong></span> <span class='ocrx_word' id='word_1_244' title='bbox 792 3750 855 3794; x_wconf 92' lang='lat' dir='ltr'><strong>non</strong></span> <span class='ocrx_word' id='word_1_245' title='bbox 879 3735 981 3806; x_wconf 89' lang='lat' dir='ltr'><strong>stans,</strong></span> <span class='ocrx_word' id='word_1_246' title='bbox 1008 3731 1090 3794; x_wconf 81' lang='lat' dir='ltr'><strong>dixit</strong></span> <span class='ocrx_word' id='word_1_247' title='bbox 1114 3732 1313 3794; x_wconf 87' lang='lat' dir='ltr'><strong>sententiam.</strong></span> 
     </span>
     <span class='ocr_line' id='line_1_31' title="bbox 116 3835 555 3920; baseline -0.005 -20"><span class='ocrx_word' id='word_1_248' title='bbox 116 3835 240 3920; x_wconf 88' lang='lat' dir='ltr'><strong>Itaque</strong></span> <span class='ocrx_word' id='word_1_249' title='bbox 263 3854 448 3919; x_wconf 88' lang='lat' dir='ltr'><strong>perversum</strong></span> <span class='ocrx_word' id='word_1_250' title='bbox 472 3841 555 3900; x_wconf 80' lang='lat' dir='ltr'><strong>estz&#39;</strong></span> 
     </span>
    </p>

    <p class='ocr_par' dir='ltr' id='par_1_9' title="bbox 119 3937 1316 4450">
     <span class='ocr_line' id='line_1_32' title="bbox 402 3937 1016 4021; baseline 0.002 -16"><span class='ocrx_word' id='word_1_251' title='bbox 402 3939 466 4015; x_wconf 75' lang='grc' dir='ltr'><strong><em>ἤτοι</em></strong></span> <span class='ocrx_word' id='word_1_252' title='bbox 491 3939 540 4020; x_wconf 73' lang='grc' dir='ltr'><strong>ὅγ’</strong></span> <span class='ocrx_word' id='word_1_253' title='bbox 565 3939 603 4014; x_wconf 89' lang='grc' dir='ltr'><strong><em>ῶς</em></strong></span> <span class='ocrx_word' id='word_1_254' title='bbox 627 3944 732 4008; x_wconf 81' lang='grc' dir='ltr'><strong><em>ιειτῶν</em></strong></span> <span class='ocrx_word' id='word_1_255' title='bbox 757 3943 827 4006; x_wconf 85' lang='grc' dir='ltr'><strong><em>κατ’</em></strong></span> <span class='ocrx_word' id='word_1_256' title='bbox 852 3941 899 4021; x_wconf 73' lang='grc' dir='ltr'><strong>ἄρ’</strong></span> <span class='ocrx_word' id='word_1_257' title='bbox 923 3937 1016 4020; x_wconf 74' lang='grc' dir='ltr'><strong><em>ἕζετο.</em></strong></span> 
     </span>
     <span class='ocr_line' id='line_1_33' title="bbox 119 4045 1316 4134; baseline 0.005 -25"><span class='ocrx_word' id='word_1_258' title='bbox 119 4052 154 4116; x_wconf 76' lang='grc' dir='ltr'><strong>οὐ</strong></span> <span class='ocrx_word' id='word_1_259' title='bbox 200 4045 265 4126; x_wconf 73' lang='grc' dir='ltr'><strong>γὰρ</strong></span> <span class='ocrx_word' id='word_1_260' title='bbox 299 4046 375 4126; x_wconf 61' lang='lat' dir='ltr'><strong>epate</strong></span> <span class='ocrx_word' id='word_1_261' title='bbox 407 4049 534 4134; x_wconf 76' lang='grc' dir='ltr'><strong><em>εἰρήκει,</em></strong></span> <span class='ocrx_word' id='word_1_262' title='bbox 565 4051 681 4134; x_wconf 82' lang='lat' dir='ltr'><strong>inquit.</strong></span> <span class='ocrx_word' id='word_1_263' title='bbox 734 4048 856 4113; x_wconf 81' lang='lat' dir='ltr'><strong>Deiude</strong></span> <span class='ocrx_word' id='word_1_264' title='bbox 887 4048 969 4113; x_wconf 78' lang='grc' dir='ltr'><strong><em>οὐδὲν</em></strong></span> <span class='ocrx_word' id='word_1_265' title='bbox 1003 4048 1142 4126; x_wconf 77' lang='grc' dir='ltr'><strong><em>περισσῶν</em></strong></span> <span class='ocrx_word' id='word_1_266' title='bbox 1173 4049 1261 4128; x_wconf 89' lang='grc' dir='ltr'><strong><em>λέγει</em></strong></span> <span class='ocrx_word' id='word_1_267' title='bbox 1303 4051 1316 4115; x_wconf 81' lang='grc' dir='ltr'><em>ὂ</em></span> 
     </span>
     <span class='ocr_line' id='line_1_34' title="bbox 120 4153 638 4233; baseline -0.004 -13"><span class='ocrx_word' id='word_1_268' title='bbox 120 4155 236 4233; x_wconf 81' lang='grc' dir='ltr'><strong><em>Νέςνιρ</em></strong></span> <span class='ocrx_word' id='word_1_269' title='bbox 261 4153 313 4217; x_wconf 78' lang='grc' dir='ltr'><strong>καί</strong></span> <span class='ocrx_word' id='word_1_270' title='bbox 339 4153 441 4228; x_wconf 79' lang='grc' dir='ltr'><strong><em>εὔνίες</em></strong></span> <span class='ocrx_word' id='word_1_271' title='bbox 466 4158 500 4218; x_wconf 76' lang='grc' dir='ltr'><strong>τὸ</strong></span> <span class='ocrx_word' id='word_1_272' title='bbox 526 4156 638 4219; x_wconf 84' lang='grc' dir='ltr'><strong><em>είτεῖν·</em></strong></span> 
     </span>
     <span class='ocr_line' id='line_1_35' title="bbox 312 4257 1099 4342; baseline 0.004 -20"><span class='ocrx_word' id='word_1_273' title='bbox 312 4260 336 4323; x_wconf 90' lang='grc' dir='ltr'><strong><em>εί</em></strong></span> <span class='ocrx_word' id='word_1_274' title='bbox 360 4258 417 4336; x_wconf 77' lang='grc' dir='ltr'><strong>μέν</strong></span> <span class='ocrx_word' id='word_1_275' title='bbox 440 4283 486 4331; x_wconf 83' lang='grc' dir='ltr'><strong><em>τις</em></strong></span> <span class='ocrx_word' id='word_1_276' title='bbox 510 4266 560 4325; x_wconf 84' lang='grc' dir='ltr'><strong>τὸν</strong></span> <span class='ocrx_word' id='word_1_277' title='bbox 584 4259 687 4342; x_wconf 79' lang='grc' dir='ltr'><strong><em>ίνειρνν</em></strong></span> <span class='ocrx_word' id='word_1_278' title='bbox 712 4261 850 4342; x_wconf 81' lang='grc' dir='ltr'><strong><em>Ἀχαιῶν</em></strong></span> <span class='ocrx_word' id='word_1_279' title='bbox 874 4257 969 4334; x_wconf 83' lang='grc' dir='ltr'><strong><em>ν’ίλλνς</em></strong></span> <span class='ocrx_word' id='word_1_280' title='bbox 996 4260 1099 4326; x_wconf 82' lang='grc' dir='ltr'><strong><em>ἐνίετε</em></strong></span> 
     </span>
     <span class='ocr_line' id='line_1_36' title="bbox 314 4364 651 4450; baseline 0.009 -22"><span class='ocrx_word' id='word_1_281' title='bbox 314 4364 424 4444; x_wconf 77' lang='grc' dir='ltr'><strong><em>ψεῦδός</em></strong></span> <span class='ocrx_word' id='word_1_282' title='bbox 449 4390 499 4429; x_wconf 92' lang='grc' dir='ltr'><strong><em>κεν</em></strong></span> <span class='ocrx_word' id='word_1_283' title='bbox 520 4371 651 4450; x_wconf 81' lang='grc' dir='ltr'><strong><em>φαῖμεν.</em></strong></span> 
     </span>
    </p>
   </div>
   <div class='ocr_carea' id='block_1_7' title="bbox 0 0 1542 4970">
    <p class='ocr_par' dir='ltr' id='par_1_10' title="bbox 0 0 1542 4970">
     <span class='ocr_line' id='line_1_37' title="bbox 0 0 1542 4970; baseline 0 0"><span class='ocrx_word' id='word_1_284' title='bbox 0 0 1542 4970; x_wconf 95' lang='lat' dir='ltr'><strong> </strong></span> 
     </span>
    </p>
   </div>
  </div>
 </body>
</html>
