3080 4972
768 210 815 260 ΧΠ

185 437 248 481 non
278 412 503 502 intelligebant
535 416 566 478 et
598 433 678 498 quae
702 412 781 478 olim
804 414 838 477 in
863 410 1106 478 desuetudinem
1130 404 1292 476 abierant:
1319 410 1388 474 airr-

187 545 290 617 μῶσαι
322 535 398 623 quid
429 537 472 601 sit
497 537 667 614 nesciunt,
702 535 779 600 dant
809 533 985 614 ότιμοὶσαι;
1019 532 1158 616 δεκάζειν
1185 553 1248 598 non
1271 535 1389 598 norunt

191 660 371 747 (δωροδοκεῖν
405 657 474 725 σινοό
506 660 569 744 ipsi
601 658 778 743 dicebant),
808 662 964 744 reponunt
988 655 1129 737 δικάζειν.
1177 655 1248 721 Νοω
1270 651 1389 718 intelli-

188 787 270 870 gunt
312 782 389 868 quid
430 783 473 847 sit
516 779 687 859 εἴλημμαι,
726 779 877 861 ε’ληχόην,
919 777 1026 857 λῆξις,
1064 776 1138 844 vide
1174 775 1276 863 igitur
1310 774 1388 861 quid

188 902 437 990 designaverint:
463 922 536 988 pag.
562 897 639 967 873.
663 899 716 966 24.
739 900 792 976 ἤδη
814 899 911 982 τούτῳ
932 900 1064 974 ταυτησὶ
1091 907 1144 974 τῆς
1166 896 1250 971 δόκης
1272 899 1387 975 einey-

187 1023 292 1101 μένης.
324 1029 356 1089 et
382 1043 455 1110 pag.
483 1021 558 1086 990.
586 1022 638 1087 11.
663 1028 721 1086 τῶν
746 1023 915 1098 teudardo
938 1021 1009 1088 τότε
1034 1023 1226 1102 λθχόειοῶν.
1254 1023 1287 1085 et
1310 1039 1385 1107 pag.

189 1145 286 1212 1265.
320 1144 374 1210 22.
407 1143 462 1224 πρὸ
486 1147 540 1209 τοῦ
563 1145 618 1220 την
641 1143 725 1218 δίκην
749 1145 936 1224 ΔΕΙχόῆναι
961 1143 1019 1230 (sic
1041 1141 1074 1209 S.
1101 1141 1159 1208 alii
1183 1139 1382 1228 Λθχόῆναι).

188 1267 378 1333 Rectissime
410 1263 544 1331 Wolfius
573 1265 776 1344 εἰληγμένης,
815 1266 1000 1346 ληχθεισῶν,
1040 1266 1193 1345 ληχόῆναι
1228 1263 1383 1329 rest'tuit.

191 1388 299 1455 Etiam
329 1385 418 1464 λῆξις
448 1390 483 1453 in
513 1385 595 1464 λέξις
628 1393 774 1454 mutatur
805 1409 879 1476 pag.
915 1383 991 1455 727.
1021 1387 1052 1452 6.
1079 1387 1112 1452 ἐν
1136 1395 1192 1461 τῆς
1215 1383 1326 1460 λέξεως
1351 1382 1384 1450 S.

191 1511 246 1577 sed
275 1513 379 1597 prima
401 1531 516 1575 manus
539 1513 573 1575 in
597 1512 743 1597 margine
770 1508 884 1585 λήξεως
909 1510 1087 1594 adscripsit.
1136 1508 1386 1594 Harpocration,

191 1633 248 1698 flos
279 1637 311 1698 et
341 1632 437 1698 robur
467 1633 771 1720 grammaticorum,
806 1633 840 1697 in
871 1655 901 1698 v.
934 1629 1144 1712 Ληξιαρχικον
1169 1638 1388 1710 γραμματεῖον

190 1759 298 1820 narrat
327 1775 394 1820 esse
418 1752 614 1840 appellatum
639 1753 689 1818 ue
713 1753 748 1818 τὸ
772 1760 830 1820 τῶν
852 1753 966 1832 λήξεων
990 1750 1109 1834 ἄρχειν.
1135 1751 1237 1830 λήξειε
1262 1752 1287 1817 δ’
1313 1752 1388 1818 εἰσὶν

192 1875 216 1944 οἱ
248 1887 360 1958 κλῆροι.
408 1876 473 1942 Ubi
503 1875 588 1943 docti
620 1881 688 1943 tam
719 1877 840 1943 indocti
875 1881 950 1944 sunt
984 1875 1165 1944 desinamus
1198 1894 1266 1941 sero
1297 1877 1389 1940 natos

195 1995 437 2064 correctorculos
462 2001 633 2085 exagitare.
739 2045 741 2050 -

238 2117 302 2183 ceo
325 2139 388 2184 non
411 2124 538 2185 tantum
564 2121 596 2184 in
623 2120 797 2205 antiquatis
821 2123 853 2185 et
873 2119 1022 2186 obsoletis
1042 2119 1205 2186 vocabulis
1220 2118 1299 2184 talia
1317 2139 1389 2204 peo-
1450 2217 1454 2223 ⁸

195 2240 313 2305 cabant.
367 2240 445 2319 Quis
476 2261 586 2307 eorum
619 2244 738 2307 nescire
767 2245 892 2329 poterat
923 2240 999 2326 quid
1023 2243 1105 2306 inter
1129 2241 1239 2320 όμόσαι
1263 2245 1295 2306 et
1318 2240 1389 2318 ὃμο-

193 2369 327 2439 λονῆσαι
363 2361 550 2428 interesset?
605 2363 708 2429 Nemo
742 2362 857 2430 hercle.
916 2363 1125 2456 Inspiciamus
1159 2362 1274 2429 libros:
1310 2383 1386 2449 pag.

192 2482 268 2548 236.
295 2482 326 2548 8.
352 2484 454 2558 ἐπειδη
479 2484 541 2564 γὰρ
564 2485 694 2564 ὤμοσε
720 2485 773 2558 νην
801 2483 928 2562 εἰρήνην,
958 2484 1012 2551 sed
1035 2487 1068 2549 in
1092 2483 1116 2548 S
1140 2488 1172 2550 et
1195 2482 1386 2569 quibusdam

193 2604 264 2671 aliis
284 2580 466 2683 ωμολόνησε
489 2600 655 2682 scribitur,
677 2606 761 2692 quod
778 2604 960 2672 Dindorfius
980 2608 1192 2694 incogitanter
1212 2607 1246 2670 in
1262 2609 1388 2670 textum

191 2730 319 2812 recepit.
368 2727 458 2792 Idem
483 2747 567 2792 error
592 2732 623 2792 et
648 2726 726 2793 alibi
749 2729 939 2793 commissus
959 2731 1007 2792 est
1029 2726 1082 2812 (of.
1102 2727 1179 2792 Νοο.
1200 2727 1293 2792 Lecti.
1315 2747 1391 2813 pag.

193 2847 271 2934 516)
305 2853 337 2913 et
369 2869 444 2935 pag.
482 2846 579 2914 1170.
615 2849 668 2915 14.
700 2850 770 2924 σοὺς
796 2848 877 2922 θεοὺς
902 2845 950 2919 οὓς
976 2845 1157 2926 ὠμόσαμεν,
1183 2847 1205 2913 S
1227 2846 1389 2924 ὡμολογή·

191 2993 300 3048 σαμεν.
326 2975 358 3036 et
381 2981 451 3056 post
475 2992 575 3056 peuce
597 2993 670 3059 pag.
699 2969 797 3038 1170.
824 2969 879 3036 24.
904 2970 969 3034 ἐπεὶ
995 2970 1020 3035 δ’
1042 2968 1206 3049 ὠμόσαμεν
1226 2967 1387 3043 ἀλληλοις.

192 3091 215 3158 S
240 3095 358 3157 iterum
384 3094 643 3171 ὡμολογήσαμεν.
668 3095 724 3159 ubi
747 3092 887 3159 Dindorf
907 3089 1102 3171 ,ὀμόσαντες
1123 3093 1156 3155 iu
1176 3091 1389 3168 ὁμολογήσαν-

191 3238 243 3285 σες
264 3220 432 3297 correptum
445 3238 516 3298 pap.
542 3213 638 3279 1032.
662 3214 714 3280 18.
734 3213 844 3292 όμόσαι
865 3214 898 3276 in
918 3214 1188 3296 όμολογνῑσαιωωη.
1203 3211 1301 3278 1269.
1316 3212 1391 3278 26.”

193 3334 350 3401 Similiter
378 3357 452 3423 pag.
487 3332 563 3400 378.
600 3334 650 3400 19.
682 3337 742 3414 ἐγὼ
774 3336 830 3412 μὲν
856 3334 891 3409 δη
914 3332 1117 3413 ἐξωμοσάμην
1143 3334 1195 3398 καὶ
1216 3337 1329 3399 -οὐιι
1351 3334 1389 3400 όιν

192 3455 269 3538 ἔφην
293 3457 452 3533 οὶιεελόεῖν,
478 3455 500 3522 S
524 3457 673 3522 mendose
697 3462 730 3522 et
753 3459 821 3522 sine
843 3477 936 3522 sensu
956 3454 1252 3542 ἕξωμολογησοόμην.
1301 3455 1391 3520 Non-

190 3569 366 3662 numquam
400 3581 556 3645 oontrario
590 3599 691 3644 errore
724 3585 872 3664 peccetur
903 3584 940 3644 ut
973 3600 1047 3666 pag.
1072 3576 1148 3643 460.
1174 3577 1228 3646 21.
1251 3579 1309 3644 ubi
1333 3600 1390 3664 pro

191 3701 433 3779 ὡμολογημένων
458 3702 486 3766 Α
510 3703 624 3766 vitiose
648 3702 778 3767 exhibet
801 3699 1037 3781 ὀμωμοσμένων.

236 3821 397 3887 Nonnulla
427 3823 465 3888 de
497 3844 612 3912 genere
643 3824 702 3888 hon
731 3828 805 3888 sunt
828 3844 926 3908 paene
950 3822 1095 3889 ridicula.
1146 3823 1211 3889 Ubi
1234 3824 1391 3907 sententia

190 3944 332 4030 postulat
353 3946 491 4030 facilius
522 3945 597 4011 libri
629 3945 728 4030 ῥοίδιον
760 3945 910 4011 exhibent
943 3947 1152 4030 ineptissime.
1201 3945 1260 4008 Est
1282 3948 1392 4009 tamen

190 4068 249 4132 hoo
282 4088 382 4155 genus
404 4069 513 4134 mendi
538 4069 751 4154 perfrequens.
800 4068 893 4153 Apud
918 4067 1051 4154 Lysiam
1075 4087 1149 4155 pag.
1178 4064 1253 4132 128.
1279 4064 1333 4130 24.
1358 4066 1392 4131 in

192 4188 283 4255 libris
314 4195 376 4256 eet:
410 4192 490 4257 πολὺ
521 4190 656 4275 ῥοίδιον
690 4193 827 4270 ἡγοῦμαι
858 4185 933 4254 εἶναι
954 4226 995 4237 -
1014 4189 1171 4254 ἀντειπεῖν
1191 4183 1233 4252 ’Ἢ
1254 4226 1295 4236 -
1315 4189 1392 4253 uino·

192 4311 398 4390 λοννὶσιισθαι.
448 4313 590 4380 Tandem
617 4313 768 4378 Reiskius
791 4316 862 4396 ῥᾷον
891 4312 1045 4396 reposuit.
1095 4309 1156 4377 Sed
1181 4329 1275 4376 nemo
1299 4331 1392 4396 opem
