3034 4968
633 231 697 302 lto

99 422 208 487 inlatis
229 424 423 490 membranis
446 423 489 497 εἰς
513 424 629 496 καλλος
651 422 864 504 γεγραμμένοι
889 425 992 490 literis
1016 425 1178 510 quadratis
1198 427 1266 494 sive

98 529 251 594 uncialibus
280 551 399 618 magna
425 551 501 596 cura
530 537 563 596 et
593 535 660 596 arte
692 535 781 594 crant
814 530 982 614 elaborati3
1015 530 1071 595 alii
1100 533 1140 603 εἰς
1164 533 1265 614 ταχος

98 635 285 714 γεγραμμένοι
317 637 368 700 διὰ
393 636 525 713 σημείων
549 639 678 702 minuta
700 636 755 700 sed
778 635 975 722 pereleganti
998 639 1155 723 scriptura
1177 639 1267 704 habi-

98 740 134 804 les
153 741 188 805 ad
207 763 357 816 manum,
377 763 440 807 non
459 746 573 830 magni
589 742 754 827 ponderis,
767 744 851 806 notis
863 752 895 805 et
906 743 1102 826 compendiis
1113 743 1266 810 distincti.

98 846 136 912 lle
159 847 211 912 illo
239 869 353 935 genere
384 847 539 913 Libanius
570 848 681 913 scribit
703 845 728 911 1.
759 845 834 913 214.
859 846 889 911 2.
914 846 1268 924 circumterminatur

97 951 176 1028 νόμον
206 953 336 1029 μάθησιν
373 954 490 1040 (sermo
525 959 572 1018 eet
608 953 646 1017 de
681 952 878 1018 adolescente
912 956 968 1038 qui
1002 954 1268 1038 iurisprudentiae

96 1078 203 1142 operam
234 1060 366 1124 daturus
396 1062 430 1123 in
461 1059 670 1146 Berytensem
703 1058 846 1122 scholam
872 1061 1030 1144 mittitur)
1055 1097 1097 1108 -
1124 1059 1267 1142 διφθέρας

97 1163 142 1238 μὲν
163 1173 342 1228 ΠΑΧΕΙΑΟ
362 1188 398 1228 τε
419 1165 471 1229 καὶ
492 1173 714 1229 HAATEIAC
734 1164 777 1228 rat
799 1163 921 1241 γόνατα
933 1165 1127 1244 βαρυνούσας
1141 1165 1266 1251 ἔφερεν,

96 1268 172 1352 plane
192 1275 228 1334 ut
249 1269 469 1356 Hieronymus
490 1271 573 1335 dixit
591 1275 666 1335 noto
685 1269 771 1335 loco:
800 1271 948 1346 „habebat
967 1277 1019 1357 qui
1036 1273 1140 1336 οονινιιο
1158 1280 1268 1338 celerer

96 1375 172 1438 urla
201 1377 234 1438 ν’νι
262 1376 438 1440 membranis
469 1376 630 1459 deacrc'qrtoc
660 1376 843 1459 meatum,
876 1384 910 1440 ut
932 1381 1018 1458 οιιῖμο
1041 1378 1145 1455 aiunt,
1170 1379 1268 1443 litem

97 1501 173 1543 νοονο
192 1487 282 1562 raupta
305 1489 429 1546 οοανοοα
453 1505 539 1567 quam
563 1480 705 1545 codicea.''

131 1585 203 1652 Tam
231 1591 345 1676 magni
375 1588 522 1673 ponderis
545 1587 644 1652 libros
667 1587 787 1653 servuli
808 1587 939 1652 οοιαενὶι
961 1589 1138 1675 gestabant.
1174 1589 1265 1656 Tum.

94 1693 141 1756 ΠΙ.
169 1693 240 1758 145.
276 1694 305 1758 l.
338 1700 397 1758 τῶν
423 1694 546 1758 οἰκετῶν
571 1730 614 1741 -
638 1686 665 1756 οἳ
688 1691 813 1773 Φέροοσι
836 1695 879 1772 τῷ
904 1694 992 1757 παιδὶ
1014 1694 1057 1757 τοὶ
1082 1693 1209 1773 βιβλίον.
1234 1702 1268 1762 et

94 1797 126 1862 ll.
142 1799 192 1864 81.
213 1799 242 1864 l.
267 1803 292 1865 οἱ
312 1801 356 1864 τοὶ
375 1783 493 1877 βιβλία
511 1809 574 1872 τοῖς
597 1799 670 1870 νέοις
691 1800 943 1865 ’61]’ὯΜΩΝ
965 1801 1120 1880 Φέροντες.
1144 1799 1266 1889 Magno

94 1908 252 1970 constitisse
288 1905 422 1992 colligas
454 1925 493 1970 ex
529 1904 619 1969 Tum.
655 1905 699 1968 Π.
738 1901 814 1969 289.
852 1905 1028 1980 ιὶννλώκανι
1064 1905 1107 1969 τιὶ
1142 1906 1266 1972 εἰωθότα

94 2009 195 2086 βιβλία
223 2037 259 2075 τε
291 2010 448 2088 ὠνούμενοι
481 2011 533 2074 καὶ
562 2012 668 2087 μισθὸν
699 2015 870 2083 τελοῦντες.
907 2010 1008 2076 Pauci
1038 2011 1170 2097 quidam
1190 2011 1268 2078 libri

94 2115 260 2205 degenere
290 2117 350 2182 hoc
381 2116 476 2204 longe
508 2118 719 2209 vetustissimi
751 2117 791 2181 ad
820 2122 961 2182 nostram
993 2123 1132 2183 aetatem
1154 2121 1268 2204 perdu-

92 2230 196 2289 urunt.

130 2329 262 2397 Alterius
286 2334 411 2418 generis
434 2331 555 2396 librum
580 2330 730 2407 brevem,
755 2330 879 2416 levem,
903 2332 1045 2398 habilem
1070 2334 1110 2399 ad
1133 2353 1267 2398 manum

91 2436 191 2501 multis
220 2437 386 2522 descripsit
416 2436 570 2501 Libanius
593 2435 683 2500 llum.
706 2435 730 2500 Ι.
757 2435 833 2502 100.
860 2438 944 2503 unde
967 2460 1068 2523 pauca
1090 2440 1267 2527 proferam:

93 2537 121 2614 ἦν
139 2569 185 2621 μοι
207 2544 335 2633 (inquit)
364 2545 380 2617 ἡ
407 2543 588 2607 Θουκυδίδου
621 2543 795 2623 συγγραφὴ
826 2544 1009 2622 γράμματα
1033 2547 1089 2622 μὲν
1114 2547 1143 2610 ἕν
1167 2544 1269 2625 μικρό-

91 2673 150 2722 τντι
172 2653 345 2731 χαρίεντα,
369 2652 404 2715 τὸ
429 2650 460 2714 δὲ
484 2651 613 2725 σύμπαν
638 2645 713 2713 οὕτω
733 2648 831 2732 ῥοίδιον
851 2651 954 2731 φέρειν
974 2648 1026 2718 ὦς’
1047 2652 1139 2723 αὐτὸς
1161 2649 1267 2734 ἔφερον

91 2757 186 2830 παιδὸς
207 2757 460 2828 ἀκολουθοῦντος·
485 2755 537 2820 καὶ
562 2755 596 2818 τὸ
621 2755 743 2836 φορτίον
766 2753 872 2835 τέρψις
898 2752 941 2830 ἦν.
989 2755 1069 2822 'Pam
1092 2758 1199 2823 multa
1219 2762 1268 2822 est

90 2868 198 2929 mentio
221 2870 252 2930 et
275 2863 361 2948 apud
385 2859 544 2927 Galerium
564 2869 596 2924 et
620 2860 705 2944 apud
726 2862 835 2945 ipsum
858 2860 1030 2926 Libanium
1051 2869 1110 2926 τῶν
1122 2864 1265 2939 σημείων,

91 2970 194 3050 quibus
214 2973 240 3034 ci
265 2971 307 3041 εἰς
339 2967 439 3046 ταχος
467 2967 643 3046 γράφοντες
676 2969 744 3032 sive
772 2968 797 3029 ci
827 2967 1052 3049 ονμειονρνὶφοι
1074 2970 1266 3048 utebantur,

90 3077 121 3136 ut
146 3075 246 3140 facilis
269 3077 311 3139 sit
335 3076 515 3138 coniectura
538 3093 617 3158 opus
643 3071 890 3158 Thucydideum
910 3075 944 3136 in
964 3077 1032 3137 tam
1053 3073 1182 3142 brevem
1201 3095 1269 3140 mo
1317 3093 1318 3096 ’

89 3177 145 3243 lem
164 3185 360 3246 contractum
372 3179 593 3243 huiuscemodi
604 3181 688 3242 notis
701 3177 959 3262 compendiisquc
972 3185 1137 3244 exaratum
1149 3181 1264 3258 fuisse,

90 3303 160 3368 quae
182 3289 340 3352 cernimus
358 3288 393 3349 in
411 3283 477 3349 illis
497 3281 685 3361 (lodicibus,
706 3287 762 3369 qui
781 3283 935 3370 permulti
955 3289 1092 3350 aetatem
1113 3287 1267 3352 tulerumt.

89 3389 189 3476 ltaque
219 3394 318 3458 etiam
350 3394 385 3455 in
412 3393 454 3454 iis
483 3389 592 3466 libris,
626 3392 681 3474 qui
713 3389 829 3454 multis
863 3390 997 3456 saeculis
1031 3397 1104 3456 ante
1139 3389 1269 3458 Codices

88 3495 172 3562 hodie
206 3499 393 3583 superstites
425 3498 534 3581 scripti
564 3496 711 3572 fuerunt,
743 3495 854 3560 eadem
886 3501 933 3560 est
965 3496 1082 3582 triplex
1115 3501 1270 3564 vitiorum

89 3605 185 3690 origo:
217 3609 273 3670 aut
304 3602 431 3667 litterae
462 3601 633 3685 quadratae
663 3601 766 3666 forma
795 3603 878 3666 inter
901 3622 933 3666 se
957 3602 1080 3667 similes
1102 3605 1271 3671 confunde-

88 3705 211 3786 bantur,
249 3715 305 3774 aut
340 3729 379 3773 ex
414 3707 609 3793 compendiis
643 3705 729 3771 male
763 3705 854 3771 lectis
890 3713 946 3771 aut
979 3706 1065 3772 male
1098 3709 1271 3776 intellectis

87 3815 195 3880 menda
217 3816 439 3891 nascebantur,
466 3818 522 3878 aut
540 3811 623 3877 liber
642 3812 776 3876 detritus
794 3817 826 3876 et
845 3831 990 3896 perrosua
1008 3813 1153 3901 fugiente
1173 3820 1269 3902 scrip·

87 3921 153 3984 tura
168 3923 202 3984 in
219 3920 303 3986 libro
325 3921 419 3984 rimis
442 3920 608 3984 fatiscente
631 3921 843 3982 correctorum
865 3918 975 3983 futiles
998 3923 1030 3982 et
1053 3922 1176 4006 ineptas
1200 3943 1268 3988 con·

87 4024 216 4092 iecturas
235 4027 394 4092 eliciebat.
432 4025 601 4091 Praeterea
620 4023 814 4088 emblemata
838 4029 870 4088 ct
892 4023 1049 4089 lectorum
1070 4032 1270 4093 annotatiun-

88 4128 189 4206 culae,
223 4139 255 4198 et
288 4138 435 4198 veterum
465 4130 635 4197 verborum
664 4131 954 4214 interpretationes,
987 4134 1019 4195 et
1054 4132 1271 4200 additamenta

87 4253 174 4303 omne
204 4259 306 4326 genus
336 4237 465 4323 perinde
494 4235 568 4301 illos
598 4234 696 4299 libros
726 4237 849 4300 ueteres
881 4256 917 4302 ac
947 4240 1069 4302 nostros
1092 4258 1272 4306 commacu·

88 4337 199 4408 labant.
