3096 4972
757 234 822 309 574

192 432 252 491 εον
276 427 354 505 ἐμοι
377 429 749 494 'errerrammenor
773 423 848 495 ὅταν
870 427 1005 507 τοῦνομα
1028 429 1082 495 καὶ
1102 431 1139 494 ‘o
1162 437 1308 496 nauus
1330 429 1383 495 και

194 535 211 608 ἡ
236 533 322 616 φυλὴ
346 533 397 597 καὶ
422 531 516 598 σαντ’
541 531 559 616 ᾗ
583 533 707 611 sadech

236 709 429 798 Priusquam
457 714 596 796 priorem
629 714 664 776 in
690 713 942 801 Aristogn'tonem
966 716 1140 778 orationem
1164 714 1321 800 deponam
1345 715 1385 780 de

193 818 341 883 manibus
371 819 480 902 paucis
510 819 656 884 indicabo
686 839 766 904 quae
797 820 880 885 mihi
909 822 944 884 in
967 819 1026 884 hac
1049 839 1143 884 causa
1166 819 1384 906 cognoscenda

192 923 270 986 satis
294 927 379 988 certa
402 927 435 987 et
458 929 619 1008 comperta
641 926 714 989 sint.
891 915 893 918 ⁵
1201 933 1202 936 ’

236 1026 396 1092 Incertum
419 1049 482 1114 quo
504 1049 586 1094 anno
608 1029 663 1095 sed
685 1050 748 1095 non
769 1033 816 1096 ita
837 1030 943 1096 multo
965 1034 1038 1095 ante
1060 1049 1157 1114 quam
1176 1030 1381 1116 Aristogiton

194 1130 260 1209 περὶ
294 1136 352 1196 τῶν
387 1134 578 1212 Ἁρπαλείων
613 1155 742 1201 causam
777 1136 859 1201 dixit
894 1134 940 1221 (id
970 1142 1018 1199 est
1046 1137 1119 1200 ente
1150 1155 1271 1199 annum
1299 1133 1382 1218 324)

194 1235 364 1324 Lycurgus
405 1239 632 1327 Aristogitonis
676 1261 792 1306 nomen
829 1241 945 1306 detulit
982 1239 1132 1323 (ἐνέδειξε)
1169 1240 1386 1325 subscriptore

191 1362 269 1406 usus
300 1362 363 1407 non
393 1342 623 1429 Demosthene,
655 1346 710 1411 sed
740 1344 922 1432 Hyperide,
955 1347 1011 1430 qui
1040 1347 1154 1430 septies
1184 1365 1203 1409 a
1230 1343 1385 1411 scelerato

192 1446 387 1532 sycophanta
415 1452 449 1513 in
479 1450 637 1515 iudicium
667 1451 705 1515 de
737 1453 839 1535 capite
866 1450 1022 1516 adductus
1044 1455 1077 1516 et
1098 1451 1194 1515 toties
1217 1449 1385 1516 absolutus

193 1556 334 1617 veterem
356 1554 526 1619 inimicum
549 1558 594 1620 sic
615 1554 789 1621 ulciscitur.

237 1655 378 1742 Utraque
409 1661 509 1726 oratio
540 1665 678 1726 aetatem
707 1661 784 1726 tulit
814 1663 848 1725 in
878 1661 1106 1727 bibliothecam
1130 1659 1385 1726 Alexandrinam

193 1767 225 1827 et
255 1763 299 1835 οἷς
325 1765 394 1836 τοὺς
420 1763 633 1847 Καλλιμάχου
658 1765 791 1838 πίνακας
815 1769 958 1851 recepta,
982 1765 1036 1832 sed
1060 1763 1254 1832 Griticorum
1278 1787 1386 1833 errore

194 1874 250 1934 aut
272 1867 470 1956 negligentia
493 1891 572 1956 quae
595 1876 662 1936 erat
681 1870 856 1958 Hyperidis
877 1873 976 1936 oratio
994 1871 1205 1936 Demostheni
1224 1876 1273 1935 est
1292 1873 1386 1936 attri-

191 1973 280 2038 buta.
328 1973 435 2054 Quum
467 1997 485 2040 a
515 1975 699 2042 Ptolemaeo
725 1976 936 2061 Philadelpho
960 1997 1087 2041 summo
1111 1975 1218 2040 studio
1241 1981 1273 2040 et
1296 1996 1388 2041 sum·

193 2081 256 2144 mis
279 2083 390 2164 pretiis
412 2079 489 2146 libri
506 2087 660 2172 ¹veterum
684 2085 956 2168 conquirerentur‚
982 2082 1176 2147 factumest
1198 2085 1236 2145 ut
1259 2080 1388 2148 multae

192 2186 346 2249 orationes
370 2190 426 2250 aut
450 2187 658 2266 ἀνεπίγραφα
683 2193 739 2252 aut
763 2186 1014 2267 ψευδεπίγραφοι
1043 2192 1098 2251 aut
1125 2187 1385 2264 διεσκευασμέναι

193 2290 242 2369 (od
266 2289 470 2372 inspectoribus
491 2292 670 2376 suppositae)
694 2291 922 2358 Alexandriam
945 2293 1139 2358 deferrentur
1162 2299 1194 2357 et
1219 2293 1258 2357 ab
1278 2295 1385 2378 impe-

191 2396 254 2458 rito
284 2395 390 2460 iudice
420 2393 618 2463 Callimacho
650 2399 830 2464 auctoribus
860 2418 1002 2482 quaeque
1031 2399 1097 2462 suis
1121 2396 1382 2463 attribuerentur.

191 2498 229 2563 ln
259 2519 322 2584 qua
352 2521 385 2564 re
415 2502 449 2565 in
483 2521 580 2586 quam
607 2523 720 2590 graves
743 2524 861 2569 errores
884 2524 917 2568 sc
939 2503 1079 2568 induerit
1101 2502 1153 2568 vel
1176 2505 1211 2566 in
1233 2524 1297 2568 uno
1322 2502 1385 2568 De-

193 2605 359 2671 mosthene
379 2609 455 2672 satis
478 2613 616 2692 apparet.
652 2608 763 2694 ltaque
785 2630 841 2694 pcr
864 2605 1028 2693 complura
1051 2607 1177 2674 saecula
1196 2606 1385 2694 Hyperides

192 2713 296 2778 oratio
315 2710 510 2797 quamquam
534 2718 600 2778 toto
624 2717 708 2778 coelo
731 2713 1022 2778 aDcmosthenicis
1044 2714 1168 2779 diversa
1187 2718 1298 2780 tamen
1317 2717 1385 2778 sine

191 2817 259 2883 ulla
289 2817 410 2883 fraudis
439 2821 616 2904 suspicione
648 2818 687 2884 ab
718 2819 851 2884 eruditis
882 2820 1031 2884 omnibus
1057 2840 1114 2904 pro
1136 2818 1383 2884 Demosthenica

190 2920 335 2988 lectitata
365 2928 429 3000 est,
462 2923 560 2988 donec
590 2924 721 2989 tandem
752 2923 927 3011 Dionysius
949 2923 1238 2990 Halicamassensis
1261 2927 1382 3009 primus

191 3031 335 3093 omnium
358 3025 518 3094 intellexit
541 3026 609 3094 fieri
632 3029 721 3094 nullo
746 3030 841 3095 modo
865 3049 954 3116 posse
979 3037 1017 3094 ut
1038 3031 1116 3095 haec
1138 3031 1186 3102 ita
1204 3028 1244 3094 ab
1266 3028 1381 3094 Demo-

191 3134 301 3198 sthene
332 3135 448 3218 scripta
479 3133 613 3198 fuerint:
646 3135 748 3200 inesse
780 3136 866 3200 enim
890 3135 1045 3221 quaedam
1067 3135 1201 3215 Φορσικα
1226 3133 1280 3198 καὶ
1304 3132 1379 3209 ἀηδῆ

190 3237 403 3303 Demosthene
425 3259 552 3324 prorsus
573 3239 716 3325 indigna.
762 3239 874 3326 Itaque
897 3241 1028 3324 aporiam
1052 3261 1118 3305 esse
1140 3241 1372 3324 pronuntiarit,

191 3345 444 3411 vetustissimam
479 3365 545 3409 esse
576 3349 607 3409 et
638 3345 677 3409 ab
709 3346 816 3410 Attico
847 3350 968 3411 oratore
1000 3344 1225 3410 Demosthenis
1256 3343 1374 3429 aequali

186 3443 401 3534 'conscriptam
434 3469 500 3514 esse
533 3470 572 3513 ne
607 3452 761 3538 cogitavit
797 3451 932 3534 quidem.
981 3448 1093 3516 Oritioi
1126 3451 1285 3516 iudicium
1318 3451 1373 3514 hoc

190 3554 333 3640 plerique
374 3574 483 3619 omnes
524 3559 646 3619 veteres
687 3561 872 3639 spreverunt
911 3561 942 3620 et
975 3555 1212 3620 eruditissimus
1246 3557 1372 3641 quisque

191 3657 386 3725 Graecorum
410 3664 446 3752 et
464 3659 681 3724 Romanorum
705 3660 757 3725 σοι
782 3663 853 3724 κατ’
876 3660 1113 3740 Ἀριςογεισουος
1138 3658 1232 3738 λόγον
1250 3662 1370 3744 abipso

189 3765 403 3831 Demosthene
426 3767 581 3850 scriptum
604 3785 670 3830 esse
694 3753 898 3831 existimabat
926 3769 949 3846 ¹)
972 3769 1097 3850 praeter
1118 3788 1223 3831 unum
1245 3771 1278 3830 et
1300 3765 1369 3831 alte

226 3995 251 4056 1)
269 3995 393 4054 Longinus
408 3991 422 4040 δ
438 3989 627 4055 αρισιαῶσατος,
643 3995 721 4060 quiin
736 3996 797 4046 libro
811 3993 952 4058 σερῖἕὲψουι
970 4011 1021 4060 cap.
1039 4000 1079 4044 34.
1097 3995 1268 4046 Demosthenis
1283 3999 1306 4046 st
1322 3995 1365 4059 Hy·

190 4075 278 4141 peridis
299 4075 392 4124 dicandi
413 4076 512 4126 virtutes
533 4079 557 4124 et
574 4077 697 4142 ingenium
715 4077 848 4128 luculenter
864 4079 928 4127 inter
945 4093 969 4126 se
986 4076 1130 4141 composuit,
1149 4077 1201 4126 sins
1217 4077 1268 4128 ulls
1283 4076 1364 4126 dubita

188 4164 256 4214 tione
272 4163 355 4212 scribit
371 4179 420 4228 cap.
439 4165 478 4216 27.
497 4162 510 4210 δ
528 4163 679 4225 Δημοσθένης
695 4161 737 4214 ἐπὶ
752 4168 798 4215 σοῦ
816 4161 1008 4229 Ἀριςογείσονος
1022 4159 1127 4224 ἐμπαθὲς
1143 4164 1174 4213 τὸ
1188 4167 1363 4228 susceptures

188 4252 230 4302 nai
247 4251 402 4314 αγχίςροφου
421 4250 568 4314 armigeras,
589 4255 614 4302 st
629 4253 742 4303 adscribit
758 4254 838 4304 lorum
852 4269 880 4304 sx
896 4269 949 4319 pag.
969 4254 1030 4314 7⁷8,
1050 4258 1074 4304 8.
1091 4252 1132 4302 ιιοιῐ
1151 4251 1226 4313 οὐδεὶς
1244 4251 1305 4317 ὗμιν
1321 4267 1360 4316 χι·

190 4344 235 4407 Aac
255 4340 305 4392 οὔδ’
323 4339 395 4408 ὀργῆν
413 4337 479 4408 ’ἔχων
497 4339 648 4406 εὑρεθήσεται
666 4337 719 4392 aad·
