3034 4968
655 253 696 325 79

124 447 206 535 Pag.
240 447 318 514 205.
352 449 383 514 8.
418 449 480 514 οὐδ’
514 447 552 514 όιυ
584 449 671 525 ὑμεῖς
703 446 873 523 ἠθελήσατε
906 448 1000 522 δάπου
1029 449 1132 529 σώζειν
1162 445 1273 521 αὐτοὺς

89 553 108 614 εἰ
126 559 218 617 τοῦτο
239 555 408 632 προῦλεγον
429 557 500 632 ὑμῖν
521 549 567 618 ότι
589 555 732 625 σωθέντες
753 553 806 619 ε’άν
827 557 871 633 μὴ
890 563 985 619 ποιεῖν
1006 553 1039 628 ό,
1061 579 1091 618 τι
1108 555 1274 632 βούλονται

91 657 128 743 (S.
161 659 353 743 βούλωνται)
387 661 483 725 πάλιν
514 661 625 732 αὐτοὺς
658 663 731 725 ε’άτε
759 661 824 745 [καῖ
858 661 1006 743 άδικεῖν],
1038 661 1182 737 οὐδεμίαν
1204 663 1275 739 ὑμῖν

90 764 176 844 χάριν
202 763 301 840 ἕξουσι
326 775 381 842 τῆς
405 767 565 846 συτκρόας.
614 766 756 831 Emenda
777 774 870 830 ποιεῖν
893 761 923 843 ό,
945 790 974 830 τι
992 765 1067 831 ”AN
1089 768 1273 844 βούλωνται.

90 869 279 954 Saepissime
311 869 348 934 άν
380 873 537 936 inoerium
570 892 632 955 qua
663 872 701 935 de
732 892 825 936 eausa
855 874 889 935 in
918 869 1032 937 Codice
1056 871 1078 936 S
1102 876 1273 937 omittitur.

90 976 120 1039 ln
151 980 221 1061 ipso
253 977 366 1042 limine
396 977 526 1041 oflendii
557 978 696 1041 scribens
727 977 776 1040 ἐπὶ
802 984 943 1051 πολλῶν,
970 973 990 1039 ὦ
1015 975 1119 1054 ἄνδρες
1144 1000 1201 1063 pro
1226 979 1275 1042 θπῖ

91 1090 206 1147 πολλῶν
236 1085 325 1146 ”AN.
356 1081 508 1146 Animose
542 1087 573 1146 ei
596 1082 701 1146 odiose
726 1083 843 1146 dicitur
867 1079 898 1158 ό,
924 1107 952 1146 τι
978 1081 1015 1146 άν
1039 1083 1213 1164 βούλωνται
1239 1085 1277 1149 de

91 1192 141 1264 iis,
163 1193 220 1274 qui
241 1211 281 1253 ex
298 1209 355 1252 sua
375 1187 508 1252 libidine
519 1188 651 1273 ιόο-ονίοιικ
670 1189 819 1274 quodlibet
838 1194 1035 1274 perpetrant.
1059 1193 1166 1274 itaque
1178 1192 1278 1255 miror

91 1300 261 1380 quo'paeio
280 1294 488 1358 manifestum
508 1294 667 1358 emblema
686 1295 738 1357 καῖ
760 1295 873 1359 άδικεῖν
896 1302 1004 1359 acutos
1022 1297 1157 1363 Dobraei
1171 1296 1278 1362 oeulos

92 1410 174 1478 (nam
208 1402 324 1464 caeteri
354 1420 417 1464 non
451 1404 524 1462 suni
549 1399 720 1464 admodum
746 1403 922 1484 suspieaees
945 1407 1000 1465 aut
1023 1401 1114 1466 libris
1137 1404 1278 1466 nimium

92 1508 233 1584 eredunt)
265 1505 403 1591 effugere
433 1507 583 1589 potuerit.
630 1504 741 1568 Vertat
772 1505 855 1570 mihi
886 1506 1002 1590 aliquis
1031 1507 1139 1572 locum
1163 1508 1279 1572 Demo·

91 1614 207 1678 athenis
238 1614 273 1674 in
304 1610 449 1697 linguam
483 1630 575 1673 suam
608 1615 639 1674 ei
671 1614 784 1674 sentiet
813 1632 845 1675 se
876 1633 911 1676 ea
938 1613 1034 1677 verba
1057 1617 1192 1678 retinere
1216 1635 1279 1678 non

91 1740 182 1802 posse.
235 1717 326 1796 Quod
360 1718 444 1780 enim
471 1715 569 1780 semel
593 1722 676 1779 reete
701 1721 732 1780 ei
756 1719 869 1781 aeriter
893 1721 1096 1782 enunciatum
1121 1724 1168 1782 est
1192 1719 1278 1782 idem
1334 1733 1338 1738 ·

91 1825 205 1890 insulse
239 1830 271 1887 ei
300 1821 425 1886 inficete
457 1821 657 1908 languidiore
688 1823 784 1887 verbo
815 1826 987 1908 repetitum
1019 1826 1052 1886 in
1083 1826 1148 1887 suis
1174 1825 1279 1888 verbis

92 1951 149 1994 non
171 1933 269 1995 feret:
292 1928 389 2012 idque
412 1926 660 1992 Demosthenem
684 1927 795 1992 tulisse
819 1925 986 2013 putemus!

133 2036 289 2102 Videmus
323 2033 362 2097 άυ
396 2032 481 2097 male
516 2035 688 2110 omissum,
727 2034 890 2098 ostendam
922 2038 953 2098 et
984 2035 1098 2100 vitiose
1132 2036 1279 2100 additum

91 2165 160 2230 pag.
197 2140 295 2206 1041.
327 2139 381 2205 21.
413 2146 495 2204 ποιεῖ
523 2134 541 2201 ό
570 2163 599 2202 τι
633 2136 671 2203 άν
695 2139 849 2216 βούληται
873 2142 932 2219 οὐχ
956 2135 1023 2204 ότι
1044 2137 1120 2204 ”AN
1145 2143 1170 2206 oi
1197 2139 1279 2218 νόμοι

93 2247 261 2313 κελεύωσιν.
295 2243 318 2311 S
350 2244 542 2320 κελεύουσιν,
574 2247 713 2329 optime,
739 2251 771 2310 ai
795 2250 832 2309 tu
855 2245 923 2310 dele
948 2243 1002 2322 άν,
1029 2247 1112 2330 quod
1134 2269 1196 2312 non
1220 2248 1281 2313 feri

92 2357 263 2430 sententia,
290 2354 439 2437 quoniam
461 2351 574 2440 legum
597 2356 764 2436 praecepta
786 2373 849 2416 nen
873 2358 946 2416 sunt
969 2351 1141 2417 indefinita.

135 2566 215 2653 Peg.
237 2563 315 2630 205.
336 2563 390 2628 20.
412 2566 436 2627 el
458 2561 659 2652 [συμμάχους
681 2563 869 2639 ποιησόμεθα
891 2563 1045 2643 Ἀρκάδας
1066 2575 1090 2627 Κ
1096 2565 1151 2650 All
1176 2569 1280 2630 ταῦτα

93 2671 265 2750 πράξομεν,
297 2670 561 2746 μεταβάλλεσθαι
595 2669 673 2744 δόξει
705 2669 757 2733 καὶ
790 2669 872 2733 οὐδὲν
905 2667 987 2748 ἔχειν
1021 2675 1105 2737 πιςόν
1140 2674 1155 2744 ά
1181 2673 1280 2738 πόλις.

92 2779 184 2844 Nune
205 2779 333 2863 quidem
352 2777 515 2842 Dobraeus
534 2775 687 2862 vigilavit
709 2780 740 2839 et
758 2774 898 2840 alienum
920 2797 1060 2859 pannum
1077 2778 1281 2841 resecandum

93 2905 158 2949 esse
191 2883 324 2949 verbulo
363 2903 492 2946 monere
527 2885 603 2946 satis
637 2882 760 2946 habuit.
807 2881 850 2944 at
882 2885 947 2956 est,
984 2883 1092 2958 eredo,
1125 2903 1174 2946 res
1206 2886 1283 2947 satis

92 2989 260 3053 manifesta
278 3008 336 3052 nee
368 2985 481 3051 multis
513 2986 618 3051 verbis
634 2987 769 3072 indiget.
802 2985 916 3050 Paullo
937 3001 1009 3051 anae
1031 2987 1152 3050 dixerat
1173 2986 1284 3052 Orator

93 3115 165 3180 pag.
198 3093 273 3158 205.
311 3081 363 3155 ll.
395 3091 429 3155 τό
461 3092 530 3163 τοὺς
562 3090 717 3168 Ἀρκάδας
750 3093 833 3168 ἡμεῖς
866 3091 1055 3170 συμμάχους
1080 3094 1281 3168 ποιήσασθαι,

92 3221 176 3264 nune
208 3200 246 3264 de
278 3199 389 3263 eadem
412 3219 445 3262 re
469 3197 565 3262 dicit:
592 3197 617 3260 εῖ
642 3202 775 3261 ταῦτα
799 3195 964 3276 πράξομεν.
1012 3197 1145 3261 Addidit
1169 3198 1284 3282 aliquis

93 3305 229 3390 puerilia
261 3305 339 3369 haee
371 3303 561 3382 συμμάχους
586 3302 773 3381 ποιησόμεθα
799 3301 973 3382 ’λρκάδας,
999 3304 1136 3386 quaein
1160 3301 1284 3366 alienis-

93 3414 210 3475 simam
245 3411 353 3474 sedem
387 3411 599 3493 irrepserunt,
633 3411 782 3493 quoniam
815 3419 886 3474 ΚΑΙ
916 3414 1020 3472 ταῦτα
1054 3405 1208 3484 πράξομεν
1240 3411 1285 3473 sio

93 3516 189 3601 plane
219 3536 311 3579 sensu
335 3535 475 3579 vacuum
497 3520 555 3578 esi.
603 3513 666 3579 Sed
689 3519 726 3578 ut
750 3517 783 3577 in
807 3535 841 3579 re
862 3517 1027 3599 perspicua
1050 3533 1143 3598 pareo
1167 3515 1283 3580 verbis.

140 3725 388 3810 Nonnumquam
413 3721 519 3789 (lodex
540 3721 562 3788 S
583 3745 639 3788 nos
660 3723 745 3789 fallit
767 3730 798 3789 et
817 3746 873 3810 pro
893 3737 968 3792 vera
987 3725 1122 3789 lectione
1135 3727 1284 3792 vitiosam

96 3831 225 3896 exhibet
254 3853 356 3916 neque
388 3831 534 3895 Editores
564 3832 640 3894 satis
671 3830 731 3894 hoo
763 3834 863 3917 agunt
894 3835 925 3896 ei
949 3851 1078 3895 eaeeum
1102 3831 1216 3896 ducem
1241 3854 1283 3896 se-

95 3943 244 4022 quuntur.
292 3937 351 4000 last
386 3938 420 3999 in
455 3936 603 4000 omnibus
636 3935 728 4000 libris
762 3956 836 4021 pag.
872 3934 948 4000 206.
985 3938 1016 4000 2.
1052 3935 1129 4000 haee
1164 3940 1286 4022 optima

95 4042 210 4107 lectio:
242 4043 418 4120 φανήσεται
442 4041 483 4105 τόν
509 4039 691 4120 πράγματα
716 4040 766 4104 διά
791 4042 861 4112 τοὺς
887 4042 968 4105 ’del
994 4051 1187 4132 πλεονεκτεῖν
1211 4043 1283 4120 βου·

95 4145 241 4223 λσμένους
275 4144 567 4224 μεταβαλλόμενα,
593 4149 652 4225 οὐχ
677 4150 693 4222 ἡ
719 4147 808 4218 πόλις
834 4149 926 4221 ἡμῶν.
976 4145 1070 4211 Solus
1093 4147 1116 4211 S
1138 4149 1287 4214 dissentit

97 4258 130 4317 ei
156 4252 204 4314 άεῖ
228 4253 277 4318 διά
301 4251 370 4324 τούς
395 4250 524 4316 exhibeo
548 4253 655 4317 ordine
684 4255 815 4336 vitiose,
841 4252 924 4336 quod
943 4253 1027 4317 male
1045 4261 1208 4338 receptum
1229 4261 1286 4320 esi.

97 4357 202 4440 Saepe
220 4359 268 4422 άεῖ
289 4361 334 4422 sie
353 4362 423 4443 posi
443 4357 617 4422 articulum
639 4358 940 4424 collocatumetiam
961 4361 996 4420 in
1011 4355 1038 4422 S
1050 4363 1157 4422 mutat
1169 4360 1286 4426 sedem.
