3080 4972
844 223 886 294 38

270 419 348 507 413)
374 421 522 492 νησιύτας
545 420 576 484 δὲ
600 419 631 485 τί
655 419 765 490 δοκέεις
789 419 921 498 άράσθαι
945 415 1026 481 elato
1050 416 1066 492 ἢ
1090 416 1260 493 *λαβεῖν
1284 412 1391 482 Λυδοὺς
1412 410 1435 472 ὲν
1523 481 1524 502 ᾖ

268 523 427 609 θαλάσση;
452 525 536 606 Quid
558 528 665 591 notius
687 531 735 590 est
758 546 854 610 quam
885 521 1022 602 εὔχομαι
1045 530 1108 594 τοῖς
1132 523 1206 592 θεοῖς
1230 515 1303 586 oum
1324 516 1437 584 infiniti·
1522 513 1524 600 j

270 631 331 700 vol
361 632 590 698 Demosthenes
617 653 690 720 pag.
716 629 770 696 94.
795 630 848 696 29.
882 625 936 694 εἶθ’
960 621 982 694 ά
1007 629 1159 701 Φίλιππος
1185 625 1224 692 άν
1248 625 1364 703 εύξαισο
1385 630 1436 694 τοῖς

270 741 344 813 θεοῖς
368 739 457 804 ταῦθ’
481 740 564 816 ἡμῶν
587 739 665 809 τινὲς
690 735 792 801 ἐνθάδε
817 735 1015 816 πράττουσιν.
1522 735 1523 758 ¹

313 951 393 1041 Peg.
419 948 496 1016 139.
521 948 574 1015 20.
602 949 789 1028 συμβέβηκε
812 945 840 1011 δ’
866 950 1084 1027 εύσυχθματΑ
1105 946 1168 1010 άπὸ
1192 945 1385 1023 ταύτομάτου
1405 933 1438 1011 tlt

269 1057 308 1128 θον
340 1058 534 1140 χρησθμεθΑ
565 1056 650 1135 θρθθις
678 1055 747 1125 ίσυς
772 1053 810 1120 άν
833 1053 950 1133 γένοιτο
975 1053 1017 1119 τά
1041 1052 1159 1118 δέοντα.
1206 1051 1346 1118 Shabet
1368 1047 1439 1115 εύτύ-

267 1188 363 1245 χημα
394 1165 451 1229 άπ’
474 1161 665 1240 αὐτομάτου.
712 1159 923 1227 Scribendum
946 1162 1145 1241 εὐτυχήματ’
1169 1159 1233 1224 άπὸ
1259 1155 1439 1236 ταύτομάτου

269 1276 302 1334 ot
323 1269 497 1352 χρησώμεθ’
525 1271 622 1350 ὀρθῶς.

315 1482 393 1570 Peg.
425 1480 502 1546 141.
536 1479 589 1544 15.
619 1477 805 1559 τετρακόσιοι
837 1478 906 1545 άντί
937 1485 996 1544 τῶν
1020 1479 1129 1544 ἑκατὸν
1153 1477 1317 1544 ταλάντου
1340 1473 1442 1556 προσθρ

267 1611 374 1668 χεται.
410 1586 614 1653 Scribebatur
637 1575 740 1652 ταλάν
766 1586 989 1674 allegandum
1010 1586 1077 1650 άντί
1101 1591 1160 1649 τῶν
1173 1583 1440 1649 ἓνατθντάλαντΑ.

267 1694 503 1760 Benedicitur
525 1693 593 1757 άντί
620 1700 678 1757 τῶν
703 1692 812 1757 ἑκατὸν
836 1693 999 1758 ταλάντων
1023 1692 1208 1772 τετρακθσια
1236 1689 1440 1771 προσέρχεται,

267 1801 323 1867 sed
345 1799 479 1888 vtrlgata
502 1801 690 1884 compositio
713 1801 831 1865 vitiose
854 1803 911 1866 est.

313 2012 394 2099 Peg.
429 2010 504 2076 141.
537 2011 590 2077 20.
624 2011 656 2075 τί
686 2007 735 2077 οὖν
767 2009 928 2083 Μαθάντες
959 2015 1048 2076 τοῦτο
1080 2009 1258 2091 ὀνειδίζομεν
1291 2010 1442 2082 datiana
1520 2069 1521 2076 ς

271 2115 403 2204 Oorrige
432 2116 604 2191 Παθθντες,
637 2136 698 2201 quo
728 2117 844 2182 mendo
875 2116 958 2182 nihil
987 2117 1192 2203 frequentius.
1240 2116 1278 2180 In
1301 2115 1333 2180 σί
1355 2110 1444 2177 παθθν

273 2229 321 2288 est
349 2222 513 2288 lenissima
544 2223 698 2307 quaedam
731 2228 762 2288 et
792 2225 913 2288 urbana
941 2223 1099 2289 stultitiae
1130 2223 1347 2309 exprobratio,
1378 2235 1444 2302 quae

269 2328 403 2406 πάθημα
427 2334 559 2394 estnon
583 2328 728 2407 μάθημα.
1520 2315 1521 2326 ’

313 2542 392 2629 Peg.
428 2540 503 2606 141.
536 2540 588 2607 22.
622 2541 704 2616 πλὴν
736 2543 760 2606 εί
785 2553 823 2624 τη
849 2541 934 2622 παρά
958 2549 1013 2615 τῆς
1037 2540 1138 2622 τύχης
1163 2540 1290 2623 βοηθείρι
1313 2535 1445 2617 γεγονυίρι

202 2675 205 2683 ·
269 2657 333 2721 τοῖς
374 2646 494 2728 άπθροις
536 2648 719 2729 Φθονοῦμεν·
757 2647 805 2721 οὓς
841 2646 907 2713 οὔτ’
945 2645 983 2713 άν
1017 2647 1223 2723 αἰτιασαίμην
1260 2645 1359 2723 ἔγωγε
1393 2641 1446 2707 οὔτ’

270 2755 355 2832 άξιῶ.
398 2753 471 2819 Non
500 2752 659 2842 intelligo.
700 2754 911 2841 Perspicuum
943 2759 1025 2819 esset
1054 2753 1138 2818 mihi
1167 2752 1322 2819 vocabulo
1352 2749 1447 2816 addito

268 2862 333 2927 οὔτ’
358 2858 454 2926 άλλον
479 2861 563 2938 atre.

314 3072 394 3160 Pag.
421 3070 495 3137 142.
523 3069 553 3135 3.
585 3068 684 3152 θίσπερ
715 3072 813 3136 τοίνυν
843 3070 905 3144 ἔνθς
940 3072 1024 3148 ημῶν
1049 3068 1159 3140 ἒαάςου
1190 3079 1262 3134 TIC
1287 3071 1331 3139 ε’ςι
1354 3065 1448 3148 γονεὺς

269 3175 345 3244 eliso
379 3178 546 3257 συμπάσης
579 3185 634 3254 τῆς
665 3177 783 3248 πθλεοος
808 3177 919 3249 κοινοὺς
946 3179 994 3242 δεῖ
1014 3177 1123 3256 γονίας
1144 3177 1214 3249 τοὺς
1239 3177 1448 3252 *σύμπαντας
1522 3193 1524 3256 ρ

270 3288 412 3364 ἡγεῖσθαι
439 3284 489 3348 καί
523 3283 666 3364 προτείνει
690 3281 815 3354 τούτους
837 3287 897 3363 οὐχ
921 3281 999 3356 θπως
1025 3279 1063 3348 ὧν
1088 3286 1104 3358 ἡ
1130 3282 1219 3355 πόλις
1243 3283 1358 3348 δίδωσιν
1379 3283 1449 3360 άφε·
1523 3357 1524 3365 ¹

268 3392 376 3458 λέσθαι
399 3414 430 3457 τι
452 3391 529 3456 άλλ’
553 3389 578 3454 εί
604 3389 655 3453 καί
685 3391 778 3467 μηδὲν
803 3387 837 3464 ἦν
861 3389 974 3455 τούτοιν
997 3388 1127 3456 άλλοθεν
1149 3398 1273 3454 σκοπεῖν
1298 3385 1375 3461 θπυς
1396 3411 1449 3465 μη·
1521 3437 1523 3464 ;

269 3499 350 3571 levir
374 3497 456 3570 ὄντες
481 3495 589 3566 ἐνδεεῖς
614 3496 878 3578 περιοφθήσονται.
924 3495 1136 3561 Manifestum
1160 3501 1208 3561 est
1231 3496 1271 3561 ad
1288 3470 1451 3562 sententiae
1521 3477 1523 3532 ί

269 3605 491 3688 integritatem
515 3601 637 3686 aliquid
660 3602 846 3667 desiderari:
872 3603 1127 3687 quemadmodum,
1152 3605 1275 3687 inquit,
1301 3599 1450 3685 νμυερυίι-

269 3731 326 3794 ρας
347 3715 477 3772 nostram
500 3730 586 3771 ευανι
608 3708 667 3771 sibi
689 3709 776 3772 ίιαθιθ
789 3715 962 3792 parentem,
988 3709 1032 3772 εθο
1056 3708 1363 3772 utinamutinam
1385 3728 1450 3783 οοιο·

269 3836 370 3877 νουσιν
386 3820 528 3896 parentet
548 3835 608 3877 esne
624 3813 672 3853 *ί*
689 3814 842 3877 τιιιθυινεοε
865 3814 1034 3878 οπθεθθνοονο
1052 3821 1173 3897 oportet.
1206 3812 1292 3892 Quos
1311 3804 1452 3879 tandem?

271 3919 356 3999 Quos
387 3919 526 4005 appellat
555 3919 677 3988 τούτους
709 3919 743 3983 in
774 3941 840 4005 sqq.
865 3920 917 3986 καί
943 3922 1085 3999 προσήκει
1108 3919 1277 3992 τούτους
1302 3923 1361 3999 ούχ
1382 3916 1452 3985 θπυε

270 4025 445 4104 άΦελίσθαι
468 4049 498 4089 τι
524 4023 607 4090 met
642 4025 679 4090 In
701 4025 761 4090 hac-
785 4027 914 4111 quidem
939 4047 973 4092 re
998 4026 1111 4092 infelix
1134 4027 1290 4091 coniector
1313 4026 1455 4092 Reiskius

268 4132 332 4197 fuit
355 4152 455 4215 quum
480 4151 536 4216 pro
560 4129 630 4200 τοὺς
654 4129 845 4208 σύμπαντας
870 4133 1076 4199 substitueret
1104 4134 1171 4205 τοὺς
1198 4132 1355 4210 πένητας,
1380 4130 1457 4217 quod

271 4238 427 4303 confutari
455 4236 538 4302 nihil
562 4238 693 4309 attinet,
727 4238 781 4302 sed
804 4237 893 4303 alind
915 4238 1033 4304 melius
1057 4239 1283 4324 quaerendum.
1321 4239 1455 4305 Vocabu-

270 4345 340 4413 lum
372 4345 553 4434 iugitivum
583 4341 702 4407 retrahi
724 4345 842 4429 poterit
864 4365 902 4410 ex
926 4348 1159 4432 comparatione
1183 4367 1263 4432 quae
1285 4346 1456 4436 praeeedit:
