3086 4968
820 210 886 279 440

390 411 593 470 TOTTGCT
596 410 1028 470 1TAPncTHMAKA1MH

390 516 1033 575 ΑΤΟΠΩΟΕΜΛΤΤΟΤΚΑῙΒΑΡΕΩΟ

313 612 368 681 40.
392 661 400 680 .
415 662 422 680 .
437 663 446 680 .
460 661 468 679 .
481 620 964 680 ΝΙΚΟΝΕΟΤΙΤΟΛΝΟΗΤΟ

390 770 399 787 .
413 766 421 785 .
435 767 442 784 .
457 766 465 785 .
479 727 965 787 ΝΠΑΝΤΓΑΡΤΑΤΤΕΙΛΕΛ

391 876 420 892 ..
435 876 443 892 .
457 835 851 893 .11APA1Ne1COT1r1A

391 980 399 999 .
414 982 422 998 .
436 940 879 999 ..NT1KAKONAAHoec

310 1037 364 1104 44.
391 1046 834 1106 ....ΝΛΛΗΘΕΟΦΑΡΜΑ

309 1309 518 1376 'l'isohendorf
544 1313 674 1377 annotet
702 1329 751 1376 rs.
783 1308 816 1374 2.
847 1307 963 1372 diserte
993 1307 1110 1372 omisso
1144 1306 1337 1391 cooriptum
1363 1314 1411 1363 esse

264 1424 508 1482 Meorcrree.
1494 1497 1495 1502 Ν

307 1542 355 1588 vs.
388 1521 419 1587 9.
449 1543 506 1608 pro
536 1545 758 1604 νενομιχνιντον
791 1520 1000 1607 apostrophen
1036 1522 1069 1585 et
1102 1520 1253 1606 spiritum
1285 1509 1413 1601 „polein

202 1623 219 1652 ’“
263 1626 384 1692 αιίἀὶίν”
407 1629 452 1694 sie
475 1633 611 1710 νενομνχ’
636 1627 742 1695 αὐτον.

204 1818 212 1831 .
308 1754 355 1800 rs.
380 1729 431 1799 37.
458 1742 728 1799 ΙΚΘΙΤΑΛΗΘΗ
752 1732 902 1799 admonet
926 1741 969 1796 01
994 1752 1057 1797 non
1081 1751 1148 1796 esse
1169 1728 1262 1815 plane
1284 1730 1390 1794 eertum
1495 1769 1496 1788 2

308 2092 392 2156 Ante
429 2092 537 2155 omnia
570 2089 734 2155 ostendam
770 2110 832 2174 quo
866 2089 985 2155 indicio
1021 2089 1282 2181 deprehenderim
1312 2084 1415 2151 alterum

263 2195 482 2283 fragmentum
513 2215 579 2261 esse
610 2195 779 2261 Menandri
809 2195 843 2259 ἐκ
875 2200 928 2259 τοῦ
962 2195 1212 2274 Δενσνδαίμονος,
1246 2190 1346 2260 deinde
1363 2208 1417 2253 nor·
1497 2189 1498 2196 ’

263 2298 369 2365 nullos
388 2299 560 2367 versiculos
577 2301 806 2366 emendatiores
826 2305 859 2366 et
874 2303 1063 2387 integriores
1074 2301 1173 2378 daho,
1185 2300 1306 2385 relique
1317 2292 1416 2383 philolo

263 2425 379 2492 gorum
397 2407 526 2493 ingenio
546 2411 578 2470 et
598 2408 738 2471 acumini
755 2406 941 2493 corrigenda
961 2411 994 2471 et
1009 2407 1254 2494 redintegranda
1264 2404 1418 2486 relinquens.

309 2510 386 2576 Tres
407 2511 541 2577 ultimos
560 2512 689 2576 seoundi
708 2513 884 2600 fragmenti
902 2511 1075 2579 versiculos
1096 2515 1142 2579 sio
1157 2513 1308 2601 legendos
1325 2514 1353 2576 et
1368 2526 1419 2589 sup

264 2615 396 2700 plendos
423 2637 488 2683 esse
512 2636 640 2682 censeo:

308 2732 350 2789 Α.
376 2721 408 2787 ri
430 2722 536 2800 δέμον
561 2729 806 2802 ΠΑΡΑΙΝΕΙΟ,
831 2742 862 2789 Β.
885 2722 945 2807 ’0,
969 2731 1015 2787 TI
1039 2725 1216 2799 ΠΑΡριννῶς
1240 2727 1321 2792 τοῦτ’
1342 2721 1392 2802 ἐρῶ.

377 2829 403 2893 εἰ
426 2825 498 2906 μέν
523 2838 568 2894 ‘rr
593 2836 739 2893 aaron
762 2830 947 2895 ’AAHoec
970 2825 1075 2913 εἶχες,
1102 2828 1228 2909 Φειδία,

378 2931 498 3014 ζντεΐΝ
522 2936 707 3000 ἈΛΗΘΕΟ
731 2944 931 3001 ΦΑΡΜΑκνν
953 2934 1061 3001 τούτου
1085 2937 1114 3000 ε’
1139 2932 1210 3000 ἔδει.

380 3044 430 3105 νῦν
450 3038 475 3104 δ’
498 3040 553 3104 οὐκ
576 3037 670 3119 ἔχεις.
1319 3091 1320 3096 ,

309 3145 358 3212 Ne
387 3145 513 3211 dubites
543 3148 621 3231 quin
648 3150 733 3211 certa
762 3147 805 3211 sit
834 3146 912 3211 haee
942 3143 1005 3211 looi
1037 3145 1282 3234 redintegratio,
1305 3158 1424 3228 compara

263 3251 432 3318 Menandri
454 3252 672 3340 fragmentum
696 3271 715 3316 a
739 3247 904 3316 Clemente
927 3251 1141 3317 Alexandrino
1166 3251 1423 3321 serratumstron·

264 3356 333 3423 Vll.
353 3377 427 3444 pag.
447 3356 524 3423 884.
546 3357 664 3424 Potter.
687 3356 772 3441 apud
790 3356 931 3422 Meinelr.
952 3357 1072 3438 Frapm.
1096 3357 1206 3425 Oomie.
1217 3359 1275 3426 IV.
1286 3379 1355 3444 pag.
1368 3347 1425 3418 100·

221 3461 229 3468 ’
472 3466 510 3528 Ei
533 3461 590 3542 μέν
613 3487 643 3527 rr
668 3461 762 3526 κνκὸν
784 3462 895 3536 ἀληθὲς
920 3457 1024 3543 εἶχες,
1050 3464 1174 3543 Φειδία,

451 3567 573 3660 Ιζντεῖν
595 3569 705 3642 ἀληθὲς
729 3566 1026 3649 <supponerentur
1051 3568 1081 3631 ε’
1106 3565 1177 3634 ἔδει.

470 3681 519 3740 νῦν
543 3673 569 3738 δ’
593 3676 646 3740 οὐκ
674 3670 768 3753 ἔχειν.
793 3673 875 3738 κενὸν
899 3670 959 3753 ἄρα
983 3673 1035 3738 καὶ
1060 3674 1094 3738 τὸ
1120 3671 1286 3755 φάρμακον

469 3781 542 3861 πρὸς
566 3779 601 3844 τὸ
624 3778 718 3844 κενόν.
745 3778 858 3854 olidam
881 3777 909 3843 δ’
935 3780 1065 3856 ὠφελεῖν
1089 3781 1122 3844 r!
1145 3803 1194 3846 σε.

469 3882 731 3967 περνμνξνὶτωσνὶν
755 3887 784 3947 ε’
809 3885 841 3948 ai
866 3892 1012 3963 γυναῖκες
1036 3887 1067 3950 ἓν
1089 3883 1212 3969 κύκλῳ,

471 3992 523 4056 καὶ
548 3989 834 4073 περνθεωενέτωσνν·
860 3991 922 4056 ἀπὸ
947 3997 1071 4072 κρουνῶν
1094 3998 1180 4073 τριῶν

473 4095 562 4164 ὕδατι
587 4096 735 4179 περίρρνν’
759 4095 910 4174 ἐμβαλὼν
935 4093 1039 4175 ἅλως,
1063 4097 1196 4180 φακούς.

311 4201 389 4268 Esse
418 4202 496 4269 haee
528 4204 562 4268 ἐκ
593 4207 645 4269 τοῦ
672 4202 902 4280 Δενσιδνίριονος
927 4207 959 4269 et
982 4209 1210 4292 argumentum
1232 4203 1294 4271 looi
1316 4195 1428 4270 deerunt

266 4311 298 4373 et
320 4304 495 4375 Clementis
518 4309 742 4376 testimonium
764 4307 838 4396 pag.
865 4306 941 4374 842.
967 4308 1054 4376 Pott.
