3034 4968
629 221 692 291 109

107 413 224 479 &nasso
255 433 329 500 pag.
362 411 416 478 24.
446 450 488 462 -
513 413 565 476 καὶ
598 421 661 482 ταῖς
695 412 803 484 οὶλλοιο
834 413 1071 491 συγγραφεῦσιν
1102 409 1163 477 ὅσοι
1195 410 1247 478 παὶ

73 545 146 599 περι
155 520 286 600 χώρια
311 521 437 597 λέγουσι
462 520 505 583 σοὶ
530 521 596 598 περὶ
623 523 675 592 τὴν
701 522 843 585 Ἰταλίαν
868 522 919 582 καὶ
944 520 1100 583 Σικελὶαν,
1138 517 1247 584 Reddo

73 624 198 691 Straboni
224 647 319 690 suum
345 623 405 691 ὅσοι
426 627 621 706 σοὶΠιχώρια.
659 627 778 692 Eodem
801 626 892 690 modo
912 625 1086 690 Kramerus
1104 645 1168 712 pag
1193 622 1245 690 74.

72 752 117 815 pro
144 733 225 796 σουπὶ
259 733 294 795 τὸ
329 734 470 810 γροὶμμα
501 734 683 798 emendavit
713 733 955 810 τούπίγραμμα.
1001 731 1041 793 Oi
1067 733 1246 809 τάπιχώρια

74 839 293 917 συγγράφοντες
318 844 393 904 sunt
416 842 472 923 qui
493 839 669 920 ναρὶοιιαίὶιιο
692 837 745 905 νει]
770 837 932 922 oppidatim
952 857 1001 902 ros
1025 835 1248 902 memorabiles

73 946 272 1028 conscribunt,
297 943 461 1018 Ἰταλικοὶ,
484 945 633 1009 Σικελικαὶ
649 1001 652 1012 ,
672 944 862 1023 Μεγαρικοὶ,
878 943 1050 1023 Ἀργολικαὶ
1064 948 1097 1010 et
1109 942 1247 1021 similia,

73 1069 191 1133 quorum
214 1054 357 1116 maximo
380 1053 470 1136 copia
492 1049 545 1116 vel
569 1050 653 1136 apud
677 1073 778 1115 unum
802 1051 1003 1116 Athenaeum
1029 1052 1193 1134 reperitur.

110 1262 184 1350 Peg.
216 1262 268 1327 31.
302 1261 488 1342 Ἀριςαὶρχον
512 1263 542 1327 δὲ
568 1266 657 1327 τοῦτο
682 1262 738 1340 μὲν
763 1263 952 1338 ἕπαινῶμεν,
979 1297 1022 1312 -
1046 1263 1087 1327 παὶ
1111 1264 1138 1327 δ’
1161 1259 1249 1326 αὶλλα

74 1367 279 1445 ἐπισκοπῶμεν.
320 1368 408 1456 Lege
440 1371 631 1444 ἐπαινοῦμεν.
671 1367 799 1434 Scribae
823 1370 979 1432 sententia
1002 1388 1065 1432 non
1088 1368 1251 1435 intellecta

73 1477 259 1560 exaequanda
289 1496 356 1540 esse
387 1476 465 1541 haee
495 1476 723 1561 opinabantur,
756 1480 788 1540 et
819 1475 988 1560 utrobique
1011 1477 1249 1541 coniunctivum

76 1579 224 1648 dederunt.

113 1792 186 1882 Pag.
212 1792 266 1860 33.
291 1793 456 1872 Εὐριπίδης
481 1794 512 1861 ἐν
535 1796 578 1872 τῷ
601 1792 745 1859 Φαέθοντι
771 1832 813 1844 -

286 1901 394 1973 Ἥλιος
418 1901 554 1982 οὶνὶσχοιν
577 1901 696 1984 χρυσέα
720 1910 879 1971 ΒΑΛΛΕΙ
904 1908 1045 1966 ΦΛΟΓΙ.

113 2003 371 2091 Obtemperatum
403 2011 541 2093 oportuit
571 2007 779 2073 Valckenario
802 2009 836 2071 in
859 2007 962 2071 Diuir.
986 2027 1058 2094 pag.
1086 2003 1139 2071 31.
1163 2025 1252 2091 repo·

73 2115 167 2176 nenti:
198 2115 318 2197 χρυσέα
347 2123 493 2179 ΒΩΛΩΙ
527 2122 677 2180 ΦΛΕΓΕΙ
709 2135 748 2180 ex
778 2111 954 2178 Scholiasta
977 2111 1122 2197 Apollon.
1147 2110 1250 2179 Rhod.

73 2214 87 2278 l
116 2216 189 2282 498.
212 2217 429 2300 Ἀναξαγόρας
453 2222 562 2299 μύδρον
584 2217 653 2284 εἶπε
676 2222 727 2284 σὸν
753 2218 844 2294 ἥλιον.
870 2253 907 2266 -
930 2217 973 2282 διὸ
991 2218 1154 2298 Εὐριπίδης
1176 2222 1252 2297 γνώ·

73 2346 146 2400 ριμις
178 2327 262 2404 αὐτῷ
294 2329 429 2405 γεγονὼς
461 2329 641 2406 χρυσέαν
673 2327 804 2404 βῶλον
835 2324 886 2389 τὸν
919 2322 999 2398 ὶὶλιον
1031 2321 1125 2389 εἶπεν.
1158 2331 1251 2391 etex

72 2426 169 2496 Schol.
201 2431 312 2516 Eurip.
350 2433 444 2498 orec.
469 2431 544 2498 596.
569 2432 784 2510 Ἀναξαγόρας
809 2431 859 2495 τὸν
885 2430 965 2507 ἥλιον
988 2432 1097 2510 μύδρον
1122 2429 1182 2510 ἔφη
1209 2469 1250 2480 -

74 2529 93 2614 ᾦ
122 2537 325 2610 ἀκολουθήσας
351 2539 513 2612 Εὐριπίδης
538 2540 716 2619 χρυσέαν
738 2539 867 2616 βῶλον
892 2539 984 2602 αὐτὸν
1008 2537 1122 2614 εἴρηκεν
1177 2537 1252 2603 Dio·

73 2663 160 2729 geues
183 2643 329 2709 hairtins
350 2645 384 2707 in
407 2645 595 2732 Anaxagora
617 2643 658 2708 II.
686 2641 735 2708 10.
762 2641 825 2709 ὶὶεν
849 2644 1089 2721 καὶΕιὶριπὶδνν
1111 2644 1252 2716 μαὶκτὶρν

74 2747 140 2814 ὄντα
171 2751 266 2816 αὑτοῦ
296 2753 471 2831 χρυσέαν
502 2750 631 2828 βῶλον
661 2751 757 2815 εἰπεῖν
788 2752 839 2814 τὸν
871 2747 951 2825 ἥλιον
974 2752 1003 2814 ἐν
1027 2752 1068 2832 τῷ
1093 2750 1249 2816 Φαέθοντι.

74 2854 170 2937 Quom
199 2865 283 2924 reete
307 2857 426 2922 dicitur
447 2857 567 2938 χρυσέα
591 2856 711 2935 βῶλος,
737 2868 805 2922 tem
827 2877 1012 2942 perversum
1036 2862 1083 2922 est
1098 2859 1252 2940 flammam

76 2964 227 3050 appellare
251 2985 381 3028 αασαοιο.

117 3176 191 3266 Pag.
224 3173 278 3241 39.
302 3177 357 3250 uio
381 3175 438 3253 μὲν
460 3175 585 3250 Ἰνδικὴν
609 3177 661 3241 οὐκ
684 3171 763 3241 οἶδεν
785 3171 923 3254 Ὀμκραα
948 3209 1006 3252 -,
1031 3175 1087 3248 cio
1111 3173 1137 3238 δ’
1162 3175 1255 3254 Ἀρα-

75 3281 162 3359 βὶαν,
186 3274 220 3356 ἣν
244 3281 411 3356 εὐδαὶμονα
435 3282 706 3363 προσαγορεύουσιν
730 3282 754 3346 oi
778 3284 833 3356 νῖινΙ
854 3277 929 3367 (οἶδε
954 3279 1042 3365 μὲν),
1064 3278 1134 3346 τότε
1156 3280 1182 3345 δ’
1202 3281 1256 3345 οὐκ

76 3383 109 3463 ἦν
130 3392 271 3455 πλουσία.
309 3386 384 3454 Sine
406 3410 495 3455 mora
519 3386 641 3474 expelle
665 3384 727 3453 otu
753 3386 810 3465 μέν
834 3387 873 3452 ab
892 3386 1075 3451 Editoribus
1096 3387 1256 3452 adiectum

77 3494 114 3560 de
141 3517 204 3562 suo.
251 3494 351 3559 Plane
374 3501 421 3559 est
444 3515 732 3581 supervacaneum,
756 3496 907 3579 quoniam
931 3498 1002 3578 post
1024 3497 1079 3564 τὴν
1104 3495 1141 3556 Δ’
1167 3495 1259 3573 Ἀρα·

76 3601 147 3678 βίον
168 3608 241 3667 noto
265 3621 326 3666 usu
350 3603 542 3688 cogitatione
567 3599 778 3686 supplendum
799 3595 885 3664 οἶδεν.
922 3598 1089 3663 Praeterea
1108 3601 1259 3666 vitiosam

77 3711 299 3793 oppositionem
321 3707 446 3772 inducit
468 3711 503 3772 in
526 3703 586 3772 οὶδσ
608 3714 722 3782 ΜΘΝ,
747 3706 819 3770 τότε
845 3705 885 3769 Δ’
910 3706 962 3770 οὐκ
987 3699 1020 3778 ἦν
1044 3709 1189 3770 πλονσὶοο.

122 3918 196 4008 Peg.
228 3919 281 3985 42.
314 3919 377 3985 οὶπὶ
406 3922 460 3984 τοῦ
484 3920 526 3991 εἷο
549 3921 603 3995 τὴν
628 3917 696 3999 ἕραν
719 3917 879 3997 ἐμβαίνειν
902 3918 972 3988 τοὺς
996 3918 1167 3999 Ἐρεμβοὺς
1193 3919 1259 3985 ἕσα-

78 4031 264 4105 μολογοῡσιν.
316 4025 474 4092 Haeccine
513 4027 721 4118 deliramenta
755 4026 855 4091 doctis
889 4026 1074 4092 hominibus
1109 4032 1141 4092 et
1175 4031 1260 4094 sanis

76 4132 197 4216 probari
237 4129 396 4219 potuisset
430 4133 538 4198 Etiam
572 4133 647 4198 hine
681 4145 810 4217 apparot
845 4130 1034 4199 Strabonem
1069 4153 1260 4220 germanum

79 4234 215 4303 Stoicum
246 4239 363 4316 fuisse3
397 4241 488 4304 ouius
517 4241 563 4304 roi
593 4243 626 4306 et
657 4237 720 4304 alia
741 4237 904 4322 quaedam
927 4239 1052 4323 saepius
1076 4237 1160 4322 apud
1184 4260 1279 4304 eum-

78 4343 189 4410 indioia
218 4349 370 4435 apparent
401 4350 433 4412 et
465 4345 710 4415 disertissimum
742 4363 816 4435 pag.
849 4342 901 4408 15.
934 4344 960 4408 oi
993 4343 1019 4411 δ’
1045 4344 1182 4427 ἡμέτεροι
1207 4346 1259 4414 καὶ
