3086 4968
691 250 756 319 445

130 437 161 500 in
184 441 299 524 quibus
324 449 384 506 ΟΝ
407 462 469 507 non
487 443 564 506 satis
584 447 707 507 eertum
727 463 793 508 esse
813 445 977 510 annotavit
996 442 1210 511 Tisehendorf.
1258 446 1319 513 Sed

130 543 210 609 nihil
238 546 305 611 ullo
334 547 429 614 modo
461 550 615 634 expiscari
644 550 750 634 potui,
785 571 887 635 nsque
917 570 979 635 quo
1009 551 1172 635 proverbio
1207 551 1254 639 (τθ
1279 554 1313 627 δη

131 648 306 739 λεγόμενον)
332 675 409 719 usus
432 656 475 719 sit
498 655 581 739 seio,
604 675 705 741 neque
729 676 790 740 quo
812 658 862 721 uti
885 657 1024 742 potuerit
1051 658 1206 742 excogito.
1253 657 1316 724 Ita-

131 775 188 839 que
210 757 288 824 haee
312 758 383 825 aliis
407 759 589 848 indaganda
611 759 765 846 relinquo.

174 966 225 1033 Vs.
251 966 306 1034 39.

401 1059 524 1132 ἀτθπως
550 1062 685 1140 ἐμωυτοῶ
711 1061 763 1126 sal
788 1062 906 1144 βοορέως
932 1061 1006 1144 ἔχω.

131 1164 239 1231 eodem
270 1166 366 1232 modo
396 1167 519 1233 dietum
550 1171 597 1232 est
623 1188 685 1246 quo
708 1167 878 1234 Philemon
901 1170 983 1234 dixit
1006 1170 1091 1256 apud
1113 1170 1313 1237 Athenaeum

131 1291 202 1361 pag.
229 1271 307 1340 569.
334 1292 366 1339 D.

357 1381 410 1445 οάκ
433 1377 466 1446 εὖ
489 1384 622 1445 σεωυτοῦ
646 1379 820 1463 τυγχάνεις
844 1380 943 1463 ἔχων·
969 1380 1054 1465 ἔχεις

359 1484 534 1573 (ἒςυκθτως)
560 1509 639 1560 πως·
666 1490 682 1564 η
707 1489 781 1568 θθροο
804 1487 843 1558 ’ς’
868 1488 1059 1570 ἀνεῳγμένη.

357 1586 400 1666 είς
424 1592 550 1672 θβολθς,
576 1592 768 1669 εἰσπήδησον.

175 1800 268 1882 Quod
292 1805 396 1869 estin
418 1802 587 1871 Menandri
610 1805 790 1892 fragmento

404 1908 466 1974 ἀπὸ
490 1918 613 1990 κρουνῶν
636 1917 721 1990 τριῶν
745 1908 833 1975 ὕδνοτι
857 1909 1040 1991 περίρροινοιι.

129 2015 261 2080 fortasse
292 2014 398 2080 lueem
428 2015 535 2081 afferre
557 2020 674 2102 poterit
697 2018 828 2082 obscuro
851 2022 883 2082 et
905 2038 1004 2103 paene
1026 2015 1221 2082 eonolamato
1245 2016 1314 2082 loeo

128 2118 340 2206 Theophrasti
374 2122 510 2188 charact.
546 2122 630 2187 XVI.
667 2124 680 2187 ὁ
715 2123 746 2187 δὲ
782 2123 975 2201 δεισιδοιίμων
1009 2121 1142 2195 τοιοῦτός
1178 2145 1224 2195 τις
1260 2117 1317 2196 οίος

127 2228 301 2308 ε’πιχρωνην
330 2227 562 2309 ἀπονιψάμενος
594 2229 653 2301 τάς
681 2237 791 2312 χεῖροις
817 2268 859 2278 -
883 2237 1076 2310 περιποιτεῖν.
1125 2229 1249 2294 Diserte
1273 2231 1318 2294 sio

125 2335 299 2415 ἐπιχρωνῆν
330 2335 364 2398 in
394 2333 540 2400 Palatino
572 2337 728 2421 seriptum
759 2357 826 2401 esse
850 2336 916 2402 vidi
940 2338 1008 2401 sine
1031 2357 1134 2402 sensu.
1184 2334 1268 2414 Quid
1292 2335 1321 2400 si

125 2440 250 2507 dederit
275 2441 338 2505 ἀπὸ
363 2447 485 2521 κρουνῶν
509 2448 594 2521 τριῶν
618 2439 849 2521 ἀπονιψάμενος
874 2442 932 2516 τάς
956 2450 1077 2524 χεῖροις.

171 2864 208 2928 Ρ.
223 2862 256 2928 S.
283 2858 412 2945 εἱίρηκοι,
436 2856 566 2940 εἶίρηκοο,
592 2860 675 2945 quod
699 2859 821 2924 dudum
845 2859 962 2924 frustra
985 2862 1221 2944 quaesiveram,
1238 2859 1320 2944 qnid

126 2970 258 3036 tandem
282 2966 396 3032 lateret
418 2969 453 3032 in
474 2967 597 3034 verbis:

723 3071 939 3152 Φορτικῶτερον
963 3069 994 3135 δέ
1017 3096 1045 3138 τι

312 3176 484 3258 ε’πίρχετοοί
506 3201 575 3262 μοι,
597 3176 745 3259 τρόφιμε,
773 3174 961 3256 συνγνώμην
985 3179 1012 3245 δ’
1035 3176 1102 3260 ἔχε.

312 3284 346 3349 τὸ
371 3284 405 3359 δη
429 3283 595 3363 λενθμενον
619 3287 672 3350 οὐκ
697 3283 780 3364 ἔχεις
806 3282 959 3350 ONsas

310 3390 368 3456 ὑπὸ
392 3397 450 3456 τῶν
473 3390 619 3468 ἀνορθῶν,
644 3386 678 3456 εὗ
703 3389 772 3456 ίσθι.

170 3499 335 3587 legebam
369 3497 449 3562 forte
483 3497 635 3562 Antonini
673 3503 731 3561 τῶν
763 3497 805 3567 είς
838 3494 946 3561 ἕοιυτθν
980 3495 1053 3560 libr.
1087 3494 1123 3560 V.
1159 3515 1226 3580 cap.
1264 3493 1317 3560 12.

125 3605 217 3673 θποῖοί
248 3602 318 3668 τινά
352 3604 396 3672 εἐι
428 3603 469 3668 τά
501 3610 564 3673 τοῖς
598 3612 724 3675 πολλοῖς
756 3603 901 3667 δοκοῦντω
931 3602 1041 3679 ἀγωθίι
1065 3601 1118 3664 nai
1144 3600 1220 3687 (leg.
1246 3599 1318 3682 κάν)

125 3711 262 3777 ἐντεῦθεν
297 3707 421 3787 λάβοις.
481 3710 518 3773 El
556 3707 617 3788 μοίρ
653 3733 699 3780 τις
735 3708 917 3784 ἐπινοήσειεν
954 3705 1135 3786 ὑποίρχοντοί
1171 3730 1239 3770 τινοι
1278 3710 1317 3780 ῶς

125 3819 245 3894 ἀληθῶς
270 3814 398 3893 ἀνωθά,
423 3810 480 3880 οίον
504 3813 663 3897 Φρθνησιν,
689 3799 900 3897 σωφροσύνην,
925 3813 1131 3891 δικοιιοσιίνην,
1155 3814 1316 3895 ἀνδρείων,

125 3929 179 3991 οὐκ
203 3923 242 3989 ἀν
266 3925 372 3987 τοιῖιτοι
396 3922 614 4001 προεπινονίσοις
639 3919 683 3987 ἔτι
709 3924 840 3987 ἀκοῶσοιι
865 3921 998 4011 δυνηθείη
1022 3921 1074 3985 τθ·

380 4028 458 4111 ,ὑπὸ
482 4033 523 4091 τῶ
548 4030 656 4105 ἀνωθῶ
681 4030 744 4108 γάρ
771 4028 849 4116 (οὐκ)
876 4025 1074 4109 ἑφοιρμθσει.”

126 4138 169 4203 τά
193 4135 225 4203 δέ
245 4160 286 4214 γε
305 4142 367 4206 τοῖς
390 4142 514 4207 πολλοῖς
535 4135 709 4216 φοοινθμενοι
728 4134 837 4212 tyara
858 4134 1075 4212 προεπινοησοος
1097 4157 1144 4205 τις
1167 4171 1187 4183 -
1211 4133 1317 4218 ῥρδίως

126 4245 248 4322 δέξετωι
272 4245 311 4314 ῶς
340 4243 451 4313 οἰκείως
476 4242 693 4320 ἐπιλεγόμενον
718 4243 752 4305 τὸ
779 4241 836 4306 ὑπὸ
860 4244 913 4305 τοῦ
939 4243 1080 4315 Κωμικοῶ
1104 4239 1264 4318 είρημὲνον.
1288 4248 1320 4308 et

124 4357 196 4439 post
223 4367 342 4436 pauca:
371 4347 467 4428 πρθιθι
500 4346 547 4414 οὖν
577 4347 627 4413 κοά
650 4349 745 4428 ε’ρῶτοο
766 4349 791 4413 εί
814 4344 958 4426 τιμητθον
979 4346 1031 4413 κοά
1053 4347 1163 4427 ἀρωθά
1182 4348 1319 4423 ὑποληπ-
