3034 4968
823 241 888 316 180

305 441 384 528 Pag.
409 438 486 504 252.
518 439 652 503 ε’ντεῦόεν
684 439 710 527 δ’
743 435 932 503 ’ἐκπλέοντι
964 437 1015 500 τόν
1046 433 1153 500 πόντον
1176 444 1263 510 νῆσος
1287 436 1430 502 Λευκοοίοι

261 549 365 626 μικρὸν
398 545 515 626 ἔχουτκ
549 545 620 622 πρίσ
646 548 699 617 τὴν
724 545 839 622 ἤπειρον
866 545 1023 608 διάπλουν.
1072 541 1170 608 Recte
1193 543 1361 608 Kramcrns
1389 545 1431 606 riv

262 663 428 724 ΚΟΛΠον,
454 671 567 735 nempe
591 651 641 713 τὸν
665 649 920 724 Ποσειδωνιοίτνν,
945 650 1000 714 sed
1023 647 1181 712 ἐκπλέοντι
1207 649 1429 713 inemendatum

262 758 401 844 reliquit.
451 757 600 820 Ἐκπλείν
630 776 704 819 oum
736 758 916 820 accusativo
944 755 1088 839 componi
1113 756 1242 838 nequit,
1268 762 1301 818 at
1324 761 1357 818 tu
1380 773 1434 818 cor-

261 865 331 950 rige
357 862 547 926 ΕΙΕπλέοντι
572 861 623 924 τὸν
645 861 770 924 κόλπον.
819 858 1010 945 Saepissime
1034 862 1068 923 in
1092 855 1181 923 codd
1214 857 1372 923 Strabonis
1392 865 1434 920 el(

261 972 293 1034 et
320 977 386 1032 ele
409 967 538 1034 confusa
561 966 701 1043 videbis,
723 971 756 1032 et
777 968 914 1030 εἰσπλεῖν
935 987 1008 1030 cum
1029 965 1209 1030 accusativo
1226 963 1368 1049 frequens
1379 968 1435 1038 est,

261 1078 299 1138 ut
329 1094 403 1160 pag.
424 1072 478 1137 84.
511 1071 682 1136 εἰσπλέοντι
713 1073 763 1136 τόν
795 1074 915 1136 κόλπον.
950 1076 982 1136 et
1005 1091 1077 1158 pag.
1102 1068 1178 1134 126.
1203 1071 1372 1134 εἰσπλέοντι
1393 1069 1434 1132 τόν

263 1181 404 1257 πορθμόν.
430 1184 461 1243 et
484 1199 558 1264 pag.
585 1177 658 1242 310.
685 1180 930 1242 alacarnensis
955 1176 1119 1260 Βόσπορον,
1144 1180 1177 1240 et
1200 1176 1272 1240 aliis
1295 1175 1379 1242 locis.

308 1284 411 1350 Nemo
430 1286 464 1348 in
487 1283 545 1348 tali
565 1303 599 1348 re
621 1285 718 1349 verbo
741 1285 865 1348 ἐκπλεῖν
890 1285 1011 1358 utitur,
1036 1281 1091 1346 sed
1115 1301 1154 1346 ex
1176 1284 1246 1367 ipsa
1267 1285 1315 1347 rei
1335 1287 1434 1346 natura

264 1391 436 1455 εἰσπλέοντι
459 1395 641 1474 usurpatur.

309 1599 389 1688 Peg.
415 1598 492 1666 257.
525 1598 720 1682 μεμφόμενοι
752 1599 803 1665 τόν
832 1597 979 1664 Ἀπόλλω
1012 1597 1065 1662 κοιί
1095 1599 1150 1672 τίρν
1169 1597 1320 1677 Ἄρτεμιν
1342 1601 1366 1664 εἰ
1388 1621 1435 1663 τοι·

266 1705 378 1770 οότΟΤ
407 1707 595 1786 τυγχοίνοιεν
626 1708 690 1769 οἰνό’
719 1702 757 1770 ὧν
788 1705 946 1780 ἐπιμόρουν
978 1707 1095 1777 αὐτοῖς.
1146 1704 1234 1792 Lege
1264 1706 1435 1770 Ἀπόλλυνιο

266 1812 475 1898 (scribebatur
503 1798 623 1897 οἰπόλόό)
647 1817 680 1877 ct
702 1812 872 1876 τοιούτΩΝ
895 1810 1094 1890 τυγχάνοιεν.

311 2021 440 2088 Srnnnc
461 2045 535 2112 pag.
551 2022 628 2089 259.
651 2023 776 2110 flagitia
795 2021 943 2108 Dionysii
960 2025 993 2086 in
1014 2023 1157 2108 virgines
1174 2021 1343 2086 Locrenses
1366 2021 1437 2086 edita

267 2149 519 2195 commemorans
548 2133 596 2194 ita
626 2131 754 2194 scribit:
789 2128 976 2204 συνοογοογὼν
1008 2129 1038 2191 δὲ
1070 2129 1128 2197 τόις
1152 2127 1266 2204 ὡραίοις
1291 2127 1435 2208 πκρόὲνους

267 2237 425 2314 περιτερόις
458 2236 636 2312 όλοπτέρους
668 2235 697 2297 ἒν
728 2241 790 2304 τοῖς
821 2234 1000 2308 συμποσίοις
1031 2232 1115 2312 ἠφίει
1140 2235 1285 2300 κιίκείνσιε
1310 2234 1437 2296 ε’κέλευοε

266 2343 414 2418 ranem
446 2342 582 2416 γυμνός.
631 2338 730 2404 Recte
761 2338 910 2403 Meinelre
947 2338 1034 2402 Vinci.
1067 2338 1162 2402 Strab.
1196 2360 1270 2427 pag.
1297 2338 1350 2404 60.
1377 2345 1437 2401 ΘΗ·

236 2439 239 2447 ’
264 2444 359 2523 ρεόειν
381 2448 538 2530 reposuit,
562 2445 617 2510 sed
640 2445 723 2529 quod
749 2447 969 2524 ΚΟλοπτόρους
993 2465 1049 2529 pro
1080 2444 1259 2523 όλοπτέρους
1283 2440 1438 2530 reponebat

262 2551 349 2638 fugit
379 2573 453 2616 cum
484 2554 582 2616 ratio:
613 2571 675 2616 non
708 2551 822 2616 fuisset
850 2554 936 2616 enim
967 2550 1063 2637 longa
1092 2552 1220 2616 venatio
1243 2554 1271 2616 si
1294 2549 1436 2616 columbis

258 2662 370 2740 ρίιιιιιισ
391 2657 562 2738 incidisset,
585 2677 665 2740 quae
689 2656 748 2720 alis
771 2659 906 2743 integris
929 2656 1222 2722 circumvolitantes
1245 2656 1382 2722 multum
1401 2653 1438 2717 ln

264 2870 395 2932 incidere
428 2874 476 2933 est
505 2873 563 2932 τῶν
594 2875 753 2946 περιτεριίν
791 2868 834 2932 rol
870 2869 1031 2949 ὠκύπτεροι
1062 2868 1204 2946 κόπτειν,
1241 2868 1437 2950 περικόπτεινῖ

265 2975 381 3058 quibus
403 2982 604 3060 opponuntur
629 2976 662 3039 οιί
686 2973 853 3054 όλόπτεροι.

309 3183 435 3250 Sunnno
459 3206 533 3273 pag.
553 3185 630 3250 260.
655 3187 693 3251 de
712 3185 846 3250 Zalenoo
869 3186 996 3250 scribit:
1020 3192 1078 3249 τῶν
1099 3183 1240 3262 πρότερον
1260 3187 1319 3258 τὰς
1338 3185 1439 3266 (natac

267 3300 330 3362 τοῖς
356 3293 498 3363 δικοιςκίς
534 3292 763 3370 ἐπιτρεψάντων
793 3289 897 3370 όρίζειν
929 3292 980 3370 ἐφ’
1010 3291 1129 3362 ἑκόςοις
1165 3299 1228 3363 τοῖς
1264 3294 1440 3370 carneam
1504 3297 1505 3332 l

263 3399 374 3468 ἐκεῖνος
408 3400 437 3462 ἕν
467 3409 531 3470 τοῖς
563 3399 661 3474 νόμοις
686 3397 814 3475 διώρισεν
846 3399 1010 3474 ἡγούμενος
1036 3396 1094 3468 τοίς
1120 3405 1213 3462 ΜΕΝ
1239 3401 1366 3476 γνώοος
1391 3403 1441 3461 τῶν

265 3505 395 3570 δικοιςιῖνν
426 3505 497 3583 οὑχί
527 3504 587 3574 τόις
618 3503 720 3573 οινίτόος
751 3498 828 3567 εἰνοιι
860 3505 926 3582 περὶ
959 3510 1016 3566 τῶν
1053 3505 1154 3566 αὐτῶν
1186 3514 1299 3570 ΔΕΙΝ
1323 3505 1353 3569 δὲ
1390 3503 1440 3571 τοίς
1503 3497 1504 3540 ³

265 3611 378 3679 οιιίτοίς.
416 3609 621 3674 Manifestam
641 3609 789 3674 lacunam
812 3614 896 3673 recte
915 3609 1057 3694 explevit
1073 3609 1224 3676 Meineke
1249 3613 1335 3676 Vina.
1355 3610 1444 3674 erac.

264 3734 338 3800 pag.
361 3713 414 3778 60.
438 3717 471 3778 in
501 3715 586 3779 hunc
609 3715 760 3780 modum:
783 3751 824 3763 -·-
847 3715 912 3793 περί
936 3722 995 3779 τῶν
1024 3717 1142 3793 αὐτῶν,
1170 3717 1240 3802 (τός
1266 3719 1298 3784 δὲ
1321 3717 1442 3800 (nuiss)

266 3820 327 3883 δεῖν
350 3815 426 3882 εἰνκι
450 3821 509 3882 τοο
534 3819 646 3890 οιιίτοίσ.
694 3819 756 3886 Sed
779 3842 841 3887 non
866 3828 914 3885 est
937 3824 1022 3886 satis.
1071 3823 1196 3888 Iudices
1216 3828 1300 3889 enim
1324 3828 1358 3889 in
1380 3842 1444 3908 poe

264 3944 306 3990 na
340 3925 537 3990 aestimanda
567 3946 631 3991 non
661 3949 771 4010 σσνκρον
800 3927 1002 3993 dissentiunt.
1048 3927 1159 4014 Itaque
1191 3932 1236 3996 sio
1259 3930 1443 4018 legendum:

264 4032 324 4100 τοίς
347 4031 404 4105 μὲν
427 4032 556 4109 γνώμας
580 4040 638 4096 τῶν
660 4032 790 4100 δικκτοίν
815 4035 885 4115 crixi
910 4035 970 4107 τοίς
996 4036 1098 4105 οιύτόιι
1123 4031 1199 4100 εἰνοιι
1224 4039 1291 4113 τερί
1315 4043 1375 4100 τῶν
1398 4034 1446 4096 ari·

263 4145 320 4202 τῶν
342 4139 444 4216 ·’ΛΕΙ,
469 4138 528 4211 τοίς
552 4139 582 4202 δὲ
606 4138 721 4220 ζνμίοις
746 4139 811 4203 xri.
848 4138 977 4205 Scribas
999 4139 1086 4205 oculi
1106 4141 1147 4206 ab
1165 4149 1237 4207 ΑΕΙ
1259 4141 1446 4228 adsequens

265 4231 344 4315 Δεῖ
363 4251 560 4315 abonanms.

264 2763 350 2826 boris
374 2768 406 2827 ot
429 2762 650 2826 molestiarum
675 2764 799 2826 miseris
822 2762 938 2846 puellis
962 2763 1163 2827 exhibebant.
1213 2763 1361 2828 Οοόιιοιόίσ
1382 2760 1438 2823 οἱον
1506 2803 1507 2818 .
