3052 4970
677 231 741 300 391

385 421 402 497 ἢ
426 429 544 488 ΚΑΤΑ
567 420 662 486 δαῖτα
686 418 797 495 κλητὸς
821 421 982 501 έτεόγεαις

119 547 177 593 non
199 525 285 604 μετόν
309 527 414 593 δαῖτα.
440 532 472 592 et
494 525 655 592 Homerus
676 533 717 590 T.
742 524 820 592 846.

341 634 366 698 οἱ
391 631 422 697 δέ
446 632 481 708 δη
504 629 596 698 ἄλλοι
620 631 772 711 Οἴχονται
796 641 914 698 ΚΑΤΑ
938 632 1066 701 δεῖτνον.

118 760 177 805 non
207 741 291 826 quod
320 738 475 825 vulgatur
502 737 589 817 μετὰ
613 739 739 803 δεῖτνον.
787 736 850 805 Sed
872 740 950 805 haec
973 741 1085 808 obiter.
1130 742 1237 811 Redeo
1260 747 1301 812 ad

117 847 290 912 Aristarchi
312 843 425 922 λέξεις.

158 1056 209 1122 Ad
231 1055 323 1121 Iliad.
347 1066 379 1120 Β.
407 1053 483 1121 125.

340 1168 449 1242 Τρῶας
473 1161 530 1238 μὲν
552 1159 701 1239 λέξασθαι
724 1159 840 1244 ε’Φέςιοι
864 1157 945 1227 όστοι
970 1161 1064 1228 έατιν.

157 1267 337 1356 Didymust
361 1265 547 1348 Ἀριςιέςχον
567 1265 666 1345 λέξεις
690 1268 724 1333 έκ
747 1275 806 1333 τῶν
827 1268 1067 1347 ὑπομνημάτων.
1087 1271 1163 1349 „sav
1183 1273 1234 1339 καὶ
1256 1276 1299 1341 τθο

116 1373 228 1439 ταιδόα
257 1374 309 1438 καὶ
340 1374 410 1446 τοὺς
443 1372 625 1454 τρεσβθτας
656 1375 877 1455 οὶμθμθτωτιν,
909 1375 942 1439 οὐ
974 1377 1017 1453 μη
1053 1375 1202 1454 γένωνται
1238 1377 1298 1447 θτοι

115 1481 212 1556 ἡμεῖς.
237 1485 326 1545 τοῦτο
350 1479 381 1544 δέ
405 1479 547 1566 (έΦέτιοι)
571 1477 615 1547 έςδ
640 1479 890 1545 κατοικίδιον
913 1480 966 1546 καὶ
991 1479 1165 1550 ένανλοι.
1190 1486 1242 1551 καὶ
1267 1489 1297 1552 έν

115 1587 299 1670 Ὀδυσσείᾳ·
325 1585 364 1674 (ζ.
390 1584 481 1671 265).

430 1695 524 1757 τοῖτιν
546 1689 610 1772 γὰρ
634 1687 749 1760 έτότιόν
773 1692 835 1761 ε’ςιν
859 1689 969 1774 ἑκοόςςο.

113 1798 179 1864 θοεδ
205 1797 381 1878 κατθλνμα
403 1798 491 1878 ταρθι
514 1805 552 1879 τῇ
576 1794 652 1872 νηΐ.”

154 1996 207 2064 Ad
227 1993 319 2060 Iliad.
339 2004 372 2058 Β.
395 1990 471 2057 420.
491 1991 574 2068 λέξις
588 1988 747 2057 ὑτόκειται
758 1990 808 2056 διόο
821 1995 874 2057 τοῦ
888 2003 916 2059 Α
930 1999 989 2057 τῶν
1001 1993 1240 2075 θτομνημοθτον,
1255 2039 1297 2052 ..

229 2102 326 2180 ,μέλλ’
348 2095 403 2178 θγε
428 2097 514 2164 δέκτο
539 2098 594 2177 μέν
618 2097 688 2179 ἱροὶ,
712 2096 800 2163 τόνον
824 2097 849 2162 δ’
874 2099 1003 2168 θλόατον
1026 2100 1171 2183 ὄφελλεν.

110 2203 166 2273 οἷον
190 2205 281 2274 arm
305 2206 454 2285 ἐσήμηνεν
478 2202 534 2273 ὅτε
558 2205 664 2282 λέγειν
687 2204 756 2276 τοὺς
777 2203 906 2281 μοέντεις
929 2201 975 2270 ὅτι
994 2206 1146 2276 δέδεκται.
1165 2218 1297 2280 τοιοῦτον

108 2314 213 2393 μέντοι
246 2311 333 2380 τθνον
365 2313 470 2383 αὐτοῖς
502 2306 591 2388 ηὖξεν
625 2307 655 2376 όν
687 2313 740 2376 οὐκ
764 2310 802 2376 ἂν
825 2312 1005 2379 ε’κκλόναιεν.
1029 2324 1148 2393 γελοῖον
1171 2319 1235 2401 γόος
1259 2319 1298 2387 θον

109 2419 142 2498 ἦν
164 2424 191 2488 εἰ
217 2419 262 2498 μη
288 2419 380 2485 ε’τοόει
403 2418 526 2484 τοῦτο.”

151 2601 246 2668 Iliad.
270 2610 304 2664 B.
331 2597 407 2665 435.

381 2703 494 2784 μηκέτι
518 2707 568 2768 νῦν
591 2702 654 2777 δήθ’
678 2697 746 2768 αὖθι
769 2703 946 2782 λεγώμεθα.

150 2814 332 2901 Didymus:
365 2808 457 2885 οθτοις
485 2812 519 2876 αἱ
543 2806 730 2890 Ἀςιςοέοχοιι
756 2807 856 2886 λέξεις
881 2811 916 2874 ἐκ
938 2813 991 2874 τοῦ
1015 2820 1050 2875 Β.
1072 2819 1128 2887 τῆς
1153 2812 1296 2891 Ἰλιοθδος.

107 2917 239 3001 ,,δηθοθ
263 2917 359 2984 τολὺν
380 2917 504 2998 χρόνον,
531 2912 618 2982 αὖθι
642 2918 754 2992 αὐτοῦ,
781 2913 998 2994 λεγθμεθα
1024 2918 1294 3001 τνναθροιζθμεθοο.

105 3027 118 3092 θ
142 3025 175 3092 δὲ
200 3024 293 3102 λόγος
317 3028 472 3097 τοιοῦτος·
497 3021 607 3100 μηκέτι
632 3026 683 3087 νῦν
703 3020 753 3085 έτὶ
774 3020 871 3086 τολὺν
893 3019 1000 3101 χρόνον
1025 3024 1121 3088 αὐτοῦ
1145 3027 1295 3108 συνηθροι-

104 3132 211 3213 σμένοι
235 3130 385 3210 μένωμεν.
431 3128 594 3205 Ζηνόδοτος
618 3127 649 3193 δὲ
674 3137 770 3193 τοιεῖ·

334 3235 446 3315 μηκέτι
470 3234 554 3322 (add.
579 3233 628 3321 δη)
654 3238 705 3300 νῦν
727 3239 833 3299 ταῦτα
856 3229 1052 3312 λεγθιμεθα.”

148 3419 246 3486 Iliad.
270 3427 305 3484 Γ.
330 3415 407 3483 406.

460 3523 530 3588 θεῶν
554 3521 579 3585 δ’
602 3519 736 3586 οὶτόειτε
758 3518 928 3593 κελεύθους.

147 3631 330 3718 Didymus:
361 3627 546 3710 Ἀρόςοιργςος
577 3627 757 3693 θιτόειΚε
785 3626 835 3692 διοδ
866 3629 919 3689 τοῦ
944 3633 970 3689 K
994 3625 1046 3689 καὶ
1071 3625 1163 3706 χωρὶς
1187 3633 1240 3693 τοῦ
1266 3641 1292 3696 Σ

100 3735 287 3804 κελεθθΟΤ.
312 3773 356 3784 -
379 3735 556 3815 τροσθιθτειν
579 3755 630 3812 μοι
650 3731 723 3797 δοκῶ
743 3731 796 3796 καὶ
817 3732 871 3806 την
892 3729 1079 3812 Ἀριςοθρχον
1099 3730 1183 3809 λέξιν
1201 3731 1293 3810 οὕτως

100 3843 260 3924 ἔχουσαν·
297 3849 372 3920 »τῆς
408 3842 439 3906 δέ
474 3841 517 3913 εἷς
548 3840 619 3911 τοὺς
650 3839 732 3912 θεοὺς
765 3837 831 3902 έδοῦ
863 3831 926 3901 εἶκε
957 3835 1010 3900 καὶ
1043 3837 1223 3922 παραχώρει
1247 3844 1292 3921 μὴ

99 3950 283 4032 βαδίζοντα
306 3949 348 4022 εἰς
372 3945 515 4018 αὐτούς.”

145 4130 203 4198 Ad
225 4127 317 4194 niad.
342 4137 381 4193 τ.
408 4122 487 4192 470.

198 4235 233 4299 έκ
259 4232 290 4298 δέ
312 4256 351 4298 τοι
375 4231 457 4315 ἦταρ
479 4230 613 4309 όλιτθεν,
636 4231 719 4314 οὶτοὶρ
742 4231 844 4310 μέλαν
869 4225 952 4311 αἷμα
981 4231 1054 4296 κατ’
1078 4232 1175 4298 αὐτοῦ

200 4338 314 4406 κόλτον
335 4338 510 4415 ένέτληοεν.
