<?xml version="1.0" encoding="UTF-8"?>
<!DOCTYPE html PUBLIC "-//W3C//DTD XHTML 1.0 Transitional//EN"
    "http://www.w3.org/TR/xhtml1/DTD/xhtml1-transitional.dtd">
<html xmlns="http://www.w3.org/1999/xhtml" xml:lang="en" lang="en">
 <head>
  <title>
</title>
<meta http-equiv="Content-Type" content="text/html;charset=utf-8" />
  <meta name='ocr-system' content='tesseract 3.04.00' />
  <meta name='ocr-capabilities' content='ocr_page ocr_carea ocr_par ocr_line ocrx_word'/>
</head>
<body>
  <div class='ocr_page' id='page_1' title='image "./miscellaneacrit02cobegoog_0511.png"; bbox 0 0 3086 4968; ppageno 0'>
   <div class='ocr_carea' id='block_1_1' title="bbox 688 211 752 283">
    <p class='ocr_par' dir='ltr' id='par_1_1' title="bbox 688 211 752 283">
     <span class='ocr_line' id='line_1_1' title="bbox 688 211 752 283; baseline 0 -1"><span class='ocrx_word' id='word_1_1' title='bbox 688 211 752 283; x_wconf 82' lang='grc'><strong>487</strong></span> 
     </span>
    </p>
   </div>
   <div class='ocr_carea' id='block_1_2' title="bbox 123 403 1316 909">
    <p class='ocr_par' dir='ltr' id='par_1_2' title="bbox 123 403 1316 909">
     <span class='ocr_line' id='line_1_2' title="bbox 125 403 1315 491; baseline 0.001 -20"><span class='ocrx_word' id='word_1_2' title='bbox 125 403 189 472; x_wconf 89' lang='lat' dir='ltr'><strong>cles</strong></span> <span class='ocrx_word' id='word_1_3' title='bbox 219 408 289 491; x_wconf 87' lang='lat' dir='ltr'><strong>ipse</strong></span> <span class='ocrx_word' id='word_1_4' title='bbox 318 405 468 484; x_wconf 77' lang='grc' dir='ltr'><strong><em>βέβηκε,</em></strong></span> <span class='ocrx_word' id='word_1_5' title='bbox 492 428 567 472; x_wconf 89' lang='lat' dir='ltr'><strong>nam</strong></span> <span class='ocrx_word' id='word_1_6' title='bbox 590 427 698 472; x_wconf 85' lang='lat' dir='ltr'><strong>sensus</strong></span> <span class='ocrx_word' id='word_1_7' title='bbox 722 409 770 470; x_wconf 87' lang='lat' dir='ltr'><strong>est</strong></span> <span class='ocrx_word' id='word_1_8' title='bbox 792 404 912 471; x_wconf 80' lang='grc' dir='ltr'><strong><em>δέδοικα</em></strong></span> <span class='ocrx_word' id='word_1_9' title='bbox 936 408 979 484; x_wconf 80' lang='grc' dir='ltr'><strong><em>μή</em></strong></span> <span class='ocrx_word' id='word_1_10' title='bbox 1003 405 1178 480; x_wconf 77' lang='grc' dir='ltr'><strong>τέόνηκθΝ.</strong></span> <span class='ocrx_word' id='word_1_11' title='bbox 1226 403 1315 472; x_wconf 88' lang='lat' dir='ltr'><strong>Haec</strong></span> 
     </span>
     <span class='ocr_line' id='line_1_3' title="bbox 124 511 1312 600; baseline -0.002 -22"><span class='ocrx_word' id='word_1_12' title='bbox 124 516 234 578; x_wconf 88' lang='lat' dir='ltr'><strong>omnia</strong></span> <span class='ocrx_word' id='word_1_13' title='bbox 265 513 305 578; x_wconf 89' lang='lat' dir='ltr'><strong>ad</strong></span> <span class='ocrx_word' id='word_1_14' title='bbox 332 514 465 578; x_wconf 91' lang='lat' dir='ltr'><strong>eandem</strong></span> <span class='ocrx_word' id='word_1_15' title='bbox 489 513 670 600; x_wconf 78' lang='lat' dir='ltr'>analogiam</span> <span class='ocrx_word' id='word_1_16' title='bbox 693 512 830 577; x_wconf 85' lang='lat' dir='ltr'><strong>formata</strong></span> <span class='ocrx_word' id='word_1_17' title='bbox 853 516 943 576; x_wconf 87' lang='lat' dir='ltr'><strong>sunt:</strong></span> <span class='ocrx_word' id='word_1_18' title='bbox 968 511 1151 592; x_wconf 81' lang='grc' dir='ltr'><strong><em>φοβοῦμαι,</em></strong></span> <span class='ocrx_word' id='word_1_19' title='bbox 1176 511 1312 590; x_wconf 86' lang='grc' dir='ltr'><strong><em>δέδοικα,</em></strong></span> 
     </span>
     <span class='ocr_line' id='line_1_4' title="bbox 125 616 1313 704; baseline 0 -22"><span class='ocrx_word' id='word_1_20' title='bbox 125 617 309 697; x_wconf 71' lang='grc' dir='ltr'><strong><em>ε’ξετλοὲρην</em></strong></span> <span class='ocrx_word' id='word_1_21' title='bbox 332 621 376 697; x_wconf 92' lang='grc' dir='ltr'><strong><em>μή</em></strong></span> <span class='ocrx_word' id='word_1_22' title='bbox 410 641 485 685; x_wconf 89' lang='lat' dir='ltr'><strong>cum</strong></span> <span class='ocrx_word' id='word_1_23' title='bbox 505 620 642 704; x_wconf 71' lang='lat' dir='ltr'><strong>perficio</strong></span> <span class='ocrx_word' id='word_1_24' title='bbox 674 616 859 697; x_wconf 79' lang='grc' dir='ltr'><strong><em>ἠμοόρτηκα,</em></strong></span> <span class='ocrx_word' id='word_1_25' title='bbox 891 617 1103 696; x_wconf 81' lang='grc' dir='ltr'><strong><em>ἐντετύχηκα,</em></strong></span> <span class='ocrx_word' id='word_1_26' title='bbox 1138 617 1313 696; x_wconf 72' lang='grc' dir='ltr'><strong><em>διάκειμαι,</em></strong></span> 
     </span>
     <span class='ocr_line' id='line_1_5' title="bbox 125 723 1316 808; baseline -0.001 -18"><span class='ocrx_word' id='word_1_27' title='bbox 125 726 282 804; x_wconf 80' lang='grc' dir='ltr'><strong><em>ε’ξέςηκα,</em></strong></span> <span class='ocrx_word' id='word_1_28' title='bbox 302 725 437 801; x_wconf 76' lang='grc' dir='ltr'><strong><em>λέληθα,</em></strong></span> <span class='ocrx_word' id='word_1_29' title='bbox 464 724 600 804; x_wconf 81' lang='grc' dir='ltr'><strong><em>βέβηκα.</em></strong></span> <span class='ocrx_word' id='word_1_30' title='bbox 636 724 757 790; x_wconf 74' lang='lat' dir='ltr'><strong>liudem</strong></span> <span class='ocrx_word' id='word_1_31' title='bbox 783 724 1010 808; x_wconf 76' lang='lat' dir='ltr'><strong>compositione</strong></span> <span class='ocrx_word' id='word_1_32' title='bbox 1030 743 1108 788; x_wconf 91' lang='lat' dir='ltr'><strong>usus</strong></span> <span class='ocrx_word' id='word_1_33' title='bbox 1127 723 1316 789; x_wconf 88' lang='lat' dir='ltr'><strong>Demosthe</strong></span> 
     </span>
     <span class='ocr_line' id='line_1_6' title="bbox 123 828 985 909; baseline -0.002 -13"><span class='ocrx_word' id='word_1_34' title='bbox 123 853 181 899; x_wconf 84' lang='lat' dir='ltr'><strong>nes</strong></span> <span class='ocrx_word' id='word_1_35' title='bbox 205 833 347 898; x_wconf 83' lang='lat' dir='ltr'>dixerat:</span> <span class='ocrx_word' id='word_1_36' title='bbox 372 831 491 898; x_wconf 81' lang='grc' dir='ltr'><strong><em>δέδοικα</em></strong></span> <span class='ocrx_word' id='word_1_37' title='bbox 513 833 558 909; x_wconf 92' lang='grc' dir='ltr'><strong><em>μή</em></strong></span> <span class='ocrx_word' id='word_1_38' title='bbox 579 867 620 878; x_wconf 89' lang='grc'>-</span> <span class='ocrx_word' id='word_1_39' title='bbox 642 831 713 908; x_wconf 77' lang='grc' dir='ltr'><strong><em>ὑμῖν</em></strong></span> <span class='ocrx_word' id='word_1_40' title='bbox 738 828 985 908; x_wconf 77' lang='grc' dir='ltr'><strong><em>ε’μτετοόηκΕΝ.</em></strong></span> 
     </span>
    </p>
   </div>
   <div class='ocr_carea' id='block_1_3' title="bbox 125 1081 1320 2658">
    <p class='ocr_par' dir='ltr' id='par_1_3' title="bbox 125 1081 1319 2127">
     <span class='ocr_line' id='line_1_7' title="bbox 169 1081 1317 1174; baseline -0.002 -24"><span class='ocrx_word' id='word_1_41' title='bbox 169 1086 254 1174; x_wconf 86' lang='lat' dir='ltr'>Pag.</span> <span class='ocrx_word' id='word_1_42' title='bbox 279 1085 355 1152; x_wconf 84' lang='lat'><strong>343.</strong></span> <span class='ocrx_word' id='word_1_43' title='bbox 381 1085 412 1152; x_wconf 89' lang='grc'><strong>9.</strong></span> <span class='ocrx_word' id='word_1_44' title='bbox 438 1087 451 1150; x_wconf 82' lang='grc' dir='ltr'><strong><em>ό</em></strong></span> <span class='ocrx_word' id='word_1_45' title='bbox 475 1087 527 1152; x_wconf 85' lang='grc' dir='ltr'><strong>τόν</strong></span> <span class='ocrx_word' id='word_1_46' title='bbox 550 1084 640 1164; x_wconf 90' lang='grc' dir='ltr'><strong><em>νόμον</em></strong></span> <span class='ocrx_word' id='word_1_47' title='bbox 660 1084 750 1158; x_wconf 79' lang='grc' dir='ltr'><strong><em>τιόεὶς</em></strong></span> <span class='ocrx_word' id='word_1_48' title='bbox 774 1123 816 1133; x_wconf 94' lang='grc'><strong>-</strong></span> <span class='ocrx_word' id='word_1_49' title='bbox 836 1085 944 1156; x_wconf 80' lang='grc' dir='ltr'><strong><em>οὶτλῶς</em></strong></span> <span class='ocrx_word' id='word_1_50' title='bbox 969 1081 1036 1149; x_wconf 80' lang='grc' dir='ltr'><strong><em>εἶτε</em></strong></span> <span class='ocrx_word' id='word_1_51' title='bbox 1059 1084 1209 1161; x_wconf 76' lang='grc' dir='ltr'><strong><em>μηδαμῶς</em></strong></span> <span class='ocrx_word' id='word_1_52' title='bbox 1239 1083 1317 1164; x_wconf 81' lang='grc' dir='ltr'><strong><em>δῶρα</em></strong></span> 
     </span>
     <span class='ocr_line' id='line_1_8' title="bbox 125 1187 1318 1274; baseline -0.003 -17"><span class='ocrx_word' id='word_1_53' title='bbox 125 1191 326 1271; x_wconf 73' lang='grc' dir='ltr'><strong><em>λαμβάνειν,</em></strong></span> <span class='ocrx_word' id='word_1_54' title='bbox 363 1191 530 1272; x_wconf 73' lang='grc' dir='ltr'><strong><em>ἠηοόμενος</em></strong></span> <span class='ocrx_word' id='word_1_55' title='bbox 552 1230 593 1240; x_wconf 89' lang='grc'>-</span> <span class='ocrx_word' id='word_1_56' title='bbox 614 1192 665 1256; x_wconf 82' lang='grc' dir='ltr'><strong>τὸν</strong></span> <span class='ocrx_word' id='word_1_57' title='bbox 699 1187 791 1266; x_wconf 78' lang='grc' dir='ltr'><strong><em>όότοιξ</em></strong></span> <span class='ocrx_word' id='word_1_58' title='bbox 825 1191 969 1270; x_wconf 76' lang='grc' dir='ltr'><strong><em>λαβόντα</em></strong></span> <span class='ocrx_word' id='word_1_59' title='bbox 1005 1191 1072 1274; x_wconf 71' lang='grc' dir='ltr'><strong><em>[καὶ</em></strong></span> <span class='ocrx_word' id='word_1_60' title='bbox 1107 1190 1318 1272; x_wconf 75' lang='grc' dir='ltr'><strong><em>διαφθαρέντα</em></strong></span> 
     </span>
     <span class='ocr_line' id='line_1_9' title="bbox 126 1293 1318 1384; baseline -0.004 -21"><span class='ocrx_word' id='word_1_61' title='bbox 126 1301 226 1363; x_wconf 73' lang='grc' dir='ltr'><strong>’ΤΠΟ</strong></span> <span class='ocrx_word' id='word_1_62' title='bbox 252 1297 440 1384; x_wconf 72' lang='grc' dir='ltr'><strong><em>χρημάτων]</em></strong></span> <span class='ocrx_word' id='word_1_63' title='bbox 465 1299 530 1363; x_wconf 79' lang='grc' dir='ltr'><strong><em>οὐδὲ</em></strong></span> <span class='ocrx_word' id='word_1_64' title='bbox 554 1297 655 1378; x_wconf 89' lang='grc' dir='ltr'><strong><em>κριτήν</em></strong></span> <span class='ocrx_word' id='word_1_65' title='bbox 679 1293 723 1361; x_wconf 80' lang='grc' dir='ltr'><strong><em>ἔτι</em></strong></span> <span class='ocrx_word' id='word_1_66' title='bbox 747 1303 806 1362; x_wconf 83' lang='grc' dir='ltr'><strong>τῶν</strong></span> <span class='ocrx_word' id='word_1_67' title='bbox 826 1296 1042 1378; x_wconf 80' lang='grc' dir='ltr'><strong><em>συμφερόντων</em></strong></span> <span class='ocrx_word' id='word_1_68' title='bbox 1062 1298 1198 1380; x_wconf 72' lang='grc' dir='ltr'><strong><em>οἱσφοιλή</em></strong></span> <span class='ocrx_word' id='word_1_69' title='bbox 1218 1295 1318 1374; x_wconf 79' lang='grc' dir='ltr'><strong><em>μένειν</em></strong></span> 
     </span>
     <span class='ocr_line' id='line_1_10' title="bbox 126 1401 1319 1487; baseline -0.001 -17"><span class='ocrx_word' id='word_1_70' title='bbox 126 1413 165 1487; x_wconf 81' lang='grc' dir='ltr'><strong><em>τή</em></strong></span> <span class='ocrx_word' id='word_1_71' title='bbox 201 1403 303 1470; x_wconf 83' lang='grc' dir='ltr'><strong><em>πόλει.</em></strong></span> <span class='ocrx_word' id='word_1_72' title='bbox 352 1404 655 1470; x_wconf 79' lang='lat' dir='ltr'><strong>Nonnesatiserat</strong></span> <span class='ocrx_word' id='word_1_73' title='bbox 680 1403 857 1468; x_wconf 69' lang='lat' dir='ltr'><strong>dicereris</strong></span> <span class='ocrx_word' id='word_1_74' title='bbox 882 1401 1161 1482; x_wconf 69' lang='grc' dir='ltr'><strong><em>ι’όταξλαβόνταό</em></strong></span> <span class='ocrx_word' id='word_1_75' title='bbox 1206 1403 1319 1469; x_wconf 83' lang='lat' dir='ltr'><strong>Nonne</strong></span> 
     </span>
     <span class='ocr_line' id='line_1_11' title="bbox 127 1508 1319 1596; baseline -0.003 -19"><span class='ocrx_word' id='word_1_76' title='bbox 127 1514 173 1577; x_wconf 91' lang='lat' dir='ltr'><strong>sic</strong></span> <span class='ocrx_word' id='word_1_77' title='bbox 203 1511 316 1596; x_wconf 82' lang='lat' dir='ltr'><strong>putide</strong></span> <span class='ocrx_word' id='word_1_78' title='bbox 347 1511 397 1575; x_wconf 92' lang='lat' dir='ltr'><strong>bis</strong></span> <span class='ocrx_word' id='word_1_79' title='bbox 428 1510 514 1575; x_wconf 91' lang='lat' dir='ltr'><strong>idem</strong></span> <span class='ocrx_word' id='word_1_80' title='bbox 547 1510 664 1574; x_wconf 86' lang='lat' dir='ltr'><strong>dicitur</strong></span> <span class='ocrx_word' id='word_1_81' title='bbox 695 1511 763 1573; x_wconf 89' lang='lat' dir='ltr'><strong>sine</strong></span> <span class='ocrx_word' id='word_1_82' title='bbox 792 1508 859 1574; x_wconf 95' lang='lat' dir='ltr'><strong>ullo</strong></span> <span class='ocrx_word' id='word_1_83' title='bbox 891 1511 1064 1574; x_wconf 87' lang='lat' dir='ltr'><strong>sententiae</strong></span> <span class='ocrx_word' id='word_1_84' title='bbox 1090 1514 1145 1575; x_wconf 88' lang='lat' dir='ltr'><strong>aut</strong></span> <span class='ocrx_word' id='word_1_85' title='bbox 1168 1512 1319 1577; x_wconf 85' lang='lat' dir='ltr'><strong>orationis</strong></span> 
     </span>
     <span class='ocr_line' id='line_1_12' title="bbox 128 1614 1318 1701; baseline -0.003 -19"><span class='ocrx_word' id='word_1_86' title='bbox 128 1614 366 1682; x_wconf 81' lang='lat' dir='ltr'><strong>emolumento?</strong></span> <span class='ocrx_word' id='word_1_87' title='bbox 411 1617 523 1701; x_wconf 89' lang='lat' dir='ltr'><strong>Neque</strong></span> <span class='ocrx_word' id='word_1_88' title='bbox 546 1618 632 1681; x_wconf 89' lang='lat' dir='ltr'><strong>enim</strong></span> <span class='ocrx_word' id='word_1_89' title='bbox 656 1617 830 1680; x_wconf 88' lang='lat' dir='ltr'><strong>sententiae</strong></span> <span class='ocrx_word' id='word_1_90' title='bbox 853 1617 904 1681; x_wconf 88' lang='lat' dir='ltr'><strong>vis</strong></span> <span class='ocrx_word' id='word_1_91' title='bbox 923 1620 1078 1700; x_wconf 84' lang='lat' dir='ltr'><strong>augetur,</strong></span> <span class='ocrx_word' id='word_1_92' title='bbox 1097 1637 1198 1701; x_wconf 89' lang='lat' dir='ltr'><strong>neque</strong></span> <span class='ocrx_word' id='word_1_93' title='bbox 1218 1617 1318 1682; x_wconf 88' lang='lat' dir='ltr'><strong>oratio</strong></span> 
     </span>
     <span class='ocr_line' id='line_1_13' title="bbox 128 1720 1318 1811; baseline -0.003 -24"><span class='ocrx_word' id='word_1_94' title='bbox 128 1724 260 1811; x_wconf 81' lang='lat' dir='ltr'><strong>gravior</strong></span> <span class='ocrx_word' id='word_1_95' title='bbox 292 1727 323 1787; x_wconf 91' lang='lat' dir='ltr'><strong>et</strong></span> <span class='ocrx_word' id='word_1_96' title='bbox 353 1725 550 1788; x_wconf 82' lang='lat' dir='ltr'><strong>numerosior</strong></span> <span class='ocrx_word' id='word_1_97' title='bbox 582 1721 697 1786; x_wconf 86' lang='lat' dir='ltr'><strong>accidit</strong></span> <span class='ocrx_word' id='word_1_98' title='bbox 721 1720 760 1785; x_wconf 89' lang='lat' dir='ltr'><strong>ad</strong></span> <span class='ocrx_word' id='word_1_99' title='bbox 784 1742 883 1786; x_wconf 87' lang='lat' dir='ltr'><strong>aures.</strong></span> <span class='ocrx_word' id='word_1_100' title='bbox 931 1721 1098 1787; x_wconf 85' lang='lat' dir='ltr'><strong>Praeterea</strong></span> <span class='ocrx_word' id='word_1_101' title='bbox 1122 1724 1226 1787; x_wconf 84' lang='lat' dir='ltr'><strong>estin</strong></span> <span class='ocrx_word' id='word_1_102' title='bbox 1247 1742 1318 1788; x_wconf 81' lang='lat' dir='ltr'><strong>ver-</strong></span> 
     </span>
     <span class='ocr_line' id='line_1_14' title="bbox 128 1827 1319 1914; baseline -0.002 -20"><span class='ocrx_word' id='word_1_103' title='bbox 128 1831 179 1895; x_wconf 88' lang='lat' dir='ltr'><strong>bis</strong></span> <span class='ocrx_word' id='word_1_104' title='bbox 210 1831 339 1894; x_wconf 78' lang='lat' dir='ltr'><strong>vilium.</strong></span> <span class='ocrx_word' id='word_1_105' title='bbox 388 1827 472 1908; x_wconf 81' lang='lat' dir='ltr'><strong>Quid</strong></span> <span class='ocrx_word' id='word_1_106' title='bbox 502 1830 544 1893; x_wconf 90' lang='lat' dir='ltr'><strong>sit</strong></span> <span class='ocrx_word' id='word_1_107' title='bbox 573 1830 717 1908; x_wconf 81' lang='grc' dir='ltr'><strong><em>χρήμασι</em></strong></span> <span class='ocrx_word' id='word_1_108' title='bbox 753 1827 957 1908; x_wconf 74' lang='grc' dir='ltr'><strong><em>διαφθαρῆναι</em></strong></span> <span class='ocrx_word' id='word_1_109' title='bbox 993 1827 1228 1914; x_wconf 81' lang='lat' dir='ltr'><strong>intelligimus,</strong></span> <span class='ocrx_word' id='word_1_110' title='bbox 1264 1827 1319 1892; x_wconf 88' lang='lat' dir='ltr'><strong>sed</strong></span> 
     </span>
     <span class='ocr_line' id='line_1_15' title="bbox 131 1931 1315 2020; baseline -0.003 -20"><span class='ocrx_word' id='word_1_111' title='bbox 131 1938 188 2000; x_wconf 84' lang='grc' dir='ltr'><strong><em>ὑτδ</em></strong></span> <span class='ocrx_word' id='word_1_112' title='bbox 218 1931 388 2016; x_wconf 73' lang='grc' dir='ltr'><strong><em>χρημάτων</em></strong></span> <span class='ocrx_word' id='word_1_113' title='bbox 419 1954 482 1999; x_wconf 94' lang='lat' dir='ltr'><strong>non</strong></span> <span class='ocrx_word' id='word_1_114' title='bbox 514 1937 605 2000; x_wconf 84' lang='lat' dir='ltr'><strong>item.</strong></span> <span class='ocrx_word' id='word_1_115' title='bbox 651 1933 790 1999; x_wconf 86' lang='lat' dir='ltr'><strong>Romani</strong></span> <span class='ocrx_word' id='word_1_116' title='bbox 821 1934 981 2016; x_wconf 70' lang='lat' dir='ltr'><strong>largitione</strong></span> <span class='ocrx_word' id='word_1_117' title='bbox 1015 1934 1315 2020; x_wconf 84' lang='lat' dir='ltr'><strong>corrumpebantur,</strong></span> 
     </span>
     <span class='ocr_line' id='line_1_16' title="bbox 129 2039 995 2127; baseline 0.001 -21"><span class='ocrx_word' id='word_1_118' title='bbox 129 2042 184 2106; x_wconf 87' lang='lat' dir='ltr'><strong>sed</strong></span> <span class='ocrx_word' id='word_1_119' title='bbox 208 2041 244 2103; x_wconf 85' lang='lat' dir='ltr'><strong>ob</strong></span> <span class='ocrx_word' id='word_1_120' title='bbox 268 2039 426 2120; x_wconf 73' lang='lat' dir='ltr'><strong>largitione</strong></span> <span class='ocrx_word' id='word_1_121' title='bbox 448 2061 542 2106; x_wconf 90' lang='lat' dir='ltr'><strong>nemo</strong></span> <span class='ocrx_word' id='word_1_122' title='bbox 564 2061 721 2125; x_wconf 92' lang='lat' dir='ltr'><strong>umquam</strong></span> <span class='ocrx_word' id='word_1_123' title='bbox 746 2045 913 2127; x_wconf 85' lang='lat' dir='ltr'><strong>corruptus</strong></span> <span class='ocrx_word' id='word_1_124' title='bbox 936 2045 995 2108; x_wconf 79' lang='lat' dir='ltr'><strong>esi.</strong></span> 
     </span>
    </p>

    <p class='ocr_par' dir='ltr' id='par_1_4' title="bbox 128 2144 1320 2658">
     <span class='ocr_line' id='line_1_17' title="bbox 174 2144 1319 2233; baseline -0.003 -21"><span class='ocrx_word' id='word_1_125' title='bbox 174 2146 298 2212; x_wconf 75' lang='lat' dir='ltr'><strong>Eadem</strong></span> <span class='ocrx_word' id='word_1_126' title='bbox 322 2150 369 2211; x_wconf 78' lang='lat' dir='ltr'><strong>est</strong></span> <span class='ocrx_word' id='word_1_127' title='bbox 392 2149 474 2211; x_wconf 77' lang='lat' dir='ltr'><strong>ratio</strong></span> <span class='ocrx_word' id='word_1_128' title='bbox 497 2147 560 2212; x_wconf 91' lang='lat' dir='ltr'><strong>loci</strong></span> <span class='ocrx_word' id='word_1_129' title='bbox 582 2168 656 2233; x_wconf 91' lang='lat' dir='ltr'><strong>pag.</strong></span> <span class='ocrx_word' id='word_1_130' title='bbox 680 2145 756 2210; x_wconf 86' lang='grc'><strong>344.</strong></span> <span class='ocrx_word' id='word_1_131' title='bbox 782 2145 835 2212; x_wconf 82' lang='grc'><strong>15.</strong></span> <span class='ocrx_word' id='word_1_132' title='bbox 855 2145 968 2224; x_wconf 75' lang='grc' dir='ltr'><strong><em>διεξιὼν</em></strong></span> <span class='ocrx_word' id='word_1_133' title='bbox 991 2147 1085 2222; x_wconf 86' lang='grc' dir='ltr'><strong><em>ἠλόκα</em></strong></span> <span class='ocrx_word' id='word_1_134' title='bbox 1102 2149 1158 2223; x_wconf 88' lang='grc' dir='ltr'><strong>τήν</strong></span> <span class='ocrx_word' id='word_1_135' title='bbox 1175 2144 1319 2211; x_wconf 78' lang='grc' dir='ltr'><strong><em>Ἐλλοόδα</em></strong></span> 
     </span>
     <span class='ocr_line' id='line_1_18' title="bbox 130 2251 1319 2337; baseline -0.002 -19"><span class='ocrx_word' id='word_1_136' title='bbox 130 2256 238 2318; x_wconf 82' lang='grc' dir='ltr'><strong><em>τῖισαν</em></strong></span> <span class='ocrx_word' id='word_1_137' title='bbox 257 2290 299 2300; x_wconf 92' lang='grc'>-</span> <span class='ocrx_word' id='word_1_138' title='bbox 321 2253 472 2318; x_wconf 68' lang='grc' dir='ltr'><strong><em>ἀδικοῦσιν</em></strong></span> <span class='ocrx_word' id='word_1_139' title='bbox 505 2255 530 2317; x_wconf 82' lang='grc' dir='ltr'><strong>οἱ</strong></span> <span class='ocrx_word' id='word_1_140' title='bbox 562 2252 787 2333; x_wconf 71' lang='grc' dir='ltr'><strong><em>δωροδοκοῦντες</em></strong></span> <span class='ocrx_word' id='word_1_141' title='bbox 815 2253 881 2337; x_wconf 78' lang='grc' dir='ltr'><strong><em>[καὶ</em></strong></span> <span class='ocrx_word' id='word_1_142' title='bbox 905 2255 1060 2334; x_wconf 81' lang='grc' dir='ltr'><strong><em>χρήματα</em></strong></span> <span class='ocrx_word' id='word_1_143' title='bbox 1084 2251 1319 2336; x_wconf 71' lang='grc' dir='ltr'><strong><em>λαμβάνοντες]</em></strong></span> 
     </span>
     <span class='ocr_line' id='line_1_19' title="bbox 130 2345 1319 2446; baseline -0.003 -21"><span class='ocrx_word' id='word_1_144' title='bbox 130 2345 218 2440; x_wconf 78' lang='grc' dir='ltr'><strong><em>ταρὰ</em></strong></span> <span class='ocrx_word' id='word_1_145' title='bbox 243 2358 409 2424; x_wconf 76' lang='grc' dir='ltr'><strong><em>Φιλίστου.</em></strong></span> <span class='ocrx_word' id='word_1_146' title='bbox 456 2358 540 2424; x_wconf 89' lang='lat' dir='ltr'><strong>Nata</strong></span> <span class='ocrx_word' id='word_1_147' title='bbox 564 2363 638 2423; x_wconf 88' lang='lat' dir='ltr'><strong>sunt</strong></span> <span class='ocrx_word' id='word_1_148' title='bbox 660 2358 781 2424; x_wconf 92' lang='lat' dir='ltr'><strong>insulsa</strong></span> <span class='ocrx_word' id='word_1_149' title='bbox 802 2360 880 2425; x_wconf 90' lang='lat' dir='ltr'><strong>haec</strong></span> <span class='ocrx_word' id='word_1_150' title='bbox 903 2360 1097 2426; x_wconf 86' lang='lat' dir='ltr'><strong>emblemata</strong></span> <span class='ocrx_word' id='word_1_151' title='bbox 1113 2379 1214 2446; x_wconf 91' lang='lat' dir='ltr'><strong>quum</strong></span> <span class='ocrx_word' id='word_1_152' title='bbox 1234 2359 1319 2439; x_wconf 86' lang='grc' dir='ltr'><strong><em>δωρο-</em></strong></span> 
     </span>
     <span class='ocr_line' id='line_1_20' title="bbox 129 2463 1320 2552; baseline -0.001 -21"><span class='ocrx_word' id='word_1_153' title='bbox 129 2467 226 2531; x_wconf 82' lang='grc' dir='ltr'><strong><em>δοκεῖν</em></strong></span> <span class='ocrx_word' id='word_1_154' title='bbox 255 2463 355 2552; x_wconf 75' lang='lat' dir='ltr'><strong>vulgo</strong></span> <span class='ocrx_word' id='word_1_155' title='bbox 388 2465 545 2529; x_wconf 81' lang='lat' dir='ltr'><strong>diceretur</strong></span> <span class='ocrx_word' id='word_1_156' title='bbox 575 2485 631 2551; x_wconf 89' lang='lat' dir='ltr'><strong>pro</strong></span> <span class='ocrx_word' id='word_1_157' title='bbox 663 2465 802 2548; x_wconf 67' lang='grc' dir='ltr'><strong><em>δεκάζειν</em></strong></span> <span class='ocrx_word' id='word_1_158' title='bbox 833 2467 885 2532; x_wconf 78' lang='grc' dir='ltr'><strong><em>καὶ</em></strong></span> <span class='ocrx_word' id='word_1_159' title='bbox 911 2466 988 2548; x_wconf 82' lang='grc' dir='ltr'><strong><em>δῶρα</em></strong></span> <span class='ocrx_word' id='word_1_160' title='bbox 1012 2466 1135 2533; x_wconf 88' lang='grc' dir='ltr'><strong><em>διδόναι.</em></strong></span> <span class='ocrx_word' id='word_1_161' title='bbox 1183 2464 1265 2532; x_wconf 86' lang='lat' dir='ltr'><strong>Vide</strong></span> <span class='ocrx_word' id='word_1_162' title='bbox 1287 2469 1320 2530; x_wconf 78' lang='lat' dir='ltr'><strong>et</strong></span> 
     </span>
     <span class='ocr_line' id='line_1_21' title="bbox 128 2569 547 2658; baseline -0.005 -21"><span class='ocrx_word' id='word_1_163' title='bbox 128 2591 225 2657; x_wconf 87' lang='lat' dir='ltr'><strong>supra</strong></span> <span class='ocrx_word' id='word_1_164' title='bbox 249 2571 289 2636; x_wconf 86' lang='lat' dir='ltr'><strong>ad</strong></span> <span class='ocrx_word' id='word_1_165' title='bbox 310 2591 385 2658; x_wconf 89' lang='lat' dir='ltr'><strong>pag.</strong></span> <span class='ocrx_word' id='word_1_166' title='bbox 410 2569 487 2636; x_wconf 88' lang='grc'><strong>241.</strong></span> <span class='ocrx_word' id='word_1_167' title='bbox 517 2570 547 2635; x_wconf 95' lang='grc'><strong>1.</strong></span> 
     </span>
    </p>
   </div>
   <div class='ocr_carea' id='block_1_4' title="bbox 128 2783 1320 3112">
    <p class='ocr_par' dir='ltr' id='par_1_5' title="bbox 128 2783 1320 3112">
     <span class='ocr_line' id='line_1_22' title="bbox 174 2783 1316 2900; baseline -0.002 -22"><span class='ocrx_word' id='word_1_168' title='bbox 174 2811 255 2900; x_wconf 86' lang='lat' dir='ltr'>Pag.</span> <span class='ocrx_word' id='word_1_169' title='bbox 293 2810 369 2876; x_wconf 84' lang='lat'><strong>343.</strong></span> <span class='ocrx_word' id='word_1_170' title='bbox 404 2811 457 2878; x_wconf 87' lang='grc'><strong>23.</strong></span> <span class='ocrx_word' id='word_1_171' title='bbox 495 2812 550 2890; x_wconf 81' lang='grc' dir='ltr'><strong><em>ε’μὲ</em></strong></span> <span class='ocrx_word' id='word_1_172' title='bbox 584 2813 641 2892; x_wconf 79' lang='grc' dir='ltr'><strong>μὲν</strong></span> <span class='ocrx_word' id='word_1_173' title='bbox 672 2816 795 2893; x_wconf 80' lang='grc' dir='ltr'><strong><em>φαῦλον</em></strong></span> <span class='ocrx_word' id='word_1_174' title='bbox 828 2812 969 2889; x_wconf 74' lang='grc' dir='ltr'><strong><em>ἠγεῑσόε,</em></strong></span> <span class='ocrx_word' id='word_1_175' title='bbox 1001 2783 1107 2875; x_wconf 82' lang='grc' dir='ltr'><strong><em>τοῦτον</em></strong></span> <span class='ocrx_word' id='word_1_176' title='bbox 1142 2810 1173 2874; x_wconf 75' lang='grc' dir='ltr'><strong><em>δὲ</em></strong></span> <span class='ocrx_word' id='word_1_177' title='bbox 1202 2809 1316 2893; x_wconf 74' lang='grc' dir='ltr'><strong><em>ἄφετε.</em></strong></span> 
     </span>
     <span class='ocr_line' id='line_1_23' title="bbox 128 2915 1320 3003; baseline -0.005 -17"><span class='ocrx_word' id='word_1_178' title='bbox 128 2919 224 2986; x_wconf 88' lang='lat' dir='ltr'><strong>scrib.</strong></span> <span class='ocrx_word' id='word_1_179' title='bbox 255 2917 387 2999; x_wconf 79' lang='grc' dir='ltr'><strong><em>ἠφίετε,</em></strong></span> <span class='ocrx_word' id='word_1_180' title='bbox 419 2923 451 2983; x_wconf 89' lang='lat' dir='ltr'><strong>et</strong></span> <span class='ocrx_word' id='word_1_181' title='bbox 481 2919 520 2984; x_wconf 93' lang='lat' dir='ltr'><strong>ob</strong></span> <span class='ocrx_word' id='word_1_182' title='bbox 549 2919 738 3003; x_wconf 88' lang='lat' dir='ltr'><strong>praecedens</strong></span> <span class='ocrx_word' id='word_1_183' title='bbox 763 2919 888 2997; x_wconf 75' lang='grc' dir='ltr'><strong><em>ἠγεῖσόε</em></strong></span> <span class='ocrx_word' id='word_1_184' title='bbox 912 2922 944 2983; x_wconf 88' lang='lat' dir='ltr'><strong>et</strong></span> <span class='ocrx_word' id='word_1_185' title='bbox 966 2938 1006 2982; x_wconf 88' lang='lat' dir='ltr'><strong>ne</strong></span> <span class='ocrx_word' id='word_1_186' title='bbox 1028 2919 1063 2981; x_wconf 91' lang='lat' dir='ltr'><strong>in</strong></span> <span class='ocrx_word' id='word_1_187' title='bbox 1086 2919 1175 2982; x_wconf 83' lang='lat' dir='ltr'><strong>exitu</strong></span> <span class='ocrx_word' id='word_1_188' title='bbox 1197 2915 1320 3000; x_wconf 88' lang='lat' dir='ltr'><strong>periodi</strong></span> 
     </span>
     <span class='ocr_line' id='line_1_24' title="bbox 128 3023 621 3112; baseline 0 -21"><span class='ocrx_word' id='word_1_189' title='bbox 128 3028 266 3112; x_wconf 84' lang='lat' dir='ltr'><strong>quatuor</strong></span> <span class='ocrx_word' id='word_1_190' title='bbox 289 3023 400 3091; x_wconf 80' lang='lat' dir='ltr'><strong>breves</strong></span> <span class='ocrx_word' id='word_1_191' title='bbox 423 3029 621 3091; x_wconf 86' lang='lat' dir='ltr'><strong>concurrant.</strong></span> 
     </span>
    </p>
   </div>
   <div class='ocr_carea' id='block_1_5' title="bbox 128 3260 1325 4409">
    <p class='ocr_par' dir='ltr' id='par_1_6' title="bbox 128 3260 1325 4409">
     <span class='ocr_line' id='line_1_25' title="bbox 174 3260 1320 3353; baseline -0.003 -23"><span class='ocrx_word' id='word_1_192' title='bbox 174 3263 257 3353; x_wconf 86' lang='lat' dir='ltr'>Pag.</span> <span class='ocrx_word' id='word_1_193' title='bbox 280 3262 357 3331; x_wconf 90' lang='grc'><strong>347.</strong></span> <span class='ocrx_word' id='word_1_194' title='bbox 384 3262 414 3331; x_wconf 92' lang='grc'><strong>7.</strong></span> <span class='ocrx_word' id='word_1_195' title='bbox 440 3265 465 3329; x_wconf 79' lang='grc' dir='ltr'><strong>εἰ</strong></span> <span class='ocrx_word' id='word_1_196' title='bbox 491 3262 552 3345; x_wconf 72' lang='grc' dir='ltr'><strong><em>ἄρα</em></strong></span> <span class='ocrx_word' id='word_1_197' title='bbox 576 3264 775 3345; x_wconf 56' lang='lat' dir='ltr'><strong>inerepare</strong></span> <span class='ocrx_word' id='word_1_198' title='bbox 800 3264 844 3341; x_wconf 85' lang='grc' dir='ltr'><strong><em>μή</em></strong></span> <span class='ocrx_word' id='word_1_199' title='bbox 868 3264 966 3338; x_wconf 77' lang='grc' dir='ltr'><strong><em>ἠληόή</em></strong></span> <span class='ocrx_word' id='word_1_200' title='bbox 990 3260 1094 3339; x_wconf 76' lang='grc' dir='ltr'><strong><em>λέγειν</em></strong></span> <span class='ocrx_word' id='word_1_201' title='bbox 1115 3260 1181 3340; x_wconf 73' lang='grc' dir='ltr'><strong>ἐμὲ.</strong></span> <span class='ocrx_word' id='word_1_202' title='bbox 1218 3263 1320 3328; x_wconf 82' lang='lat' dir='ltr'><strong>Attici</strong></span> 
     </span>
     <span class='ocr_line' id='line_1_26' title="bbox 128 3368 1319 3453; baseline -0.004 -15"><span class='ocrx_word' id='word_1_203' title='bbox 128 3376 309 3438; x_wconf 78' lang='lat' dir='ltr'><strong>constanter</strong></span> <span class='ocrx_word' id='word_1_204' title='bbox 348 3371 494 3436; x_wconf 78' lang='lat' dir='ltr'><strong>dicebant</strong></span> <span class='ocrx_word' id='word_1_205' title='bbox 530 3371 784 3453; x_wconf 69' lang='grc' dir='ltr'><strong><em>ἠμφεσβήτουν,</em></strong></span> <span class='ocrx_word' id='word_1_206' title='bbox 819 3375 857 3435; x_wconf 83' lang='lat' dir='ltr'><strong>ut</strong></span> <span class='ocrx_word' id='word_1_207' title='bbox 892 3368 1092 3447; x_wconf 88' lang='grc' dir='ltr'><strong><em>ἠντεβόλουν,</em></strong></span> <span class='ocrx_word' id='word_1_208' title='bbox 1129 3368 1319 3446; x_wconf 87' lang='grc' dir='ltr'><strong><em>ἠντεδόκουν,</em></strong></span> 
     </span>
     <span class='ocr_line' id='line_1_27' title="bbox 128 3475 1320 3562; baseline -0.001 -20"><span class='ocrx_word' id='word_1_209' title='bbox 128 3475 343 3560; x_wconf 73' lang='grc' dir='ltr'><strong><em>ἠμφεγνόουν,</em></strong></span> <span class='ocrx_word' id='word_1_210' title='bbox 376 3497 456 3562; x_wconf 90' lang='lat' dir='ltr'><strong>quae</strong></span> <span class='ocrx_word' id='word_1_211' title='bbox 490 3478 598 3542; x_wconf 92' lang='lat' dir='ltr'><strong>omnia</strong></span> <span class='ocrx_word' id='word_1_212' title='bbox 625 3477 777 3543; x_wconf 89' lang='lat' dir='ltr'><strong>ascribis</strong></span> <span class='ocrx_word' id='word_1_213' title='bbox 799 3479 964 3545; x_wconf 81' lang='lat' dir='ltr'><strong>vitiantur.</strong></span> <span class='ocrx_word' id='word_1_214' title='bbox 1013 3475 1125 3542; x_wconf 86' lang='lat' dir='ltr'><strong>Aelius</strong></span> <span class='ocrx_word' id='word_1_215' title='bbox 1146 3475 1320 3562; x_wconf 85' lang='lat' dir='ltr'><strong>Dionysius</strong></span> 
     </span>
     <span class='ocr_line' id='line_1_28' title="bbox 128 3581 1319 3669; baseline -0.003 -19"><span class='ocrx_word' id='word_1_216' title='bbox 128 3583 215 3669; x_wconf 84' lang='lat' dir='ltr'><strong>apud</strong></span> <span class='ocrx_word' id='word_1_217' title='bbox 237 3583 393 3649; x_wconf 84' lang='lat' dir='ltr'><strong>Phoiium</strong></span> <span class='ocrx_word' id='word_1_218' title='bbox 416 3604 448 3648; x_wconf 78' lang='lat' dir='ltr'><strong>v.</strong></span> <span class='ocrx_word' id='word_1_219' title='bbox 479 3583 694 3663; x_wconf 83' lang='grc' dir='ltr'><strong><em>Ἠνεόχετυ</em></strong></span> <span class='ocrx_word' id='word_1_220' title='bbox 721 3583 773 3648; x_wconf 73' lang='grc' dir='ltr'><strong><em>καὶ</em></strong></span> <span class='ocrx_word' id='word_1_221' title='bbox 799 3583 975 3663; x_wconf 80' lang='grc' dir='ltr'><strong><em>ἠνώχλει</em></strong></span> <span class='ocrx_word' id='word_1_222' title='bbox 999 3582 1052 3647; x_wconf 71' lang='grc' dir='ltr'><strong><em>καὶ</em></strong></span> <span class='ocrx_word' id='word_1_223' title='bbox 1079 3581 1241 3656; x_wconf 76' lang='grc' dir='ltr'><strong><em>ἠκηκόει</em></strong></span> <span class='ocrx_word' id='word_1_224' title='bbox 1266 3581 1319 3647; x_wconf 76' lang='grc' dir='ltr'><strong><em>καὶ</em></strong></span> 
     </span>
     <span class='ocr_line' id='line_1_29' title="bbox 129 3687 1320 3775; baseline 0 -20"><span class='ocrx_word' id='word_1_225' title='bbox 129 3689 349 3767; x_wconf 90' lang='grc' dir='ltr'><strong><em>ἠντΙβόλει</em></strong></span> <span class='ocrx_word' id='word_1_226' title='bbox 377 3688 470 3752; x_wconf 80' lang='grc' dir='ltr'><strong><em>κοινὸν</em></strong></span> <span class='ocrx_word' id='word_1_227' title='bbox 494 3689 553 3752; x_wconf 79' lang='grc' dir='ltr'><strong>τῶν</strong></span> <span class='ocrx_word' id='word_1_228' title='bbox 576 3691 725 3754; x_wconf 80' lang='grc' dir='ltr'><strong><em>Ἀττικῶν</em></strong></span> <span class='ocrx_word' id='word_1_229' title='bbox 748 3689 879 3766; x_wconf 80' lang='grc' dir='ltr'><strong><em>ἰδίωμα,</em></strong></span> <span class='ocrx_word' id='word_1_230' title='bbox 900 3711 940 3755; x_wconf 91' lang='lat' dir='ltr'><strong>ne</strong></span> <span class='ocrx_word' id='word_1_231' title='bbox 959 3710 1043 3754; x_wconf 87' lang='lat' dir='ltr'><strong>nunc</strong></span> <span class='ocrx_word' id='word_1_232' title='bbox 1062 3687 1192 3775; x_wconf 87' lang='lat' dir='ltr'><strong>quidem</strong></span> <span class='ocrx_word' id='word_1_233' title='bbox 1211 3710 1320 3774; x_wconf 86' lang='lat' dir='ltr'><strong>peper-</strong></span> 
     </span>
     <span class='ocr_line' id='line_1_30' title="bbox 129 3792 1320 3881; baseline -0.001 -18"><span class='ocrx_word' id='word_1_234' title='bbox 129 3806 241 3863; x_wconf 84' lang='lat' dir='ltr'><strong>cerunt</strong></span> <span class='ocrx_word' id='word_1_235' title='bbox 263 3795 383 3861; x_wconf 86' lang='lat' dir='ltr'><strong>formae</strong></span> <span class='ocrx_word' id='word_1_236' title='bbox 415 3792 601 3872; x_wconf 71' lang='grc' dir='ltr'><strong><em>ἠντεβόλει,</em></strong></span> <span class='ocrx_word' id='word_1_237' title='bbox 632 3796 670 3864; x_wconf 87' lang='lat' dir='ltr'><strong>de</strong></span> <span class='ocrx_word' id='word_1_238' title='bbox 701 3816 764 3881; x_wconf 91' lang='lat' dir='ltr'><strong>qua</strong></span> <span class='ocrx_word' id='word_1_239' title='bbox 785 3796 993 3861; x_wconf 86' lang='lat' dir='ltr'><strong>manifestum</strong></span> <span class='ocrx_word' id='word_1_240' title='bbox 1015 3799 1063 3870; x_wconf 88' lang='lat' dir='ltr'><strong>est</strong></span> <span class='ocrx_word' id='word_1_241' title='bbox 1086 3794 1137 3858; x_wconf 81' lang='grc' dir='ltr'><strong>τὸν</strong></span> <span class='ocrx_word' id='word_1_242' title='bbox 1160 3796 1320 3871; x_wconf 77' lang='grc' dir='ltr'><strong><em>ἠττικιτήν</em></strong></span> 
     </span>
     <span class='ocr_line' id='line_1_31' title="bbox 132 3899 1322 3982; baseline -0.001 -14"><span class='ocrx_word' id='word_1_243' title='bbox 132 3903 247 3968; x_wconf 88' lang='lat' dir='ltr'><strong>dicere.</strong></span> <span class='ocrx_word' id='word_1_244' title='bbox 295 3899 478 3966; x_wconf 85' lang='lat' dir='ltr'><strong>Dindorfius</strong></span> <span class='ocrx_word' id='word_1_245' title='bbox 508 3900 626 3966; x_wconf 90' lang='lat' dir='ltr'><strong>formas</strong></span> <span class='ocrx_word' id='word_1_246' title='bbox 656 3902 779 3966; x_wconf 85' lang='lat' dir='ltr'><strong>Atticas</strong></span> <span class='ocrx_word' id='word_1_247' title='bbox 808 3901 1008 3982; x_wconf 78' lang='grc' dir='ltr'><strong><em>ἠμφεσβήτει</em></strong></span> <span class='ocrx_word' id='word_1_248' title='bbox 1038 3904 1070 3964; x_wconf 88' lang='lat' dir='ltr'><strong>et</strong></span> <span class='ocrx_word' id='word_1_249' title='bbox 1093 3899 1322 3980; x_wconf 78' lang='grc' dir='ltr'><strong><em>ἠμφεσβητήόη</em></strong></span> 
     </span>
     <span class='ocr_line' id='line_1_32' title="bbox 129 4002 1321 4094; baseline 0.002 -20"><span class='ocrx_word' id='word_1_250' title='bbox 129 4031 148 4075; x_wconf 92' lang='lat' dir='ltr'>a</span> <span class='ocrx_word' id='word_1_251' title='bbox 178 4005 295 4074; x_wconf 80' lang='lat' dir='ltr'><strong>Codice</strong></span> <span class='ocrx_word' id='word_1_252' title='bbox 329 4004 352 4071; x_wconf 78' lang='lat' dir='ltr'>S</span> <span class='ocrx_word' id='word_1_253' title='bbox 384 4006 506 4071; x_wconf 86' lang='lat' dir='ltr'><strong>oblatas</strong></span> <span class='ocrx_word' id='word_1_254' title='bbox 528 4009 647 4092; x_wconf 89' lang='lat' dir='ltr'><strong>recepit</strong></span> <span class='ocrx_word' id='word_1_255' title='bbox 668 4028 744 4094; x_wconf 88' lang='lat' dir='ltr'><strong>pag.</strong></span> <span class='ocrx_word' id='word_1_256' title='bbox 771 4005 846 4071; x_wconf 87' lang='lat'><strong>886.</strong></span> <span class='ocrx_word' id='word_1_257' title='bbox 874 4006 905 4071; x_wconf 86' lang='lat'><strong>9.</strong></span> <span class='ocrx_word' id='word_1_258' title='bbox 931 4011 963 4071; x_wconf 89' lang='lat' dir='ltr'><strong>et</strong></span> <span class='ocrx_word' id='word_1_259' title='bbox 986 4002 1062 4070; x_wconf 88' lang='grc'><strong>986.</strong></span> <span class='ocrx_word' id='word_1_260' title='bbox 1089 4003 1143 4070; x_wconf 89' lang='grc'><strong>29.</strong></span> <span class='ocrx_word' id='word_1_261' title='bbox 1167 4011 1200 4070; x_wconf 89' lang='lat' dir='ltr'><strong>et</strong></span> <span class='ocrx_word' id='word_1_262' title='bbox 1224 4005 1321 4076; x_wconf 84' lang='lat'>1175.</span> 
     </span>
     <span class='ocr_line' id='line_1_33' title="bbox 129 4111 1321 4198; baseline 0 -17"><span class='ocrx_word' id='word_1_263' title='bbox 129 4114 192 4188; x_wconf 85' lang='grc'><strong>25,</strong></span> <span class='ocrx_word' id='word_1_264' title='bbox 225 4111 280 4176; x_wconf 86' lang='lat' dir='ltr'><strong>sed</strong></span> <span class='ocrx_word' id='word_1_265' title='bbox 309 4132 411 4195; x_wconf 89' lang='lat' dir='ltr'><strong>neque</strong></span> <span class='ocrx_word' id='word_1_266' title='bbox 443 4113 477 4176; x_wconf 89' lang='lat' dir='ltr'><strong>in</strong></span> <span class='ocrx_word' id='word_1_267' title='bbox 506 4112 565 4177; x_wconf 87' lang='lat' dir='ltr'><strong>hac</strong></span> <span class='ocrx_word' id='word_1_268' title='bbox 596 4134 630 4176; x_wconf 86' lang='lat' dir='ltr'><strong>re</strong></span> <span class='ocrx_word' id='word_1_269' title='bbox 661 4133 762 4197; x_wconf 88' lang='lat' dir='ltr'><strong>neque</strong></span> <span class='ocrx_word' id='word_1_270' title='bbox 790 4115 824 4177; x_wconf 92' lang='lat' dir='ltr'><strong>in</strong></span> <span class='ocrx_word' id='word_1_271' title='bbox 847 4112 1064 4198; x_wconf 82' lang='lat' dir='ltr'><strong>compluribus</strong></span> <span class='ocrx_word' id='word_1_272' title='bbox 1086 4111 1158 4176; x_wconf 89' lang='lat' dir='ltr'><strong>aliis</strong></span> <span class='ocrx_word' id='word_1_273' title='bbox 1181 4114 1321 4181; x_wconf 88' lang='lat' dir='ltr'><strong>eiusdem</strong></span> 
     </span>
     <span class='ocr_line' id='line_1_34' title="bbox 128 4218 1325 4309; baseline 0.003 -24"><span class='ocrx_word' id='word_1_274' title='bbox 128 4221 257 4309; x_wconf 88' lang='lat' dir='ltr'><strong>generis</strong></span> <span class='ocrx_word' id='word_1_275' title='bbox 289 4220 434 4302; x_wconf 89' lang='lat' dir='ltr'><strong>sequitur</strong></span> <span class='ocrx_word' id='word_1_276' title='bbox 464 4219 646 4305; x_wconf 86' lang='lat' dir='ltr'><strong>analogiam</strong></span> <span class='ocrx_word' id='word_1_277' title='bbox 675 4224 707 4283; x_wconf 86' lang='lat' dir='ltr'><strong>et</strong></span> <span class='ocrx_word' id='word_1_278' title='bbox 730 4218 830 4284; x_wconf 87' lang='lat' dir='ltr'><strong>semel</strong></span> <span class='ocrx_word' id='word_1_279' title='bbox 853 4223 1012 4303; x_wconf 86' lang='lat' dir='ltr'><strong>repertam</strong></span> <span class='ocrx_word' id='word_1_280' title='bbox 1036 4223 1176 4284; x_wconf 84' lang='lat' dir='ltr'><strong>veterem</strong></span> <span class='ocrx_word' id='word_1_281' title='bbox 1200 4219 1325 4288; x_wconf 89' lang='lat' dir='ltr'><strong>dicendi</strong></span> 
     </span>
     <span class='ocr_line' id='line_1_35' title="bbox 129 4321 1287 4409; baseline -0.001 -17"><span class='ocrx_word' id='word_1_282' title='bbox 129 4321 395 4392; x_wconf 85' lang='lat' dir='ltr'><strong>consuetudinem</strong></span> <span class='ocrx_word' id='word_1_283' title='bbox 418 4325 543 4409; x_wconf 80' lang='lat' dir='ltr'><strong>reponit</strong></span> <span class='ocrx_word' id='word_1_284' title='bbox 566 4323 669 4388; x_wconf 89' lang='lat' dir='ltr'><strong>sicubi</strong></span> <span class='ocrx_word' id='word_1_285' title='bbox 692 4325 726 4388; x_wconf 90' lang='lat' dir='ltr'><strong>in</strong></span> <span class='ocrx_word' id='word_1_286' title='bbox 749 4322 842 4388; x_wconf 89' lang='lat' dir='ltr'><strong>libris</strong></span> <span class='ocrx_word' id='word_1_287' title='bbox 865 4332 904 4406; x_wconf 79' lang='grc' dir='ltr'><strong><em>τή</em></strong></span> <span class='ocrx_word' id='word_1_288' title='bbox 930 4323 1069 4408; x_wconf 74' lang='grc' dir='ltr'><strong><em>συνηθείᾳ</em></strong></span> <span class='ocrx_word' id='word_1_289' title='bbox 1092 4323 1161 4389; x_wconf 90' lang='lat' dir='ltr'><strong>loco</strong></span> <span class='ocrx_word' id='word_1_290' title='bbox 1185 4327 1287 4392; x_wconf 84' lang='lat' dir='ltr'><strong>cessit.</strong></span> 
     </span>
    </p>
   </div>
   <div class='ocr_carea' id='block_1_6' title="bbox 0 0 1553 4968">
    <p class='ocr_par' dir='ltr' id='par_1_7' title="bbox 0 0 1553 4968">
     <span class='ocr_line' id='line_1_36' title="bbox 0 0 1553 4968; baseline 0 0"><span class='ocrx_word' id='word_1_291' title='bbox 0 0 1553 4968; x_wconf 95' lang='lat' dir='ltr'><strong> </strong></span> 
     </span>
    </p>
   </div>
  </div>
 </body>
</html>
