3034 4970
803 515 861 582 m.

691 733 775 790 ΝΩΙ
799 744 839 791 rr
865 733 979 798 cem.

376 940 522 1018 cetrae,
547 934 775 1017 ’Λριςοόρχειοι,
801 937 851 999 ἔτ’
875 935 964 1015 εῠρέιο
986 941 1067 1002 νῶτον
1091 935 1251 1011 laederes

420 1043 564 1112 Ἐλλοόδοι
588 1050 643 1118 τῆς
664 1039 771 1118 ξονόῆς
795 1041 954 1125 δειλότεροι
977 1043 1123 1123 κεμάδος.

375 1148 628 1230 γωνιοβόμβυκες
636 1198 649 1238 ,Ι
670 1148 918 1227 μονοσύλλαβοι,
943 1144 1000 1214 οἶσι
1024 1147 1150 1228 μέμηλε

422 1260 457 1323 τό
483 1263 581 1324 ccrN
605 1255 659 1320 κοοὶ
683 1255 718 1319 τό
744 1263 865 1320 ΕΦΩΝ
891 1255 943 1320 κιο)
967 1256 1002 1320 τό
1027 1263 1109 1321 MIN
1135 1255 1185 1331 ἠδὲ
1208 1257 1243 1320 τό
1266 1265 1349 1322 NIN.

283 1365 332 1438 De
355 1386 389 1430 re
413 1365 502 1430 tenid
525 1362 643 1426 dicturi
666 1361 747 1426 nihil
771 1361 1016 1427 reformidamus
1039 1363 1175 1428 anthes
1196 1363 1410 1428 euthissimi-

240 1471 287 1536 les
309 1472 502 1536 urbanorum
524 1468 694 1534 hominum
717 1467 847 1533 facetias
872 1472 903 1533 et
925 1467 1057 1554 lepores.
1104 1468 1151 1533 Ut
1172 1472 1207 1534 in
1232 1469 1314 1535 bello
1331 1470 1411 1534 sicin

240 1579 454 1665 grammatica
478 1574 562 1640 nihil
584 1576 747 1639 contemni
770 1579 911 1658 oportet,
934 1578 1199 1660 necquicquam,
1225 1579 1281 1661 qui
1303 1578 1411 1640 minuta

239 1683 317 1748 haec
341 1685 509 1769 spreverit,
532 1701 688 1765 umquam
712 1680 789 1745 iecit
810 1683 845 1744 in
867 1701 901 1745 re
923 1682 1035 1746 critica
1057 1701 1167 1766 operae
1190 1685 1339 1766 pretinm.

1505 1403 1507 1512 Ι

286 1788 350 1869 Qui
373 1789 454 1854 hanc
476 1788 718 1869 grammaticam
738 1790 839 1850 artem
860 1786 952 1851 nobis
970 1806 989 1850 a
1007 1787 1190 1871 primordiis
1207 1788 1410 1863 condiderunt,
1505 1797 1506 1800 ’

239 1893 424 1960 incredibile
456 1893 543 1958 dictu
574 1900 622 1956 est
651 1893 685 1954 in
716 1891 832 1975 quibus
863 1891 902 1956 ab
925 1893 1020 1956 initio
1042 1893 1180 1971 tenebris
1202 1893 1306 1960 veluti
1328 1898 1412 1958 tenta
1505 1943 1506 1958 .

239 2000 340 2065 bnndi
372 2001 461 2064 viam
491 1999 706 2084 quaesiverint
738 2001 770 2061 et
795 2000 829 2061 in
852 2003 985 2082 quantos
1009 2017 1126 2063 errores
1150 2019 1184 2064 se
1206 1999 1363 2065 induerint
1381 1997 1413 2063 li·

241 2105 371 2171 brorum
402 2109 547 2169 veterum
578 2102 703 2168 mendis
735 2103 875 2188 decepti,
901 2103 1008 2170 donec
1021 2104 1198 2170 Aristarchi
1221 2105 1367 2185 ἀγχόναις
1387 2107 1414 2167 et

239 2229 354 2276 sanum
383 2209 542 2274 iudicium
573 2209 656 2290 φόως
689 2208 835 2288 ἓτόροιτιν
866 2207 978 2283 ἔόιιιοεν.
1025 2211 1075 2274 aa
1106 2232 1156 2275 cor
1184 2211 1341 2289 Zenodoti,
1369 2211 1414 2294 qui
1503 2260 1505 2269 .

239 2336 295 2402 per
323 2319 426 2380 totam
458 2316 561 2381 vitam
588 2315 664 2400 quid
687 2317 853 2381 interesset
875 2317 959 2380 inter
980 2318 1037 2381 νῶϊ
1060 2351 1102 2364 -
1127 2320 1196 2382 νῶϊν
1221 2323 1253 2382 et
1275 2319 1359 2400 σφῶϊ
1378 2349 1413 2364 -
1503 2332 1505 2393 ς

239 2423 338 2504 σφῶϊν
363 2426 395 2486 et
418 2423 506 2501 σφῶϊ
530 2456 571 2470 --
597 2428 683 2499 σφωε
706 2441 769 2486 non
791 2424 896 2507 potuit
918 2424 1103 2507 perspicere.
1151 2421 1260 2488 Huius
1282 2426 1315 2488 in
1338 2443 1372 2490 ea
1387 2441 1414 2486 re

239 2547 358 2594 errores
381 2526 583 2592 Aristarchus
605 2528 772 2605 abstersit,
797 2527 852 2592 sed
875 2530 942 2612 ipse
965 2528 1167 2594 Aristarchus
1189 2531 1224 2593 in
1244 2551 1307 2596 uno
1325 2547 1414 2595 errore

239 2639 384 2718 tenetur,
415 2652 512 2718 quem
543 2635 663 2718 aperire
694 2634 879 2698 conabimur
911 2638 943 2699 ot
974 2633 1095 2699 tollere.
1142 2634 1179 2698 In
1205 2635 1298 2702 Iliad.
1327 2647 1364 2701 A.
1388 2630 1413 2696 8.

237 2738 414 2806 Zenodotea
444 2739 542 2804 editio
575 2739 620 2826 (id
640 2744 688 2804 eet
709 2737 785 2804 libri
808 2744 948 2816 veteres,
974 2760 1053 2825 quos
1075 2739 1255 2811 Zenodotns
1277 2747 1369 2808 testes
1387 2742 1413 2803 et

238 2849 381 2911 auctores
404 2845 605 2930 sequebatur)
630 2847 820 2931 scripturam
845 2845 1037 2911 exhibebant
1061 2846 1157 2912 hanc:

414 2951 461 3023 τός
485 2950 543 3028 τόρ
568 2958 673 3016 conl
699 2951 769 3014 όειῖιν
793 2949 862 3031 ἔριδι
886 2949 1011 3027 ξυνέηκε
1035 2952 1219 3033 μόχεσόαις

239 3057 421 3124 emendarit
443 3056 646 3123 Aristarchus
668 3057 826 3130 incertum
850 3078 867 3122 e
889 3057 1019 3124 librisne
1041 3079 1080 3123 an
1101 3078 1139 3123 ex
1158 3059 1291 3147 linguae
1308 3057 1415 3126 Home·

238 3166 322 3228 ricae
351 3163 501 3227 interiore
531 3164 661 3228 notitia:
693 3163 741 3234 τίς
771 3161 830 3243 τόρ
863 3172 980 3229 cene
1012 3185 1070 3250 pro
1097 3173 1201 3232 ΟΦΩΙ
1225 3173 1259 3232 et
1281 3165 1415 3251 apposuit

1501 2773 1506 2857 ,

1499 2975 1506 3257 l

239 3269 349 3343 διπλῆν
372 3267 624 3350 τεριεςιγμέννν,
650 3271 866 3354 cuiusquam
890 3271 1088 3337 Aristonicus
1110 3275 1265 3338 rationem
1293 3273 1414 3359 aperiret
1500 3276 1503 3291 '

239 3397 278 3442 ex
301 3373 548 3442 Commentariis
570 3376 782 3441 Aristarcheis
801 3375 878 3442 haec
904 3377 1002 3443 ferme
1025 3379 1184 3443 enotavit:
1210 3379 1228 3453 ἡ
1252 3379 1346 3455 διτιιῆ
1366 3399 1414 3442 τε·

239 3482 414 3565 ριεςιγμόνη
439 3478 485 3547 ότι
510 3479 671 3555 Ζηνόδοτος
696 3483 816 3564 γρόΦει
839 3491 956 3563 ΙΟΦΩῙ.
978 3486 1090 3557 κακῶς.
1117 3487 1134 3559 ἦ
1159 3485 1223 3564 γὰρ
1246 3487 1349 3569 σφῶϊ
1371 3480 1414 3547 tto
1499 3502 1503 3533 r

239 3589 372 3663 πτώσεις
397 3586 578 3669 ἐπιδέχεται
603 3587 721 3666 ὑμεῖς
745 3587 857 3655 τεκαὶ
884 3589 1009 3667 ὑμᾶς,
1034 3585 1072 3654 ὧν
1096 3590 1247 3672 οὐδέτερον
1268 3591 1413 3672 οὶρμόττει.

238 3695 274 3761 τό
305 3694 337 3760 δὲ
362 3703 479 3761 Cone
501 3698 641 3773 μᾶλλον,
668 3691 694 3782 (ὃ
720 3695 805 3784 add.)
830 3696 930 3778 τρότον
956 3696 1000 3764 et
1025 3696 1183 3778 τροτιότον
1207 3699 1259 3764 aci
1284 3696 1413 3778 τημοόνει

239 3803 274 3867 τδ
306 3801 463 3876 αὐτούς.
497 3822 577 3887 quae
607 3821 692 3868 nunc
721 3802 870 3868 mendose
901 3804 1019 3888 scripta
1048 3806 1082 3868 et
1110 3801 1243 3868 disiecta
1272 3806 1308 3869 in
1337 3803 1415 3869 libris

240 3907 517 3973 circumferuntur.
566 3909 768 3974 Aristarchus
798 3908 894 3973 dixit:
926 3909 962 3973 τό
994 3909 1274 3986 cccccccccc
1296 3912 1332 3976 rt
1359 3909 1414 3973 οὐ·

239 4013 350 4097 τούς,
381 4033 448 4102 non
475 4013 576 4088 οὐτό,
601 4015 684 4100 qnod
710 4021 777 4080 erat
800 4015 935 4093 melius,
959 4035 1096 4100 namque
1118 4018 1224 4082 utitur
1245 4015 1414 4101 aequalium

239 4125 272 4187 et
300 4118 503 4206 popularium
534 4119 665 4207 lingna,
698 4121 782 4206 apud
813 4141 891 4207 quos
914 4121 956 4185 τόν
981 4119 1071 4186 aecta
1094 4141 1157 4187 non
1180 4128 1270 4188 crant
1290 4125 1324 4187 in
1344 4140 1413 4196 nen,

239 4233 272 4294 et
294 4227 423 4291 omnino
445 4225 648 4291 Aristarchus
671 4229 759 4291 omni
781 4227 939 4293 scribendi
964 4227 1124 4315 elegantia
1145 4228 1316 4295 destitutus
1341 4221 1414 4292 mbrl

239 4332 327 4403 aliud
351 4334 473 4415 quaerit
497 4351 594 4417 quam
616 4333 884 4416 perspicuitatem.

1499 3538 1505 3618 ι

1502 3741 1505 3832 l
