3052 4970
651 249 716 317 363

99 435 144 501 ubi
164 437 266 502 δώσειν
298 435 476 514 καταξέμεν
508 437 624 504 dieitur
645 446 683 504 ut
706 440 784 505 alibi
807 438 897 505 δῶκεν
922 438 1011 519 οἰνειν
1035 449 1068 508 et
1092 444 1148 508 καί
1172 448 1269 524 σφισιν

102 541 139 615 δὸς
162 541 262 621 ἄγειν.

137 649 233 730 Φέρειν
255 650 351 714 habet
374 645 434 714 οἶσε
458 651 526 734 (pro
549 649 689 738 ἔνεγκε),
713 651 835 731 οἰσέτω,
860 652 971 720 οἰσετε.

136 779 168 834 χ.
196 753 271 818 105.
308 750 370 819 οἶσε
394 754 475 819 ύέοιν.

136 883 168 938 χ.
197 859 271 923 481.
308 857 371 924 οἰσε
395 859 500 934 ύέειον,
524 862 613 940 νρηύ.

136 975 174 1030 Τ.
197 964 272 1031 173.
307 967 350 1030 τιί
374 966 406 1029 δέ
430 966 508 1046 δῶρα
533 1005 574 1014 -
602 966 812 1045 Ἀγαμέμνων
839 971 957 1036 οἰσέτω.

137 1073 160 1135 ύ.
196 1070 272 1135 255.
309 1072 474 1152 Δημοδόκῳ
498 1072 530 1136 δέ
553 1098 598 1145 τις
620 1111 661 1122 -
680 1075 850 1155 Φύρμιννα
871 1114 913 1126 -
933 1077 1050 1142 οἰσέτω.

136 1187 169 1242 Γ.
197 1175 274 1240 103.
309 1174 407 1239 οἴσετε
431 1176 525 1257 σοίρνε.

138 1293 174 1348 0.
201 1278 275 1346 718.
314 1280 411 1346 οἰσετε
434 1288 504 1360 τῦμ

137 1413 161 1451 ν.
196 1386 270 1452 154.
306 1385 431 1466 ἔρχεσθε
454 1388 592 1467 κρήνηνδε
615 1389 667 1452 καί
692 1391 789 1456 οἴσετε
813 1393 921 1458 θοίσσον
944 1395 1054 1459 ἰοῦσαι.

99 1495 175 1556 etin
197 1491 356 1558 infinitivo
379 1491 499 1571 οἰσέμεν
523 1500 555 1559 εἰ
579 1494 743 1573 οἰσέμεναι.

137 1623 168 1676 y.
194 1597 270 1663 429.
306 1598 417 1664 εἰτατε
438 1598 466 1662 δ’
492 1598 560 1663 εἰσο)
585 1602 717 1682 δμῳήσιν
738 1641 779 1650 -
800 1604 919 1682 οἰσέμεν
945 1602 1032 1684 ὕδωρ.

136 1714 168 1768 Γ.
196 1704 271 1770 120.
294 1704 373 1783 στέρν’
398 1705 535 1769 ἐκέλευεν
560 1707 740 1783 Οἰσέμεναι.

137 1820 176 1874 Ψ.
202 1807 276 1875 564.
303 1811 461 1876 ἐκέλευσεν
484 1811 591 1893 ἑταίρῳ
618 1812 801 1891 Οἰσέμεναι.

136 1919 159 1980 ύ.
188 1915 262 1980 399.
288 1922 320 1981 ei
343 1941 372 1981 o.
398 1915 475 1982 291.

137 2021 213 2102 δῶρα
237 2025 263 2086 δ’
288 2021 336 2103 ἄρ’
359 2022 514 2101 οἰσέμεναι
539 2022 669 2104 τρύεσαν
693 2025 810 2105 κήρυκα
832 2024 980 2098 Ἑέκαςος.

136 2154 170 2204 μ.
200 2128 252 2194 10.
276 2130 399 2208 ἐτύμους
424 2130 525 2208 τρσίην
551 2130 735 2207 -οἰσέμεναι
761 2131 870 2212 νεκρύν.

135 2235 295 2299 Futurum
325 2233 394 2299 οἰσω
425 2235 522 2301 habet
545 2234 657 2300 οἴσετον
680 2245 718 2300 Ε.
740 2235 816 2301 232.
842 2236 962 2314 οἰσέμεν
988 2246 1025 2303 Σ.
1053 2234 1131 2304 191.
1158 2243 1190 2302 et
1212 2257 1279 2302 oae-

96 2341 172 2404 teres
194 2340 311 2404 formas
333 2343 462 2425 possim.
854 2413 858 2421 ,

135 2444 276 2510 Eandem
307 2445 488 2532 ana10giam
520 2446 604 2530 apud
633 2445 815 2513 Homerum
844 2452 1020 2532 sequuntur
1052 2447 1154 2525 δύσεο,
1180 2471 1279 2512 κατα-

96 2550 192 2628 δύσεο,
217 2551 419 2629 καταβήσεο,
446 2552 610 2630 ἐπιβήσεο,
633 2550 741 2629 λέξεο,
767 2553 848 2633 ύρσεο
872 2559 904 2618 ei
926 2552 1030 2634 ύρσεν,
1056 2559 1088 2619 et
1107 2556 1142 2618 in
1162 2553 1279 2618 indica-

94 2659 158 2723 tivo
183 2657 321 2732 έδύσετο,
345 2657 525 2735 οἰνεδύσετο,
547 2659 752 2743 κατεδύσετο,
774 2660 950 2725 ὑπεδύσετο.
975 2659 1124 2738 ἐβήσετο,
1147 2659 1277 2737 βήσετο,

94 2761 278 2840 ε’τεβήσετο,
319 2765 531 2842 κατεβήσετο,
568 2765 760 2842 νίτεβήσετο.
807 2764 876 2831 Has
911 2769 1013 2852 igitur
1047 2768 1280 2831 vetustissimas

93 2866 254 2961 Homerici
273 2872 427 2934 sermonis
450 2869 567 2935 formas
590 2870 713 2935 librarii
736 2877 821 2935 corio
843 2859 960 2936 niendo
979 2872 1095 2936 vitiare
1113 2874 1180 2935 iem
1200 2869 1279 2934 olim

94 2973 233 3038 solebant
261 2979 445 3058 reponentes
477 2996 515 3040 ex
545 2975 652 3041 fallaci
683 2976 831 3063 analogia
862 2986 890 3040 A
921 2996 977 3060 pro
1008 2975 1107 3041 evol
1133 2984 1170 3039 0.
1217 2975 1279 3041 Pro

95 3076 201 3153 ιίξεσίε
232 3079 311 3157 βόας
338 3089 375 3144 Θ.
401 3078 476 3144 505.
502 3083 617 3165 optimi
641 3102 749 3146 omnes
773 3081 891 3156 οἰὲασύε
916 3081 1087 3165 dederunt,
1113 3087 1145 3146 et
1166 3101 1223 3165 pro
1246 3082 1280 3146 εἰι

48 3189 53 3194 ’
95 3185 198 3256 πόλιος
231 3186 258 3250 δ’
291 3182 398 3260 οἰξοντο
431 3185 510 3263 βύας
537 3185 588 3271 (Θ.
615 3185 704 3270 545.)
731 3208 871 3252 omnes
894 3192 1020 3252 servani
1043 3185 1169 3262 οἰξαντο.
1217 3185 1281 3251 Pro

96 3290 193 3355 οἰσετε
222 3296 254 3356 εἰ
284 3289 378 3368 ἄξετε
411 3291 456 3378 (Γ.
484 3290 547 3355 103
571 3297 603 3357 et
629 3292 718 3376 105.)
744 3315 806 3358 non
830 3295 916 3358 deest·
939 3296 1028 3358 varia
1050 3291 1145 3357 leotio
1167 3290 1280 3355 σίσΑτε

93 3403 124 3461 ei
147 3395 265 3472 σίξΑτε.
312 3397 349 3461 In
372 3400 543 3463 Aristonici
567 3399 686 3464 scholio
710 3400 750 3464 ed
775 3410 810 3463 Θ.
836 3397 910 3463 545.
934 3401 968 3462 in
989 3409 1027 3462 A.
1049 3404 1113 3462 est:
1136 3399 1166 3482 (ή
1187 3398 1280 3470 διπλῆ

93 3500 151 3588 ύτι)
178 3502 211 3566 τδ
237 3502 383 3580 ἄξΑντο
407 3505 439 3568 ού
465 3509 515 3569 τὸν
539 3505 698 3581 μέλλοντα
719 3505 861 3582 σημαίνει
883 3505 959 3569 ἀλλ’
980 3504 1048 3568 οἰντί
1069 3508 1121 3568 τοῦ
1146 3501 1281 3580 ἄνοντο

94 3608 171 3694 (leg.
204 3608 381 3694 ήγσίγσντο).
429 3607 585 3694 Compara
615 3610 756 3675 scholion
789 3611 828 3674 ad
853 3620 890 3673 Θ.
917 3607 1034 3683 505.-ή
1059 3611 1153 3684 διτιιή
1178 3604 1223 3672 ύτι
1248 3609 1281 3673 ού

92 3716 253 3789 μέλλοντα
284 3719 424 3790 σημαίνει
450 3715 484 3780 τδ
508 3714 657 3791 οἰξεσύε
681 3718 755 3781 ἀλλ’
780 3716 809 3779 έν
833 3715 885 3796 ἰσῳ
910 3717 951 3795 τῷ
976 3712 1105 3792 ιίγετε
1129 3720 1160 3779 et
1185 3714 1224 3779 ad
1246 3723 1282 3780 Γ.

94 3819 170 3884 105.
196 3826 212 3895 ή
235 3823 328 3895 διτλή
352 3818 396 3886 ἰτι
421 3824 455 3886 τδ
486 3819 608 3896 ιίξετε
638 3824 671 3885 οὐ
696 3821 747 3884 τδν
770 3820 927 3898 μέλλοντα
952 3819 1094 3895 σημαίνει
1119 3820 1193 3884 ἀλλ’
1216 3818 1279 3885 ἰσον

93 3926 135 4006 τῷ
162 3925 299 4004 ἄνετε.
348 3925 429 4006 Quia
453 3926 596 3992 solebant
619 3923 741 4002 σίξΑντο
766 3927 838 3991 dere
858 3927 1030 3990 sententiae
1050 3928 1152 3990 securi
1171 3930 1283 3992 etiem-

93 4053 180 4096 nuno
211 4033 364 4097 dederunt
390 4033 424 4098 τὸ
448 4030 572 4107 οἰξΑντο
598 4036 629 4097 σύ
655 4033 704 4096 τδν
728 4032 885 4108 μέλλοντα
911 4032 1061 4108 σημαίνει.
1110 4031 1152 4096 Et
1175 4031 1283 4111 ύξοντο

94 4139 225 4222 quidem
250 4160 288 4202 ex
311 4138 411 4203 illotis
435 4139 609 4203 scribarum
633 4140 781 4203 menibus
805 4138 949 4223 elapsum
973 4145 1037 4221 est,
1062 4139 1116 4203 sed
1145 4138 1283 4203 δύσοντο

92 4246 194 4330 periit
214 4254 254 4308 Ψ.
280 4242 355 4310 739.
381 4246 437 4310 ubi
461 4245 565 4309 editur
589 4265 628 4308 ex
651 4243 742 4309 libris
766 4246 930 4310 omnibus:

279 4350 332 4414 καί
355 4355 378 4436 ῥ’
403 4347 647 4433 ιἰτομορξαμένω
672 4351 769 4424 κονίην
793 4350 931 4417 δύσΑντο
953 4356 1098 4432 χιτῶνας.
