3096 4972
694 207 759 285 535

133 423 206 493 pag.
244 401 343 471 1276.
376 402 431 471 27.
463 408 507 486 μὲι
531 404 576 473 ὅτι
601 406 685 482 δίκην
709 407 821 486 λαβεῖν
845 406 933 472 οίλλοδ
956 406 1001 486 μὴ
1024 413 1210 491 προσοφλεῖν
1232 407 1319 490 σίγα·

133 510 268 589 σήσαμ’
299 509 347 576 ι’ίν.
395 510 458 578 Sed
488 517 654 598 peccatum
686 518 734 578 est
763 515 798 577 in
831 513 977 578 Μίιίὶοιιο
1005 534 1079 601 pag.
1104 511 1180 580 517.
1209 514 1260 580 ll.
1286 519 1319 583 οὐ

132 619 195 698 γίιρ
225 613 306 690 ὅπως
339 619 412 703 [μὴ]
445 621 480 685 τὸ
511 625 603 698 σῶμα
628 619 804 701 ὑβρίζεσθαί
827 641 905 691 τινος
923 656 966 667 -
984 619 1071 684 οῖλλοδ
1095 619 1147 683 καί
1172 621 1236 684 κτὲ.
1261 624 1318 688 ubi

133 724 217 790 solus
248 721 272 788 S
302 725 479 790 rectissime
509 726 555 802 μή
585 728 719 791 omittit.
766 723 924 791 Similiter
952 744 1025 812 pag.
1051 724 1128 791 911.
1151 725 1206 792 20.
1230 727 1319 794 ἄλλα

132 832 175 908 μῖρ
207 824 252 894 ὅτι
283 829 297 893 ὅ
328 828 462 907 Λιίμπιο
495 831 575 916 [οὐκ]
607 830 784 913 ἐφθέγξατο
816 829 893 896 ἀλλ’
926 831 987 896 οὐδ’
1017 830 1112 906 αὐτὸς
1143 828 1239 906 οὗτος.
1262 834 1321 899 ubi

132 939 252 1001 iterum
275 933 361 1000 solus
384 933 407 1000 S
428 956 538 1003 veram
560 936 730 1004 lectionem
753 938 893 1003 semovit
914 938 1084 1025 negatione
1106 940 1232 1005 omissa.

176 1142 259 1231 Peg.
306 1140 384 1208 637.
424 1140 478 1208 28.
516 1143 588 1223 ὑπὲρ
623 1139 661 1208 ὦν
695 1151 759 1216 τοῖς
792 1145 950 1222 πολεμίοις
985 1144 1157 1228 μαχόμεθα
1193 1144 1241 1213 ίνα
1276 1152 1321 1228 μὴ

132 1247 302 1329 πάσχωσιν
332 1248 486 1328 ὑβριςικδν
518 1248 590 1329 μηδ’
622 1249 758 1328 οίσελγὲο
788 1250 900 1328 μηδὲν,
933 1251 1005 1332 ὑπὲρ
1037 1251 1150 1319 τούτων
1173 1254 1226 1320 καί
1249 1256 1320 1330 τοὺς

131 1356 254 1435 φιλίους
275 1355 329 1420 rav
350 1355 438 1436 παροδ
457 1355 509 1421 τδν
530 1354 619 1434 νόμον
637 1357 680 1428 είς
702 1355 812 1428 αὐτοὺς
835 1355 993 1438 ὑβρίζωσιν
1010 1359 1077 1440 [καὶ
1096 1358 1320 1448 διαφθείρωσιν]

134 1461 242 1527 ἔδωκεν
266 1462 457 1526 ἀποκτεῖναι.
505 1462 676 1549 Frigidum
699 1466 731 1526 et
753 1464 837 1527 iners
860 1462 1070 1545 διαφθείρωσιν
1094 1467 1322 1552 interpretandi

133 1588 228 1634 causa
260 1566 377 1652 aliquis
405 1570 439 1632 in
461 1570 607 1655 margine
631 1568 853 1653 adscripserat,
877 1569 961 1634 unde
984 1590 1016 1634 so
1038 1572 1072 1634 in
1096 1577 1222 1636 textum
1246 1596 1321 1640 cum

131 1673 246 1761 copula
266 1676 453 1742 insinuavit.

176 1885 259 1974 Pag.
290 1883 366 1949 639.
401 1887 433 1951 ί.
459 1885 513 1950 aaa
536 1883 656 1963 ίίγοντα
677 1884 695 1960 ἢ
720 1883 852 1966 φέροντα
876 1883 936 1968 βία
959 1883 1071 1959 ιἰδίκως
1094 1885 1181 1957 εὐθὺς
1204 1889 1320 1965 οὶμιινί·

131 2015 221 2068 μενος
254 1991 356 2071 κτείνρ
386 1991 498 2066 νηποινί
532 1991 673 2056 τεθνάναι
705 1989 862 2076 [κελειίει].
910 1990 1093 2056 Absurdum
1118 1996 1166 2056 est
1189 1997 1319 2061 coniun-

129 2119 205 2185 gere
242 2095 360 2162 κελεύει
393 2095 549 2174 τείνοίνοιι,
589 2101 626 2161 ut
661 2098 689 2161 si
722 2097 835 2162 Latine
867 2097 985 2164 dixeris
1018 2098 1085 2161 ιἰινκ
1115 2121 1229 2162 coeman
1260 2124 1321 2167 ecce

130 2221 237 2270 maun.
286 2200 424 2270 Gravius
455 2204 553 2268 etiam
585 2199 704 2268 Graece
735 2207 900 2288 peccatur,
925 2205 999 2287 quia
1021 2203 1134 2269 Latine
1156 2209 1317 2291 passivum

130 2311 260 2395 ponitur
290 2307 381 2371 attici
409 2306 506 2385 iubet,
541 2309 644 2372 ιιαοιισί
675 2309 780 2385 iussit,
818 2306 938 2376 Graece
972 2311 1115 2376 activum
1151 2312 1318 2394 ἀπορρῖψαι

130 2414 267 2492 κελεύει,
303 2412 492 2478 ἀποκτείνειν
526 2413 692 2479 ἐκέλευσεν.
752 2413 935 2482 Solemnem
969 2419 1003 2481 in
1037 2417 1157 2484 talibus
1193 2419 1319 2507 ellipsin

130 2520 247 2586 sciolus
269 2520 418 2605 imperite
440 2518 592 2605 explevit.

175 2729 255 2817 Pag.
290 2727 368 2793 640.
393 2727 424 2794 6.
449 2721 479 2800 ὃς
503 2728 541 2795 ἂν
565 2727 670 2810 ἄρχων
690 2727 707 2804 ἢ
731 2729 847 2804 ἰδιώτης
871 2729 966 2803 αίτιος
992 2728 1009 2811 ᾖ
1034 2731 1085 2796 τὸν
1109 2735 1219 2810 θεσμὸν
1243 2760 1318 2815 συγ-

129 2837 263 2916 χυίιῖναι
295 2835 401 2914 τόνδε,
431 2834 553 2901 soloeca
582 2836 643 2900 erit
667 2836 766 2899 oratio
790 2834 886 2901 donec
910 2835 1084 2902 articulum
1105 2839 1318 2925 suppleveris:

130 2940 227 3015 αἴτιος
253 2938 270 3024 ᾖ
295 2951 384 3007 ΤΟΥ
407 2941 458 3006 τὸν
482 2941 591 3020 ίεσμδν
614 2941 818 3020 συγχυθῆναι.

176 3049 250 3114 Non
281 3069 412 3115 moveor
440 3049 499 3124 iis,
528 3067 607 3132 quae
637 3046 791 3112 Sohaefer.
817 3048 851 3111 in
874 3047 979 3112 Melet.
1007 3048 1079 3112 otc.
1103 3069 1175 3137 pag.
1201 3051 1253 3117 23.
1279 3076 1317 3119 ex

129 3153 304 3241 Sophocle,
341 3154 520 3230 Herodoto,
556 3152 744 3239 Thucydide
777 3151 918 3239 collegit.
965 3151 1194 3220 Demosthenes
1225 3179 1319 3223 nnm-

130 3283 228 3347 quam
251 3262 285 3325 in
308 3261 359 3325 his
382 3258 555 3325 articulum
579 3261 719 3338 omittit,
742 3263 780 3322 ut
798 3278 872 3344 pag.
894 3255 970 3324 670.
991 3257 1043 3325 17.
1066 3264 1119 3324 τοῦ
1139 3260 1183 3339 μὴ
1204 3264 1318 3342 λαβεῖν

130 3368 328 3451 ’Λμφίπολιν
351 3365 474 3432 ποίντων
498 3361 581 3437 οὗτος
607 3364 790 3436 αίτιιίποιτίς
815 3363 895 3441 triv,
918 3369 951 3429 et
974 3367 1019 3430 sic
1042 3366 1170 3450 ubique.

176 3577 255 3643 Post
285 3596 386 3662 pauca
415 3577 461 3640 sic
492 3576 658 3641 scribitur:
690 3573 724 3638 τί
753 3574 817 3654 γὰρ
848 3572 929 3639 ἄλλο
961 3573 1005 3643 ἐς)
1036 3573 1070 3638 τὸ
1094 3584 1275 3652 μεταποιεῖν
1300 3578 1316 3653 ἢ

130 3682 205 3750 ὅταν
239 3680 295 3758 ἔξω
328 3688 387 3747 τῶν
418 3679 620 3760 τεταγμένων
650 3679 826 3759 δικατκρίων
850 3679 901 3744 καὶ
926 3676 997 3760 ίρων
1020 3676 1072 3762 [ὧν
1095 3679 1249 3762 είργεσίαι
1273 3683 1321 3748 δεῖ

128 3792 251 3877 optime
282 3771 401 3854 delevit
430 3787 607 3870 Dobraeus]
639 3786 707 3867 διδῷ
739 3809 785 3858 τις
809 3785 868 3858 τοῖς
891 3787 1053 3866 τιμωρίας;
1074 3825 1115 3834 -
1134 3787 1167 3852 τί
1189 3788 1215 3853 δ’
1238 3787 1318 3856 ι’ίλλο
1343 3849 1347 3856 .

128 3896 165 3962 τὸ
189 3901 323 3973 συγχεῖν
348 3893 364 3968 ἢ
390 3888 465 3958 ὅταν
487 3895 555 3974 ἑξῆς
580 3892 688 3958 οὑτωσί
708 3892 816 3958 ποίντα
837 3891 990 3956 τοίναντία
1010 3897 1068 3956 τῶν
1086 3893 1117 3956 ἐν
1137 3901 1198 3967 τοῖς
1220 3893 1320 3974 νόμοις

130 4004 206 4091 [τις]
232 3997 458 4080 γεγραμμένων
486 3998 610 4082 apricam
656 3999 807 4064 Potuitne
838 4017 952 4082 quaeso
983 3997 1165 4064 absurdiora
1183 3999 1252 4067 loco
1271 4027 1318 4075 τις

128 4110 206 4198 poni
241 4126 338 4192 quam
366 4107 450 4171 inter
476 4110 534 4170 τῶν
557 4107 588 4169 ἐν
609 4112 672 4176 τοῖς
696 4103 795 4183 νόμοις
821 4109 853 4169 et
877 4101 1124 4185 γεγραμμένωνί
1169 4104 1243 4172 Dici
1265 4131 1319 4194 po·

128 4219 213 4282 terat
245 4207 318 4276 ίτοιν
354 4235 401 4285 τις
420 4249 461 4260 --
480 4211 608 4295 γροίΦρ,
643 4215 767 4297 poterat
803 4204 877 4275 ὅταν
896 4248 937 4258 -
956 4208 1065 4291 γριίφρ
1099 4234 1163 4290 τις,
1198 4219 1322 4298 poterat

128 4324 229 4390 etiam
261 4341 309 4389 τις
338 4319 447 4384 omitti
477 4318 553 4404 quia
582 4317 742 4403 praecedit
776 4312 851 4382 ὅταν
887 4315 954 4396 διδῷ
988 4338 1045 4391 τις.
1093 4316 1322 4396 Demosthenes
