3086 4968
655 241 720 309 489

144 427 219 525 Pag.
252 431 329 504 372.
363 433 416 499 10.
449 434 545 515 είρύνκ
578 434 634 514 μὲν
663 429 713 500 ούν
736 434 774 498 δι’
798 432 942 508 ἐκείνους,
969 429 1149 503 ἐπικίνδυνος
1175 424 1205 494 δὲ
1231 421 1282 494 κού

105 542 243 626 σφιιλερόι
267 541 320 607 κοιί
344 538 456 612 ίιπιςος
481 541 533 606 διιὶ
552 541 676 612 τούτους
697 539 809 619 γέγονε
830 537 1132 623 [δωροδοκίσιιντοις].
1171 534 1286 620 Super·

105 670 231 716 vacuum
264 653 296 713 et
327 645 502 712 molestum
529 645 792 728 δωροδοκήσοντας
815 650 847 710 et
870 642 974 708 alieno
996 642 1066 708 loco
1089 643 1228 728 positum
1254 644 1286 705 et

105 755 265 821 verborum
291 753 538 818 concinnitatem
561 752 681 818 vitians
704 750 886 817 delendum.

146 860 216 944 Ipsa
246 859 401 944 oppositio
429 860 512 923 inter
535 858 573 922 δι’
597 856 725 930 ἐκείνους
749 862 782 922 et
805 856 856 922 διόι
879 855 1001 929 τούτους
1027 855 1284 920 additamentum

106 963 158 1028 hoc
181 965 287 1050 arguit
311 966 343 1027 et
366 964 497 1048 respuit.

145 1174 221 1262 Peg.
247 1171 325 1237 409.
350 1170 403 1238 28.
451 1171 623 1238 Aeschines
643 1169 683 1237 ad
702 1169 950 1239 Demosthenem
971 1171 1085 1253 ἐφοβοῦ
1109 1170 1174 1251 περὶ
1197 1193 1287 1235 σεσιν-

104 1285 165 1358 τοῦ,
191 1281 246 1344 ait.
295 1277 492 1364 Respondet:
518 1280 542 1342 εί
568 1278 621 1360 ἐφ’
646 1273 688 1350 οίς
713 1279 727 1343 ό
752 1279 825 1358 μηδ’
853 1281 949 1344 ὁτιοῦν
973 1279 1083 1344 οίδιιιῦν
1108 1276 1286 1360 ἐφοβούμην

106 1387 159 1463 ἐγώ
188 1384 245 1473 [μὴ
271 1384 321 1448 διόι
346 1385 470 1456 τούτους
495 1383 698 1470 οίπόλωμοιι],
722 1385 755 1449 τί
778 1385 902 1459 τούτους
927 1387 1068 1467 προσήκει
1089 1387 1197 1450 ποιόεῖν
1217 1383 1287 1453 τοὺς

105 1492 208 1566 κῦτοῦς
247 1489 428 1567 ἠδικηκότος
435 1511 444 1569 ;
480 1490 599 1556 Reseca
632 1511 775 1576 pannum
811 1492 938 1557 aliunde
974 1496 1136 1576 assutum,
1171 1492 1226 1577 qui
1260 1491 1288 1554 si

105 1619 192 1683 quam
222 1601 366 1664 maxime
396 1599 570 1663 sententiae
603 1600 803 1682 conveniret,
830 1603 938 1663 tamen
960 1617 1021 1662 non
1046 1601 1169 1683 poterat
1191 1599 1288 1660 inter-

104 1707 172 1789 poni
200 1707 286 1770 inter
316 1707 341 1770 εί
366 1705 545 1788 ἐφοβούμην
570 1705 686 1783 ’erm
711 1703 744 1770 τί
766 1714 973 1770 TOTTOTC
997 1706 1138 1784 προσήκει
1163 1702 1286 1777 ποιύεῒνς

144 1916 220 2004 Pag.
253 1913 331 1981 421.
365 1914 419 1980 22.
450 1915 488 1980 διν
513 1916 642 1981 πιλίδιον
666 1915 774 1992 λαβὼν
798 1914 849 1979 ἐπὶ
874 1915 929 1988 τὴν
953 1915 1095 1996 κεφοιλίρν
1121 1921 1287 1992 περινοςρίς.

103 2020 200 2087 Nemo
231 2025 267 2087 in
297 2023 427 2106 antiqua
458 2020 592 2088 Graecia
622 2024 667 2087 sic
700 2020 905 2106 loquebatur:
938 2023 994 2105 qui
1031 2021 1129 2106 capiti
1164 2018 1287 2101 imponit

103 2126 244 2212 galeam,
272 2147 436 2204 coronam,
460 2126 583 2213 pileum
607 2128 725 2193 dicitur
748 2127 815 2206 περί
840 2128 894 2201 τίρν
917 2128 1060 2209 κεφκλῦν
1084 2124 1287 2204 περιτίόεσύοιι

104 2234 369 2314 περικεφκλοιίοιν,
399 2234 552 2312 ςέφοινον,
576 2241 686 2313 πῖλον,
712 2234 860 2311 πιλίδιον,
886 2239 918 2300 et
940 2236 974 2298 in
996 2233 1134 2319 perlecto
1158 2232 1287 2312 περίκει·

103 2361 156 2415 μοι
189 2341 324 2417 ςέφοινον
349 2344 381 2404 et
404 2342 477 2405 sim.
528 2337 644 2406 Contra
668 2343 724 2425 qui
748 2341 824 2425 quid
847 2342 882 2406 in
906 2343 1009 2426 capite
1031 2337 1206 2428 gestatio}
1232 2347 1287 2413 τῆς

103 2451 239 2528 κεφαλῆς
276 2446 378 2528 φέρειν
410 2445 527 2511 dicitur
534 2493 543 2524 ,
576 2451 614 2511 ut
646 2446 695 2511 ε’π)
722 2453 779 2512 τῶν
803 2447 898 2525 ῦμοιν.
947 2445 1114 2533 Sequiores
1137 2441 1288 2510 Graeculi

102 2571 154 2635 pro
178 2552 350 2632 repelletur
373 2554 481 2616 minus
504 2556 629 2638 proprie
656 2552 810 2618 ἐπιόέσύοιι
834 2554 938 2618 dicere
961 2556 1130 2638 coeperunt
1155 2551 1288 2616 ethaeo

101 2661 237 2734 σονιὶόειοι
262 2659 347 2724 farta
372 2663 426 2724 est.
475 2659 703 2744 Aristophanes
731 2660 895 2742 Thermopt.
922 2656 999 2724 380.

349 2765 466 2847 περίδου
493 2789 542 2830 νυν
566 2765 650 2830 τόνδε
675 2771 788 2845 πρῶτον
813 2763 883 2843 πρὶν
906 2761 1023 2840 λέγειν.

99 2871 151 2935 ubi
169 2870 363 2937 Scholiasta:
382 2871 451 2936 ιίντί
470 2875 522 2936 τοῦ
541 2871 687 2952 ςέφοινον.
709 2869 771 2942 ἐόος
789 2870 852 2951 γόιρ
870 2864 903 2943 ἦν
923 2878 985 2942 τοῖς
999 2866 1124 2946 λέγουσι
1138 2873 1291 2947 ςεφκνοῦ-

99 2978 164 3041 σόοι
185 2984 315 3059 πρῶτον.
338 2977 373 3041 τό
390 2976 420 3043 δὲ
440 2987 626 3042 ΠΕΡΙΘΟΤ
652 2973 723 3057 ύπερ
744 2979 816 3054 ἡμῖν
835 2975 957 3051 σύνκύες
979 2975 1150 3040 ἘΠΙΘΟΤ
1171 2974 1286 3053 λέγειν.

140 3084 232 3150 Idem
257 3083 384 3171 Ιμοίοίν.
411 3082 489 3149 533.

351 3193 423 3271 παρ’
448 3193 523 3269 ἐμοῦ
547 3190 631 3256 τουτί
655 3193 690 3256 τό
714 3189 873 3270 κύλυμμοι
897 3187 1005 3266 λοιβιίν

353 3293 410 3376 ἔχε
435 3297 488 3361 κοιί
512 3297 630 3378 περίόου
654 3297 721 3377 περὶ
746 3299 800 3372 τίρν
824 3295 978 3378 κεφιιλιίν,

98 3407 128 3467 et
157 3405 204 3468 sic
237 3407 417 3468 constanter
446 3401 575 3469 Veteres
598 3424 707 3468 omncs
732 3409 769 3468 ut
792 3406 827 3468 in
849 3402 1074 3483 οὶμπέχεσόσιι,
1098 3399 1291 3482 περιβόλλε·

98 3511 186 3588 σύοιι,
230 3511 423 3590 περιδεΐοόιιι.
497 3509 608 3595 Itaque
641 3509 848 3575 Demostheni
883 3509 978 3574 redde
1014 3529 1126 3573 suum:
1161 3509 1291 3575 πιλίδιον

98 3616 207 3694 λοιβόιν
231 3625 329 3681 ΠΕΡΙ
355 3617 409 3690 τίρν
433 3617 589 3698 κεφοιλιίν,

141 3826 224 3914 Peg.
261 3824 337 3890 426.
373 3825 426 3893 13.
451 3827 520 3906 πρίν
544 3825 676 3903 ἐξελθεῖν
702 3828 838 3893 ε’νιοιυτδν
863 3834 916 3894 τοῦ
942 3826 1078 3906 πολέμου
1103 3829 1160 3901 τόις
1187 3827 1292 3901 πόλεις

97 3932 230 4002 όποίσοις
256 3932 505 3998 οίποιλοιλέκεοοιν
530 3933 567 4020 (ol
592 3933 755 4020 Ὀλύνόιοι)
783 3935 841 4008 τόις
869 3936 898 3998 ἐν
922 3945 960 4015 τῇ
986 3935 1157 4016 Χαλκιδικῇ
1182 3935 1292 4017 [προδι-

95 4036 211 4112 δόντες.
249 4037 303 4102 alii
333 4041 359 4103 οί
389 4039 589 4124 προδιδόντες]
624 4039 675 4104 κοιί
710 4042 863 4111 Φίλιππος
892 4041 992 4105 οὐκέτ’
1018 4036 1105 4120 εἶχεν
1131 4041 1294 4108 ὑπακούειν

92 4152 155 4218 τοῖς
193 4142 382 4224 προδιδοῦσιν
411 4147 474 4211 οὐδ’
507 4141 592 4228 εἶχεν
629 4142 659 4224 ό,
699 4169 728 4209 τι
764 4152 878 4226 πρῶτον
915 4145 1011 4228 λοίβρ.
1059 4146 1131 4212 Non
1166 4153 1295 4214 tautum

91 4249 285 4331 προδιδόντες
317 4253 357 4337 (oi
391 4251 589 4339 προδιδόντες)
623 4252 770 4318 additum
802 4251 902 4318 laedit
934 4273 1044 4317 aurem
1079 4254 1118 4318 ob
1151 4257 1295 4321 vicinum

91 4365 154 4432 τοῖς
191 4356 396 4444 προδιδοῦσιν,
421 4360 599 4428 sedetiam
624 4380 698 4425 cum
723 4359 785 4426 loci
808 4363 965 4425 sententia
987 4367 1121 4448 pugnet.
1168 4362 1294 4452 Nempe
