3052 4970
650 260 716 338 405

131 458 289 548 Vulgstss
319 460 490 545 scripturas
513 461 703 528 inverenmt
725 465 867 528 cantores
889 465 927 527 ut
950 461 1124 529 molestum
1145 463 1272 532 hiatum

89 560 163 629 άοοοο
195 564 323 649 ἔοργας,
356 560 406 631 οἷον
434 563 562 646 ἔοογοις,
592 567 657 633 οὔτι
681 569 790 647 ἐοργώς
812 572 1021 635 removerent.
1067 569 1119 635 Ad
1140 592 1274 637 menum

90 673 172 736 enim
194 675 270 758 eret*
290 670 455 737 literalem
477 675 614 739 inserere
637 679 693 740 eut
710 675 793 740 οὐδέν
810 694 868 761 pro
887 673 952 740 οὔτι
972 676 1171 742 substituere.
1207 677 1274 744 Ubi

87 777 167 842 nihil
190 777 377 843 huiusmodi
395 775 552 860 πρόχειρον
572 785 605 845 et
624 781 658 844 in
675 785 806 866 promtu
826 785 890 860 est,
909 782 1007 850 verbe
1025 785 1137 868 potitae
1152 783 1273 849 intuetu

86 883 291 968 reliquerunt.

160 986 304 1054 ’κάτθαν’
328 988 408 1068 ὁμῶς
431 986 451 1055 δ’
469 992 499 1055 τ’
522 991 647 1073 erupta
669 991 744 1072 άνὶιρ
768 990 787 1058 ὅ
806 1018 842 1058 τε
867 993 973 1060 πολλοὶ
996 993 1145 1076 reaper.

609 1305 743 1373 LXXX.

283 1513 449 1594 ΔΙνοομμιι
473 1531 616 1582 omssun
637 1533 702 1582 rur
725 1533 895 1582 rnnrrssn
916 1534 1074 1586 murrum

126 1721 299 1788 Nonnullis
315 1722 395 1790 loeis
413 1724 580 1791 Beklrerus
597 1726 810 1791 necessarium
829 1724 983 1804 δίγομμοο
1002 1725 1116 1792 addere
1130 1725 1274 1813 neglexit

83 1827 186 1894 veluti
212 1837 252 1896 A.
276 1827 353 1896 488.

266 1935 285 2013 ἦ
307 1935 345 2018 ῥά
367 1939 397 2000 τ’
420 1937 451 2001 ἔν
475 1938 602 2020 εἱαμενῇ
627 1933 712 2010 ἕλεος
736 1935 888 2016 μεγάλοιο
912 1936 1058 2020 πεφύκει.

129 2051 169 2106 0.
196 2038 274 2107 681.

265 2147 304 2214 οἵ
321 2147 359 2230 ῥά
382 2152 412 2212 τ’
435 2149 465 2212 ἐν
490 2149 616 2232 εἷοιμενῑι
640 2144 724 2223 ἕλεος
748 2145 901 2228 μεγάλοιο
925 2147 1077 2227 νέμοντοι.

127 2263 160 2319 n.
188 2251 265 2321 776.

266 2361 362 2426 λοιπον
386 2357 580 2440 ἐρεπτόμενοι
605 2358 800 2440 ἐλεόθρεπτόν
822 2384 858 2424 τε
882 2358 1008 2425 σέλινον.

80 2467 139 2532 ubi
168 2465 268 2538 ιέλεοι
292 2471 325 2532 et
347 2466 557 2560 ιελεδθοεπτον
579 2468 731 2553 rescripte
754 2470 804 2533 ter
825 2466 1056 2552 permolestum
1078 2466 1204 2533 histum
1228 2490 1277 2535 rs·

80 2571 270 2639 movebunt.

126 2677 297 2744 Dubitesse
319 2677 448 2745 videtur
469 2680 545 2764 qnia
567 2678 630 2744 duo
652 2677 715 2744 loci
739 2687 777 2744 T.
802 2677 879 2744 221.
904 2682 937 2743 et
959 2677 989 2756 ξ.
1011 2675 1089 2745 474.
1109 2679 1277 2767 digamma

79 2805 144 2851 non
167 2785 355 2850 admittunt.

124 2992 214 3062 Male
238 2995 393 3062 omissum
414 2999 463 3062 est
483 2992 637 3074 δάνομμοι
657 3004 695 3061 Η.
718 2990 794 3062 310.
815 2996 850 3060 in
870 2991 1076 3066 ἀελπτέοντες
1096 2993 1163 3061 οάον
1183 2988 1273 3064 εἶνοιι.

80 3101 164 3183 Quia
195 3101 345 3180 ιέλπομοιι
375 3099 587 3168 Homericum
619 3104 668 3167 est
698 3105 731 3167 et
752 3101 880 3167 ιὲιολποο
904 3103 1047 3188 sequitur
1069 3098 1220 3175 άεελππος
1244 3108 1276 3168 et

78 3208 229 3282 άνελπτάν
254 3207 319 3274 diei
341 3214 374 3274 et
398 3205 619 3278 άιελπτέοντει
642 3227 709 3274 esse
732 3207 946 3274 scribendum.

125 3417 211 3484 Satis
234 3421 357 3484 constet
379 3417 463 3482 inter
486 3436 596 3482 omnes
614 3423 701 3489 εοῖνος
726 3416 893 3503 digamma
916 3417 1033 3483 habere
1052 3420 1274 3502 praeterquam

77 3529 113 3592 in
143 3523 306 3591 nonnullis
336 3523 432 3600 loeis,
466 3542 544 3608 quos
572 3543 635 3588 non
667 3524 817 3606 antiquus
846 3527 936 3588 rates
971 3525 1098 3608 panxit,
1133 3522 1188 3588 sed
1219 3528 1275 3589 eut

77 3633 270 3700 recentiores
289 3628 383 3695 άοιδοί
402 3632 459 3694 sut
478 3629 684 3697 διοισκεοοιτοά
703 3629 841 3694 vetustis
861 3629 1057 3693 carminibus
1075 3627 1275 3695 addiderunt.

76 3739 192 3824 Itaque
214 3735 381 3802 ferendum
403 3755 466 3800 non
489 3738 537 3800 est
561 3735 645 3820 quod
668 3736 702 3799 in
726 3736 857 3818 entique
880 3737 970 3819 perte
992 3735 1142 3799 terminis
1160 3733 1275 3822 vulgae

77 3849 134 3911 tur
159 3827 185 3909 Ι.
209 3840 287 3908 244.

262 3944 460 4026 πλησάμενος
485 3945 510 4012 δ’
535 3945 619 4014 οἴνοιο
643 3945 740 4017 δέπας
764 3945 893 4011 δείδεκτ’
918 3947 1071 4027 Ἀχιλῆα.

77 4057 134 4124 sed
157 4055 282 4122 duobus
303 4054 411 4122 verbis
433 4053 633 4139 transpositis
653 4051 844 4139 legendum:

422 4157 622 4239 πλησάμενος
647 4157 678 4224 δὲ
699 4156 797 4231 δέποοι
821 4157 921 4224 οοάνου.

120 4369 242 4445 contra
263 4391 410 4466 perverse
431 4393 446 4438 ι
469 4369 592 4436 auum
614 4333 781 4435 renerus
810 4377 833 4434 1.
863 4363 941 4440 ιον,
