3086 4968
833 257 899 327 450

265 459 338 517 rant
368 453 490 519 scilicet
519 452 683 533 ε’ῖρνλθῐπε
714 452 753 524 ῶς
785 457 818 514 et
841 470 888 534 sq.
912 448 973 514 δεῖν
997 451 1032 514 in
1056 448 1105 514 δεῖ
1123 453 1302 517 mutarunt.
1345 448 1429 514 Resti-

201 635 203 640 ,
267 562 333 624 tuit
362 580 432 624 rem
461 559 596 637 Reislre,
627 579 724 644 quem
753 559 824 622 iure
853 554 998 622 Dindorf.
1031 556 1187 640 sequitur.
1237 556 1325 638 Quod
1344 559 1431 621 auten

267 663 411 730 Dindori.
442 669 578 742 utroque
606 661 676 729 loco
709 663 932 750 ἕκπολεμΗσαι
964 681 1022 747 pro
1054 663 1286 740 ἕκπολεμΩσαι
1316 661 1432 746 reposuit

267 789 434 854 perperam
463 769 585 834 factum
608 787 674 834 esse
697 768 842 833 arbitror.
892 765 1027 854 Legitur
1050 787 1084 853 p.
1109 765 1161 832 30.
1186 767 1242 834 20.
1266 771 1300 834 in
1321 767 1341 833 S
1361 768 1433 831 ἐκπο-

267 870 404 954 λεμῶσαι
437 875 553 954 „bitere
575 901 596 940 οι
617 898 636 938 ο
659 897 696 938 νο.
720 873 846 958 antique
867 871 1097 956 sapascrpoass’
1122 877 1222 940 etiam
1246 896 1318 962 pag.
1343 870 1432 938 11.1.

271 1004 316 1058 „a
339 981 443 1066 ροῖοιο
471 981 577 1045 σκοποῖ’
609 979 632 1046 S
663 983 768 1046 servat
796 979 1023 1056 ἐκπολεμῶσαι.
1070 979 1204 1045 Accedit
1237 981 1434 1046 testimonium

267 1084 526 1174 Harpocrationis
552 1109 584 1152 v.
614 1087 923 1163 Ἐκπολεμῶσοοιτ
949 1083 1145 1164 Δημοσθένης
1167 1091 1359 1158 Φιλιππικοῖς
1381 1083 1434 1149 dori

268 1196 323 1256 ποῶ
347 1194 405 1266 εἷς
428 1191 601 1272 πόλεμον
625 1199 885 1267 καταςνῖσαι,
911 1193 950 1265 ῶς
972 1190 1023 1256 καὶ
1047 1191 1134 1273 παρῶ
1154 1192 1320 1273 Θουκυδίδῃ
1339 1187 1436 1256 πολλοὶ·

271 1320 329 1370 κις.
353 1298 383 1362 ἐν
405 1297 510 1377 μέντοι
534 1305 596 1371 τοῖς
620 1301 826 1371 Ἀττικιοονοῖς
850 1296 901 1362 διὰ
922 1302 975 1362 ποῶ
997 1307 1024 1362 Η
1044 1296 1221 1380 γροῖφεσαι,
1240 1301 1279 1371 ῶς
1299 1297 1348 1362 καῖ
1366 1293 1437 1376 παρῶ

273 1408 441 1485 Ξενοφῶντι
473 1406 504 1470 ἐν
530 1401 608 1486 ἕκτῳ
629 1407 825 1477 Ἑλληνικῶν.
872 1401 935 1468 His
957 1405 1061 1492 igitur
1081 1403 1264 1470 Dindorfius
1287 1403 1377 1470 fidem
1394 1402 1437 1466 ha⁴

270 1509 344 1586 bet,
379 1531 438 1598 ego
467 1531 569 1598 neque
600 1507 845 1595 Harpocrationi
875 1530 978 1595 neque
1004 1511 1175 1576 Atticianis
1198 1512 1368 1596 quidquam
1388 1528 1438 1573 cre

271 1615 411 1681 dendum
444 1637 510 1682 csse
546 1617 694 1681 existimo
727 1617 762 1680 in
796 1634 832 1680 ea
866 1614 996 1700 quidem
1029 1636 1079 1694 re,
1114 1635 1194 1700 quae
1224 1637 1298 1681 cum
1327 1616 1438 1702 linguae

272 1719 411 1788 Graecae
440 1725 562 1788 ratione
593 1725 626 1787 et
646 1742 709 1786 usu
732 1725 840 1806 aperte
863 1725 998 1809 pugnet.
1044 1720 1329 1807 Harpocrationem
1348 1724 1379 1786 in
1398 1721 1438 1784 his

270 1829 365 1895 rebus
393 1850 456 1895 non
487 1832 619 1894 acutum
643 1848 782 1903 cernere,
809 1847 923 1914 graves
946 1826 1087 1893 hominis
1110 1849 1229 1895 errores
1252 1833 1285 1894 ct
1307 1825 1438 1894 absurdae

272 1934 522 2016 παραδιορθώσεις
554 1933 780 1999 demonstrant.
828 1932 866 1996 in
896 1930 1066 1999 (lodicibus
1087 1935 1260 2000 Atticianis
1283 1932 1438 2019 complures

270 2041 437 2106 mendosas
460 2042 632 2125 scripturas
654 2040 752 2104 fuisse
774 2041 807 2104 et
830 2041 959 2104 omnino
981 2060 1045 2132 non
1067 2039 1212 2106 multum
1235 2041 1334 2107 bonae
1353 2039 1438 2126 frugis

272 2167 311 2211 ex
341 2148 382 2211 iis
411 2145 521 2233 colligi
551 2148 708 2231 potuisse,
741 2165 780 2209 cx
801 2142 1052 2230 Harpocrationc
1074 2149 1107 2211 et
1129 2145 1222 2212 libris
1243 2149 1357 2213 nostris
1376 2146 1438 2210 satis

271 2250 356 2336 apud
378 2273 431 2317 ms
454 2257 577 2318 constat
599 2256 632 2317 et
653 2251 737 2316 infra
759 2253 959 2338 argumentis
981 2251 1132 2337 probabo.
1177 2251 1242 2318 Res
1264 2239 1333 2338 ipsa
1349 2271 1398 2337 per
1412 2269 1437 2313 sc

270 2361 411 2442 spectata
440 2357 565 2423 nuliam
595 2357 692 2423 habet
721 2357 790 2422 veri
818 2355 966 2441 speciem.
1015 2356 1110 2423 Certa
1141 2358 1289 2447 analogia
1318 2355 1437 2445 postulat

271 2463 475 2541 ἐκπολεμοῦν,
507 2464 603 2548 idque
633 2463 726 2528 cartis
757 2464 953 2548 optimorum
976 2464 1168 2548 scriptorum
1191 2466 1379 2532 testimoniis
1397 2481 1437 2526 ex·

267 2567 425 2653 plorabam
455 2568 552 2634 habat
583 2567 696 2646 fidem,
720 2588 800 2654 quae
825 2567 971 2654 pauculis
993 2567 1151 2636 librorum
1174 2571 1301 2636 mendis
1324 2565 1438 2636 convelli

269 2694 333 2739 non
362 2677 477 2760 potest.
525 2671 737 2740 Grammatici
769 2675 871 2760 inepti
905 2673 1073 2740 credebant
1108 2681 1287 2758 παπροῶχον
1318 2672 1439 2758 παρθένον

269 2778 422 2865 appellari
447 2786 536 2862 petre
566 2781 681 2854 orbem,
713 2778 881 2859 δωροδοκεῖν
913 2799 979 2844 esse
1011 2781 1088 2861 δῶρα
1121 2779 1268 2868 testam
1289 2787 1377 2865 ψοφῶ
1396 2780 1438 2853 rip

270 2887 360 2966 θύραν
390 2886 567 2951 rectissime
590 2884 653 2949 dici
676 2889 708 2950 et
730 2886 877 2951 Atticum
901 2905 984 2958 esse.
1009 2891 1042 2952 et
1066 2891 1143 2972 quot
1166 2885 1231 2952 alia
1254 2894 1330 2954 sunt
1349 2905 1438 2954 eorum

270 2990 524 3072 saponariorum
549 2993 581 3055 et
604 2988 773 3070 λνρνὶμοιποι
797 3010 836 3054 ex
852 2989 937 3056 'locis
960 2993 1085 3058 vitiosis
1110 2991 1277 3079 suscepta?
1322 2992 1387 3059 Iure
1403 2989 1437 3053 di·

271 3100 355 3164 citur
381 3097 464 3161 atttl
494 3117 554 3160 eece
577 3103 635 3160 tom
660 3096 820 3160 absordum
842 3097 922 3181 quod
943 3117 1003 3160 νοονν
1025 3102 1066 3162 ait
1089 3099 1125 3161 ab
1149 3099 1252 3186 aliquo
1272 3102 1437 3182 ρναννιιοοῶοο

269 3204 390 3268 dictem.
448 3200 546 3267 Lecta
578 3199 838 3287 Harpocrationis
872 3205 1074 3269 annotatione
1108 3207 1234 3270 exstitit
1270 3206 1365 3289 alius,
1395 3201 1438 3286 qni

269 3309 346 3396 quid
374 3310 458 3373 inter
489 3309 677 3386 ἐκπολεμοῦν
701 3311 733 3372 et
756 3307 939 3385 ἐκπολεμεῖν
961 3310 1127 3376 interesset
1150 3312 1187 3375 dc
1209 3334 1262 3376 soc
1286 3311 1331 3396 (id
1351 3313 1393 3376 est
1409 3310 1438 3370 dc

269 3415 378 3499 οοιἸιῖίο)
401 3419 602 3480 commentus
622 3418 670 3480 cst
688 3415 723 3478 in
744 3415 904 3504 farragine
922 3415 1091 3480 Ammonii
1110 3417 1146 3481 de
1168 3417 1271 3504 dcffcr.
1294 3417 1438 3481 οοσῶοσννιιι

270 3522 561 3598 ἐκπολεμῶσαι
593 3520 645 3585 καὶ
678 3521 962 3597 ἐκπολεμῆσαι
994 3521 1146 3604 διαφέρει,
1171 3522 1436 3601 ἐκπολεμῶσαι

268 3627 324 3706 μὲν
355 3623 417 3706 γοῖρ
449 3627 494 3696 ἒςι
527 3627 561 3690 πὸ
592 3628 634 3700 εἷς
668 3623 802 3704 πόλεμον
834 3626 1005 3706 ἐμβαλεῖν,
1042 3628 1328 3705 ἐκπολεμῆσαι
1355 3625 1382 3690 ts
1406 3621 1435 3686 ri

268 3731 357 3797 πόλιν
381 3728 506 3804 ἐξελεῖν.
553 3731 712 3817 Equidem
735 3733 964 3819 grammaticos
987 3732 1139 3800 facessere
1162 3735 1238 3800 binc
1260 3733 1390 3800 iusserim
1409 3733 1435 3793 et

267 3833 476 3903 Demostheni
498 3838 548 3903 bis
572 3857 668 3903 suum
694 3838 909 3916 ἐκπολεμῶσαι
934 3840 1140 3905 restituerim.

312 4044 393 4132 Pag.
426 4043 478 4110 12.
510 4044 541 4112 9.
572 4045 645 4134 lega
674 4067 750 4112 cum
778 4046 940 4113 Dobraeo:
973 4046 1140 4128 παρόμοιον
1163 4049 1227 4119 ε’ςιν
1248 4051 1368 4126 ‘occa
1387 4041 1432 4107 καὶ

138 4181 142 4190 ’
266 4150 410 4231 περὶτῆς
437 4158 495 4216 πῶν
518 4151 688 4232 χρημάτων
712 4153 865 4230 κτήσεως,
890 4174 946 4239 pro
970 4153 1084 4235 Ὅπερ.

306 4358 387 4444 Peg.
420 4356 472 4422 16.
505 4357 536 4424 8.
562 4359 587 4423 st
612 4359 766 4436 Φίλιππος
791 4361 885 4439 λοῖβοι
911 4361 981 4428 καθ’
1008 4365 1091 4442 ἡμῶν
1118 4370 1253 4432 τοιοῦτον
1275 4361 1364 4446 καιρὸν
1383 4353 1430 4420 mi
