3034 4968
649 177 711 254 151

106 365 246 451 τῦτχειςς
278 368 300 435 ὦ
331 371 363 436 ri
392 371 548 453 τοίοχειςς
580 373 613 438 τί
643 373 813 451 ninneton
847 381 879 440 et
902 378 974 442 sim.
1000 375 1154 453 adeum,
1179 393 1275 462 quem

105 477 190 543 stulte
219 483 273 544 aut
299 483 419 542 temere
448 483 505 542 aut
535 499 702 564 perperam
733 491 881 568 agentem
910 481 1031 566 aliquid
1054 483 1215 559 viderent,
1237 488 1276 550 ut

103 581 202 650 Latine
230 607 304 670 qaae
334 591 363 648 te
394 586 540 648 mentia
563 585 665 669 cepit?
693 592 749 651 aut
772 609 847 671 quoe
869 593 898 651 te
920 587 1111 670 intemperiae
1133 588 1276 670 apim?

104 688 246 776 habetque
273 693 375 778 igitur
404 692 436 770 sl
466 691 569 756 τκῦῶν
598 691 716 776 ubique
737 694 771 756 in
793 693 1019 775 reprehensione
1041 698 1097 758 aut
1120 696 1275 779 exprobra-

104 795 171 859 tione
196 796 311 862 locum.
348 795 460 881 Itaque
490 797 522 861 ri
551 798 653 862 τοιῦῦν
685 798 717 862 οῦ
749 799 870 870 πάντας
900 800 973 874 ἡμῖν
996 798 1119 872 τούτους
1144 801 1277 880 ereptio·

104 922 167 980 νοις
193 906 354 968 notionem
386 903 466 969 hanc
499 907 657 969 continet:
688 925 764 991 quoe
795 911 838 968 eat
868 928 903 968 eo
932 906 1085 969 stoliditas
1114 928 1173 970 κοκ
1195 908 1278 971 hoece

104 1031 184 1072 οιιοοι
210 1015 239 1073 te
268 1010 429 1074 adductam
456 1015 488 1074 io
518 1010 689 1073 indiciam?
715 1015 748 1075 et
771 1010 803 1075 ri
826 1033 901 1074 τοτε
925 1011 1026 1074 πιθὼν
1049 1011 1173 1084 τούτους
1198 1009 1275 1077 οῦτοι

103 1122 205 1193 μισεῖς;
233 1117 307 1201 quid
335 1117 453 1180 tooodeoo
475 1122 504 1180 te
526 1115 646 1199 ioapelit
667 1123 701 1179 et
723 1116 775 1179 Ιιοι
797 1123 855 1180 tom
877 1117 1094 1181 inconsiderate
1116 1142 1150 1182 oo
1172 1125 1277 1182 temere

103 1222 210 1286 οᾶονιζιῖ

534 1470 650 1526 ΠΑΙΟΙ
676 1499 717 1510 -
741 1465 831 1527 τοῖσι.

139 1640 321 1728 Saepissime
341 1643 375 1707 in
394 1641 485 1708 libris
505 1651 580 1713 τοῖς
600 1662 657 1726 pro
676 1646 739 1712 τοῦς
753 1641 891 1729 legitur,
902 1660 1142 1727 nonnumquam
1156 1647 1273 1714 contra.

102 1744 165 1812 'iria
189 1749 265 1814 haec
296 1748 443 1833 exempla
474 1748 559 1833 apud
588 1748 761 1813 Libanium
793 1747 876 1813 vide.
920 1748 1013 1812 Tum.
1037 1746 1092 1812 IV.
1116 1746 1192 1813 488.
1220 1748 1272 1814 30.

101 1851 194 1917 rutero
224 1850 246 1919 ἅ
270 1877 317 1925 τις
341 1854 380 1920 ἂν
403 1855 485 1934 οιῦτςῦ
510 1851 689 1929 τννεῦξοιιτο
714 1853 766 1918 aab
791 1857 923 1918 τοῖσιν.
949 1853 1003 1918 IV.
1028 1852 1101 1920 559.
1130 1857 1217 1932 ἡμεῖς
1242 1853 1273 1918 δὲ

102 1958 287 2034 intuebaris
311 1959 364 2026 κον)
391 1959 480 2024 nerei
504 1958 558 2046 (al.
581 1960 672 2045 τοῦτο)
693 1960 822 2037 separa
843 1959 930 2039 nepio
947 1965 1006 2024 τῶν
1026 1960 1095 2026 θεῶν
1116 1961 1271 2037 αἰτοῦμεν.

99 2061 388 2134 InDeclamatione
418 2065 552 2150 Cephali
585 2065 740 2152 (Maeones.
776 2061 874 2130 1875.
906 2086 981 2152 pag.
1013 2063 1207 2150 8.)τ1ςοῦκ
1232 2065 1271 2132 ἂν

100 2171 171 2250 cirri
201 2198 234 2237 τε
265 2173 318 2235 aet
350 2173 428 2237 τοῖσι
460 2171 603 2250 γενέσθαι
635 2170 777 2249 εῦξοιιτο;
810 2172 958 2237 omnibus
988 2172 1039 2238 his
1070 2171 1148 2237 locis
1179 2174 1272 2238 imice

99 2297 198 2344 verum
221 2283 267 2344 est
291 2287 408 2344 liniet
432 2299 488 2363 pro
512 2283 601 2343 τῦοι.

552 2527 614 2594 Ζῆν
637 2556 680 2567 -
705 2517 802 2596 βιοῦν.

135 2698 279 2766 Libanius
302 2699 355 2765 IV.
381 2699 458 2766 294.
484 2701 513 2764 5.
538 2701 656 2782 ὤφελον
680 2699 730 2764 τὸν
755 2699 943 2778 Ἰσοκράτους
969 2736 1011 2747 -
1036 2697 1158 2764 {aletes
1182 2699 1270 2784 βίον,

97 2802 128 2867 ἵν’
156 2807 183 2869 ἐν
205 2807 322 2891 ἡσυχίᾳ
346 2806 398 2871 καὶ
423 2807 563 2884 potatione
588 2805 700 2884 ἕβίονν.
738 2802 889 2871 Graeculi
910 2806 996 2882 βιοῦν
1020 2804 1154 2870 verbum
1178 2811 1272 2872 vetus
1345 2855 1352 2874 ,

97 2908 227 2977 lonicum
249 2917 450 2990 recoxenmt,
473 2911 619 2998 analogia
641 2911 778 2996 quadam
801 2911 931 2994 decepti.
969 2909 1177 2977 Athenienses
1198 2912 1269 2989 βιώ·

98 3038 195 3096 sopor,
220 3020 330 3103 ἐβίων,
354 3017 499 3100 βεβίωκοι
522 3018 683 3093 dicebant,
707 3017 762 3082 sed
784 3018 818 3080 in
837 3018 993 3100 praesenti
1013 3020 1192 3082 constanter
1211 3017 1269 3098 ζῶ,

97 3119 146 3199 ζῆ,
179 3123 265 3207 ζῴην,
303 3124 373 3209 ζῆν,
409 3123 476 3204 ζῶν.
523 3121 609 3187 Hinc
640 3131 673 3187 st
703 3121 785 3186 alius
817 3140 902 3185 error
924 3119 1173 3205 propullularit:
1196 3125 1271 3206 qnia

98 3223 234 3296 Gneouli
263 3231 435 3296 utebantur
465 3231 632 3315 participio
658 3230 815 3313 praesenti
838 3227 930 3305 βιοῦν,
954 3227 1093 3304 βιοῦντες
1117 3247 1173 3310 pro
1197 3225 1269 3306 ζῦν,

97 3331 210 3413 ζῶντες,
240 3337 361 3402 factum
392 3341 439 3401 cst
469 3339 506 3400 ut
536 3335 657 3399 formae
688 3336 813 3400 Atticae
844 3355 883 3398 ex
905 3333 991 3412 βιούς
1016 3339 1183 3397 coartantes
1206 3354 1272 3399 cor·

96 3448 312 3527 rumperentur.
355 3442 419 3507 Pro
449 3440 588 3525 βιδντος,
620 3438 740 3518 βιόντι,
772 3439 893 3516 βιάντες
916 3440 1023 3526 ubique
1045 3460 1129 3505 nunc
1151 3439 1272 3528 legitur

95 3543 231 3624 βιοῦντος,
255 3550 373 3628 βιοῦντι
399 3555 458 3613 oct.
484 3567 586 3613 errore
612 3546 790 3612 manifesto.

443 3785 621 3870 Γρῦφοοῦοιι
647 3824 688 3835 -
714 3793 908 3864 κοιτκνορεῖν.

136 3965 277 4036 libanius
303 3968 357 4036 IV.
372 3967 448 4033 430.
465 3968 494 4034 3.
520 3975 584 4038 πῶς
608 3967 793 4049 πατρονόμων
818 3975 997 4048 κατηγορεῖς
1022 3967 1060 4032 δι’
1085 3956 1115 4031 io
1139 3969 1165 4034 oi
1188 3964 1270 4046 νόμοι
1345 4022 1347 4027 .

97 4074 311 4154 φνιοέττοντιιι;
347 4074 473 4140 Oblitus
506 4079 573 4140 erat
605 4074 758 4140 Libanius
790 4072 973 4153 ποιονόμων
999 4071 1180 4155 γράφετθοιὶ
1201 4097 1271 4138 τινιι

97 4197 156 4244 esse
184 4183 360 4249 dicendum.
396 4181 534 4246 Omnino
565 4180 654 4246 verbi
684 4187 866 4258 κατηγορεῖν
897 4183 1037 4244 veterem
1060 4181 1216 4244 rationem
1240 4183 1272 4245 et

97 4302 182 4350 usum
201 4291 356 4374 sequiores
375 4288 467 4375 plane
485 4289 668 4356 amiserant.
694 4285 883 4351 Nesciebant
905 4305 944 4350 ex
962 4288 1031 4372 ipsa
1049 4289 1163 4351 natura
1181 4283 1270 4349 verbi
