3026 4970
648 243 714 318 285

103 441 152 509 Sed
173 444 288 530 (dicam
312 444 399 510 enim
421 441 521 508 libere
544 444 576 505 et
599 437 730 506 candida
755 437 838 525 quod
857 441 972 524 sentio)
993 442 1171 510 norlaude
1190 441 1275 530 quod

103 552 126 614 ei
152 559 275 628 „centurn
306 573 340 613 ac
369 549 564 613 deliberatum
594 553 652 622 ert,
686 548 769 610 alirn
798 553 979 612 recensiones
1002 551 1275 616 Aleocndrincrscrn

102 658 171 720 crille
191 663 279 741 poeto
301 653 437 737 reprodi'
456 659 495 718 ui
518 652 629 718 scribit
653 652 692 716 ad
715 652 806 718 Iliad.
833 662 869 718 Z.
894 653 970 718 493.
1020 654 1125 734 Quid?
1147 659 1182 720 in
1205 659 1276 722 Ari-

102 763 202 828 starchi
232 763 330 828 verba
360 761 539 826 iurabimus
571 763 603 822 et
626 759 804 823 Aristarchi
827 780 946 826 errores
969 760 1149 826 fovebimus
1171 765 1277 846 potius

103 888 183 952 quam
206 868 385 933 Aristarchi
409 865 593 950 exemplum
617 885 789 950 sequamur
811 871 842 931 et
865 868 1020 952 quidquid
1039 870 1193 933 vitiosum
1213 875 1277 943 est,

103 977 186 1038 etiam
215 977 243 1039 si
275 975 314 1040 ab
337 976 407 1059 ipso
429 972 613 1038 Aristarcho
635 971 795 1057 proiectus
819 993 904 1038 error
927 979 994 1058 est,
1018 981 1145 1040 strenue
1169 976 1276 1040 contu-

101 1081 225 1145 tabimus
248 1086 296 1158 et,
322 1081 422 1146 si'est
443 1077 584 1143 sanabile
607 1078 780 1154 mendum,
805 1081 990 1144 etiamnunc
1013 1079 1275 1146 emendabimus?

102 1184 213 1271 Duplex
237 1191 284 1252 est
306 1188 340 1250 in
362 1185 503 1250 Homero
527 1188 633 1248 nostro
657 1183 846 1249 mendorum
869 1205 981 1273 genus.
1026 1184 1140 1250 Insunt
1158 1207 1277 1252 errores

102 1293 218 1375 quidam
242 1293 458 1377 antiquissimi
481 1297 553 1356 ante
576 1288 724 1355 &Ionem
748 1293 829 1362 nati,
853 1293 963 1357 insunt
986 1297 1018 1358 et
1039 1291 1103 1358 alia
1123 1294 1278 1377 quaedam

102 1399 170 1464 vitia
194 1399 327 1474 concio,
352 1403 390 1462 ut
413 1399 460 1462 ita
483 1396 606 1473 dicam,
632 1402 688 1461 aut
710 1401 782 1482 post
805 1398 1026 1464 Aristarchum
1049 1399 1182 1464 demum
1204 1405 1280 1465 nata

102 1510 149 1567 aut
168 1507 292 1569 amissis
315 1503 588 1569 observationibus
610 1503 821 1569 Aristarcheis
843 1506 878 1568 in
901 1501 1090 1583 (iudicibus,
1115 1507 1170 1591 qui
1196 1528 1280 1572 nunc

101 1616 273 1695 supersunt,
292 1616 412 1676 renata.
450 1608 567 1674 Multis
586 1611 673 1673 enim
692 1609 820 1673 indiciis
832 1613 910 1676 satis
927 1614 1049 1676 constat
1061 1613 1279 1678 Aristarchcae

101 1714 247 1782 doctrinae
277 1721 309 1781 et
340 1716 462 1794 κρίσεως
493 1714 644 1799 reliquias
677 1720 805 1779 tantum
837 1736 998 1801 superesse
1021 1717 1116 1782 modo
1139 1719 1280 1801 copiosas

101 1827 127 1885 et
146 1822 338 1899 luculentas,
358 1822 454 1886 modo
474 1820 572 1886 exiles
591 1827 623 1885 et
639 1821 761 1905 inopes,
786 1824 876 1886 utin
896 1822 978 1886 bona
999 1828 1087 1907 parta
1111 1821 1277 1908 Odysseae.

100 1927 268 1994 Multarum
301 1930 471 2002 ἀθετήσεων
501 1929 536 1990 in
566 1924 703 1991 Echoliis
733 1929 890 1992 memoria
917 1928 1097 2000 intercidit,
1122 1948 1200 2012 quas
1224 1926 1280 1992 ali·

99 2035 172 2100 unde
203 2036 346 2122 cognitas
374 2034 546 2109 habemus,
582 2031 755 2124 multaque¹
776 2053 861 2098 nuuc
884 2033 1151 2099 circumferuntur
1172 2032 1280 2098 lectio-

100 2162 147 2206 nes
179 2141 364 2216 deteriores,
400 2159 478 2222 quas
512 2145 568 2204 aut
603 2138 851 2203 semidoctorum
887 2139 1029 2205 socordia
1067 2145 1123 2204 aut
1159 2139 1283 2204 incuria

100 2249 265 2313 scribarum
283 2249 368 2311 varis
387 2255 420 2310 et
435 2247 575 2330 antiquis
591 2247 769 2330 supposuit.
795 2244 912 2333 Ingens
927 2250 975 2310 est
994 2266 1145 2311 vemuum
1160 2244 1281 2310 Home·

99 2353 225 2418 deornm
250 2372 419 2428 numerus,
441 2351 498 2415 ubi
518 2371 598 2435 quae
617 2353 660 2416 sit
678 2350 894 2416 Alexandrina
914 2351 1008 2417 lectio
1027 2352 1077 2437 (ut
1095 2355 1142 2417 ita
1163 2351 1281 2435 dicam)

100 2462 184 2524 certis
207 2461 400 2524 testimoniis
424 2463 513 2523 extra
532 2478 661 2523 omnem
681 2457 850 2522 dubitandi
869 2460 1116 2524 controversiam
1139 2461 1280 2544 positum

98 2568 148 2628 est.
181 2565 244 2630 Sed
267 2570 341 2630 sunt
364 2563 421 2629 alii
442 2584 504 2629 non
527 2567 649 2629 minore
671 2584 823 2648 numero,
842 2566 876 2628 in
897 2565 1013 2650 quihus
1033 2564 1168 2653 vulgata
1185 2564 1281 2630 lectio

97 2689 152 2734 non
175 2671 253 2736 alios
275 2675 371 2735 testes
395 2674 427 2734 et
450 2675 594 2735 auctores
616 2669 713 2734 habet
738 2691 835 2755 quam
854 2667 1026 2748 Codicum,
1050 2673 1106 2755 qui
1124 2692 1208 2735 nunc
1232 2691 1282 2735 su·

97 2784 237 2863 pessunt,
269 2779 424 2862 optimos,
452 2776 486 2841 id
511 2780 558 2841 est
580 2777 714 2841 minime
737 2775 856 2861 malos,
882 2797 981 2860 quum
1006 2797 1116 2842 omnes
1139 2777 1283 2842 mendosi

98 2884 155 2947 sint
178 2889 209 2949 et
231 2885 322 2950 vitiis
346 2903 439 2949 omne
463 2903 565 2970 genus
586 2884 735 2968 cooperti.
772 2882 876 2962 Quam
897 2881 1020 2947 multae
1039 2888 1114 2948 sunt
1131 2880 1283 2948 lectiones

96 2991 258 3056 manifesto
291 2991 424 3055 vitiatae
453 2991 488 3052 in
519 2988 683 3054 Marciano
714 3007 761 3061 a,
785 2989 840 3073 qui
864 2987 1058 3072 reliquorum
1083 2989 1228 3053 omnium
1252 2991 1285 3053 et

97 3097 331 3181 antiquissimus
355 3100 403 3160 est
426 3101 458 3160 et
481 3092 686 3160 fidelissimus
710 3091 819 3160 testisi
855 3093 900 3159 Ut
923 3113 987 3160 uno
1007 3092 1153 3179 exemplo
1174 3093 1284 3158 defun·
1402 3102 1405 3108 '

97 3219 166 3284 gar,
188 3201 285 3280 liber,
310 3222 372 3287 quo
391 3220 453 3265 non
473 3207 520 3265 est
540 3199 622 3266 alius
642 3201 838 3266 emendatior
860 3200 965 3277 ullus,
989 3200 1119 3265 exhibet
1143 3209 1181 3264 Θ.
1206 3197 1280 3264 505.

429 3307 464 3371 ἐκ
488 3307 593 3378 πόλιος
617 3305 643 3369 δ’
666 3305 792 3382 ἄξΑσθε
815 3306 906 3385 βόας.

95 3413 125 3474 et
149 3421 188 3477 Θ.
212 3411 289 3478 545.

430 3519 463 3583 ἐκ
488 3518 592 3590 πόλιος
616 3518 643 3583 δ’
669 3515 792 3594 diacre
817 3516 908 3597 βόας.

93 3620 222 3688 barbara
251 3628 361 3689 tamen
390 3625 468 3690 haec
499 3645 565 3690 esse
594 3629 717 3690 constat
739 3645 797 3710 pro
820 3622 943 3699 ἄξεσθε
967 3628 999 3689 et
1022 3620 1166 3701 ἄξοντο,
1191 3628 1283 3689 utet

94 3727 236 3816 analogia
259 3731 455 3797 demonstrat
475 3739 507 3796 et
527 3732 704 3797 Aristarchi
724 3732 944 3797 testimonium
964 3729 1087 3815 liquido
1106 3727 1282 3796 confirmat.

94 3829 176 3910 Quid
205 3833 343 3900 scribae?
388 3835 426 3900 In
456 3835 584 3902 Scholia
617 3837 657 3903 ad
687 3858 733 3903 vs.
768 3836 844 3901 505.
878 3843 963 3902 reete
994 3836 1154 3901 scribunt:
1179 3831 1224 3901 irs
1249 3837 1282 3901 cd
1350 3822 1355 3832 ’

92 3937 248 4013 μέλλοντα
279 3942 422 4016 σημαίνει
453 3945 487 4008 τὸ
518 3943 658 4021 ἄξεσθε,
684 3944 739 4008 sed
763 3944 802 4009 ad
827 3941 903 4008 545.
929 3946 1103 4008 immanem
1128 3943 1283 4009 barbaris·

92 4064 184 4108 mum
215 4068 287 4112 cum
310 4047 442 4133 reliquis
465 4050 570 4115 verbis
593 4056 789 4137 pugnantem
814 4051 1019 4114 invexerunt:
1044 4049 1078 4113 ri
1103 4046 1225 4124 ἄξΑντο
1248 4049 1281 4114 cri

93 4150 251 4226 μέλλοντα
281 4157 432 4228 σημαίνει.
482 4152 694 4221 Credamusne
724 4158 827 4243 igitur
857 4158 929 4219 istis
960 4165 1001 4220 Ψ.
1036 4153 1113 4220 739.
1145 4156 1282 4220 idcicro

92 4263 228 4335 χιτῶνας
249 4281 361 4325 sanum
387 4258 474 4327 essai
508 4262 644 4327 Perinde
668 4261 801 4327 barbara
824 4268 898 4326 sunt
917 4259 1064 4336 ”AiAcrc
1084 4268 1116 4328 at
1134 4263 1282 4326 idrAnrc.

93 4363 215 4429 Δύσετο
237 4369 357 4452 passim
379 4365 501 4454 legitur
524 4372 556 4433 et
579 4367 799 4433 dubitabimus
822 4366 961 4460 ho'ronrc
985 4368 1156 4450 rescribere
1164 4385 1283 4452 ,praa-
