3034 4970
637 227 700 298 189

131 425 162 490 in
187 425 330 511 margine
360 426 409 488 est
440 420 519 486 olim
551 420 697 486 additum
726 443 766 490 ex
794 423 939 512 Diogene
968 425 1096 494 Laertio
1125 425 1150 492 1.
1176 426 1206 494 5.
1232 425 1265 495 3.

96 531 149 611 περί
171 527 201 596 οὗ
225 531 319 612 φησίν
343 527 436 600 οὕτως
460 525 618 604 Ἱππῶναξ
626 549 632 564 ·

210 637 260 701 καί
285 635 491 700 δικοίσσασόαι
516 635 642 706 Βίαντος
665 638 719 699 τοῦ
744 635 891 716 Πριηνέως
915 637 1058 718 κρέσσων.

96 743 142 806 nbi
161 743 272 808 melius
294 744 340 808 sio
362 742 534 806 scribetur:

212 850 262 916 καί
285 848 480 915 δικόΖΕσόαι
506 847 633 920 Βίαντος
656 851 709 912 τοῦ
733 849 897 929 Πριννέοο
920 851 1085 931 κρέσσΟΝ.

131 1059 203 1148 Peg.
228 1059 302 1124 638.
351 1059 563 1140 Καλλίμαχος
588 1057 619 1122 δέ
639 1058 813 1124 τούναντίον
834 1060 981 1141 έμφαίνει
1003 1061 1040 1126 δι’
1060 1059 1264 1142 ε’πιγροίμμα-

95 1165 136 1237 τός
167 1176 315 1250 TINOC,
348 1169 385 1238 ὡς
418 1166 530 1229 ἐκείνου
560 1166 617 1244 μὲν
650 1169 849 1244 πονήσαντος,
883 1167 1051 1246 λεγομένου
1084 1169 1109 1233 δ’
1128 1171 1264 1248 Ὀμήρου

94 1272 135 1334 διδ
156 1275 206 1347 τὴν
228 1273 398 1350 λεγομένην
421 1271 531 1348 ξενίαν.

217 1378 282 1465 [τοῦ
307 1379 430 1456 Σαμίου
454 1375 543 1450 πόνος
567 1377 631 1455 stat
655 1376 737 1460 δόμῳ
761 1380 836 1445 ποτέ
859 1383 933 1446 ίείον
955 1381 1091 1462 Ὀμκρον

258 1483 444 1560 δεξαμένου·
469 1484 566 1548 κλαίω
591 1485 617 1548 δ’
641 1483 774 1564 Εὔρυτον
797 1481 862 1550 ὅστ’
887 1484 1015 1563 έπαόεν,

115 1637 117 1641 -
214 1591 265 1655 καί
289 1588 755 1670 ξανίίρν’1όλειαν·“ομήρειον
779 1591 809 1656 δέ
833 1598 992 1670 καλοῦμαι

259 1695 417 1774 γρόμμα·
442 1694 631 1777 Κρεωφόλῳ,
656 1702 716 1760 Ζεῦ
740 1698 839 1778 φίλε,
862 1703 952 1762 τοῦτο
975 1697 1091 1787 μέγα]

128 1802 331 1888 Perspicuum
355 1808 403 1868 est
426 1805 625 1890 epigramma
648 1823 667 1866 a
690 1805 805 1869 seriore
828 1825 927 1869 manu
951 1805 1110 1870 adieotum
1135 1825 1202 1870 esse
1227 1826 1266 1870 ex

92 1909 183 1973 verbis
203 1910 240 1973 δι’
264 1908 507 1988 ἐπιγράμματος
538 1930 665 1986 τινος,
700 1911 783 1994 quod
807 1913 852 1976 sio
876 1911 1014 1976 indicare
1040 1913 1117 1976 satis
1140 1910 1265 1976 habuit.

91 2012 139 2078 dst
162 2021 268 2080 autem
291 2020 490 2103 epigramma
510 2020 624 2079 notum
648 2020 680 2080 et
703 2017 847 2082 obvium.

128 2227 365 2294 Eiusdemmodi
394 2225 554 2292 emblema
584 2228 687 2293 adhue
716 2227 813 2293 latuit
846 2249 917 2316 pag.
951 2227 1026 2293 642.
1059 2228 1116 2293 ubi
1139 2249 1266 2294 enume-

92 2339 190 2400 rantur
214 2335 291 2400 olari
313 2337 393 2410 viri,
418 2353 496 2418 qnos
518 2332 662 2417 Ephesus
685 2332 772 2398 tulit.
808 2332 923 2400 Strabo
942 2335 1083 2401 dixerat:
1105 2333 1267 2414 Ἡρακλει-

91 2441 134 2510 τός
163 2467 196 2505 τε
228 2442 241 2504 ό
273 2439 422 2512 σκοτεινὸς
452 2441 642 2514 καλούμενος
675 2440 727 2504 καί
760 2439 958 2520 Ἑρμόδωρος·
992 2441 1076 2506 δοκεῖ.
1094 2441 1121 2504 δ’
1144 2437 1229 2513 οὗτος
1254 2443 1267 2506 ό

90 2546 153 2624 ab
183 2547 288 2625 νόμους
320 2546 406 2618 τινόος
440 2548 600 2622 Ῥωμαίοις
625 2544 823 2624 συγγροόφαι.
871 2547 1005 2612 Addidit
1027 2548 1078 2612 his
1101 2552 1269 2613 annotator

91 2673 123 2716 ex
140 2652 280 2742 Diogene
300 2655 426 2720 Ira'ertio
446 2651 502 2718 IX.
528 2651 609 2717 1..2.
630 2651 697 2731 περὶ
717 2647 751 2716 οὖ
772 2655 787 2716 ό
812 2654 903 2724 αὐτὸς
929 2650 1014 2726 οὗτος
1040 2652 1267 2740 (Ἡράκλειτος,

89 2761 185 2836 oredo,
218 2761 387 2845 adiecerat)
418 2761 532 2839 φησίν·
577 2756 685 2833 ’Ἄξιον
718 2759 873 2838 Ἐφεσίοις
899 2759 1013 2836 ἡβηδόν
1036 2756 1265 2837 οὶποόγξασίαι,

90 2862 184 2940 οίτινες
217 2867 398 2946 Ἑρμόδωρον
429 2865 523 2943 όινδρκ
554 2865 668 2928 ἑωυτῶν
701 2863 814 2938 όνκῖςόν
851 2864 999 2942 ἐξέβαλον
1025 2865 1145 2946 φοίντες
1169 2864 1269 2940 ἡμέων

90 2972 186 3046 μκδεὶς
219 2975 332 3046 όνκῖςός
366 2970 441 3045 έςω,
474 2973 499 3035 εί
531 2970 563 3036 δὲ
592 2971 659 3048 μή,
692 2963 777 3050 οίλλγ
804 2995 839 3034 τε
865 2971 916 3035 καί
942 2977 1012 3050 μετ’
1037 2968 1163 3048 ἄλλων,
1188 2993 1268 3056 quae

89 3086 152 3160 post
173 3080 355 3160 Ἑρμόδωρος
379 3081 414 3142 in
436 3083 561 3142 textum
583 3078 786 3160 irrepserunt.

128 3289 187 3370 Qui
216 3293 379 3378 margines
402 3291 452 3353 sui
476 3285 639 3370 Strabonis
663 3285 742 3350 olim
765 3287 1022 3352 annotationibus
1045 3309 1108 3353 non
1131 3288 1267 3354 indootis

87 3396 220 3480 opplevit
259 3396 299 3461 ad
343 3416 417 3481 pag.
456 3391 531 3458 301.
568 3391 620 3456 καί
655 3392 719 3471 γαρ
755 3389 914 3467 όαλοόττης
952 3393 1110 3474 ἑψόμενοι
1145 3395 1265 3475 χείρους

86 3502 244 3579 γεγόνασιν
276 3501 443 3586 adscripsit
472 3500 567 3564 haee:
598 3497 650 3562 καί
683 3495 817 3563 Πλοότων
849 3499 880 3562 δὲ
913 3500 943 3564 ἐν
974 3510 1013 3581 τῇ
1040 3503 1189 3586 Πολιτεία
1213 3503 1268 3576 τὴν

87 3606 240 3673 ίόλατταν
269 3610 306 3678 νίς
338 3603 630 3684 πονκροδιδοίσκαλον
654 3603 784 3683 φεύγειν
810 3603 905 3669 οίεται
929 3605 989 3670 δεῖν
1014 3603 1060 3671 ότι
1085 3605 1266 3688 πορρωτοίτω

86 3713 149 3785 τοὺς
180 3712 213 3780 εὖ
245 3711 517 3788 πολιτευσομένους
547 3711 599 3775 καί
628 3711 672 3788 μὴ
702 3711 791 3775 οίκείν
816 3713 865 3775 ἐπ’
890 3714 981 3795 αὐτῇ.
1028 3713 1117 3780 Haeo
1141 3718 1270 3780 annota-

86 3820 223 3887 tiuncula
253 3823 337 3884 inter
364 3820 443 3884 duos
465 3839 617 3884 versuum
641 3819 736 3882 series
762 3817 940 3897 (columnas
962 3821 1137 3906 appellant)
1162 3822 1269 3887 media

85 3927 197 3992 inserta
218 3926 394 3992 scribarum
416 3945 519 3991 errore
541 3927 667 4008 recepta
690 3928 738 3987 est
761 3925 795 3986 in
818 3930 962 4009 textum,
987 3926 1042 3992 sed
1065 3949 1147 3994 novo
1166 3949 1269 3994 errore

87 4051 180 4115 quum
204 4033 244 4097 ad
273 4031 455 4097 columnam
480 4034 642 4096 sinistram
664 4031 836 4114 pertineret
859 4033 892 4095 in
915 4031 1100 4099 oolumnam
1124 4034 1269 4099 dextram

85 4135 148 4202 loeo
182 4138 377 4204 alienissimo
411 4139 548 4222 irrepsit.
606 4135 692 4200 Hine
726 4135 958 4220 quodammodo
990 4141 1171 4205 oonieotnra
1201 4138 1269 4204 fieri

85 4249 183 4325 potest
204 4265 285 4330 quao
308 4243 404 4308 fuerit
426 4243 546 4308 vetusti
569 4241 644 4306 libri
668 4240 784 4318 forma,
809 4243 843 4305 in
866 4262 928 4326 quo
950 4245 1090 4328 primum
1116 4245 1176 4310 hae
1203 4246 1269 4309 ani·

85 4347 325 4438 madversioneqi
336 4347 476 4412 adiectae
489 4347 637 4436 ⁴iurarunt.
