3052 4970
684 229 750 296 423

301 416 411 484 δύσετό
433 420 463 482 π’
487 416 582 492 ἀέλιος
608 418 664 482 aaa!
686 443 728 497 ροε
751 420 872 498 γλυκὺς
897 418 988 493 ὕπνος
1013 422 1133 497 ἀνῆκεν.

153 523 348 612 ¹Scholium:
382 522 566 602 Ἀρίςοιρχοι
597 521 716 603 νιλάφει
749 533 963 603 ΔΕΙΛΕΤΟ,
995 522 1013 588 ὅ
1041 528 1103 595 ἐςιν
1135 529 1177 599 εἰς
1208 530 1309 604 δείλην

120 632 263 696 ἐκλίνετο.
291 629 367 708 »πρὸ
387 629 508 705 δυσμῶν
528 628 590 708 aaa
614 628 727 716 (φησὶ),
741 631 891 710 συνέτυχε
912 641 950 713 τῇ
973 630 1144 716 Νοινσικάρι
1163 635 1177 699 ὁ
1197 637 1308 700 Ὀδυσ-

120 738 197 809 σεύς.
224 733 275 801 ὅτε
299 735 362 814 γάρ
387 733 436 798 ἔδυ
461 735 474 797 ὁ
498 733 581 810 ἥλιος
607 731 678 798 τότε
704 737 747 806 εἰς
771 735 805 799 τὸ
826 735 920 809 ἀλοος
942 736 1084 819 ἔφθοισοιν
1103 748 1158 814 τῆς
1178 743 1308 816 Ἀθκνάο

120 839 196 908 οὗτοι
219 844 259 914 ὥς
284 842 336 905 nat
360 841 374 904 ὃ
397 842 540 915 ποιητής·
569 838 609 926 (ζ.
636 836 715 926 321)

277 946 387 1013 δύσετό
409 948 439 1009 π’
462 944 560 1019 ἠέλιος
583 945 635 1010 κοά
659 945 704 1010 τοὶ
729 946 841 1012 κλοπὸν
864 945 961 1021 ἀλσος
985 946 1112 1014 ἵκοντο.”

162 1051 282 1118 Merito
311 1055 346 1116 in
376 1054 427 1117 his
456 1052 660 1116 Aristarchus
690 1051 851 1118 haerebat.
899 1052 1019 1119 Δάοετο
1052 1054 1168 1132 ἀέλιος,
1198 1056 1232 1122 id
1264 1065 1312 1125 est

119 1158 133 1221 ὁ
159 1155 240 1232 ἥλιος
268 1155 338 1235 ἔδυ,
364 1156 492 1231 nerito,
521 1161 553 1221 11
577 1157 724 1236 ὁμηρικῶς

435 1259 550 1326 acribo
574 1260 824 1341 aucupatoria
849 1263 972 1341 ἀελίοιο,

119 1367 237 1434 dicitur
259 1389 359 1454 quum
383 1368 569 1433 oboriuntur
591 1368 755 1444 tenebrae,
777 1372 815 1432 ut
836 1371 872 1433 in
893 1372 1062 1436 notissimo
1086 1391 1197 1438 versu:

321 1474 428 1538 δύσετο
453 1472 478 1537 δ’
503 1474 599 1546 ἠέλιος
623 1471 767 1537 σκιόωντό
790 1497 827 1537 τε
850 1479 951 1540 πάσοιι
974 1477 1095 1553 dabani.

117 1585 149 1645 11
176 1580 385 1646 manifestum
416 1583 464 1656 est
493 1577 580 1642 haud
607 1580 654 1642 ita
680 1577 785 1644 multo
808 1585 880 1664 post
902 1581 1070 1646 meridiem
1093 1582 1244 1670 Ulyssem
1267 1609 1306 1654 ex

114 1706 228 1752 somno
251 1706 317 1750 esse
341 1683 526 1750 excitatum.
576 1682 668 1763 Quod
692 1689 801 1748 autem
825 1689 967 1770 reposuit
988 1686 1106 1752 tritara
1129 1711 1250 1756 novum
1274 1699 1306 1758 et

114 1793 300 1857 inauditum
327 1790 464 1857 verbum
488 1795 536 1854 est
559 1791 627 1854 sine
650 1795 796 1866 auctore,
821 1793 888 1857 sine
911 1797 992 1857 teste
1014 1793 1092 1858 ullo.
1139 1795 1242 1863 Nemo
1265 1820 1305 1864 ex

114 1902 165 1962 tot
187 1881 410 1984 grammaticis
432 1905 464 1960 et
487 1891 616 1960 Oriticis
639 1893 755 1959 δείλετο
778 1916 868 1961 nosse
889 1896 1033 1972 videtur,
1053 1920 1147 1966 nemo
1166 1922 1304 1970 comme-

112 2009 238 2087 morat,
270 2006 394 2087 praeter
411 2021 526 2065 unum
558 1999 783 2085 Eustathium,
814 2004 871 2087 qni
897 1993 1018 2068 scholia
1038 2010 1145 2070 nostra
1167 2007 1305 2075 habebat

112 2113 145 2173 et
177 2107 251 2172 inde
281 2108 398 2172 sumsit
429 2126 502 2192 pag.
532 2103 629 2176 1580.
657 2104 709 2170 18.
732 2108 833 2185 <paea
856 2110 881 2171 οἱ
906 2111 1033 2173 ποιλοιιά
1057 2112 1096 2181 ὥς
1119 2110 1304 2197 ’Λρίςοιρχος

111 2216 144 2278 οὑ
179 2211 296 2292 γράφοι
328 2212 474 2275 δύσετο
502 2211 592 2276 ἀλλά
624 2207 805 2289 δείλετό,
831 2209 931 2281 ἀὲςιν
954 2214 998 2287 εἰς
1022 2213 1105 2279 δύσιν
1126 2217 1301 2286 ἀπέκλινεν.

111 2323 144 2383 11
177 2316 412 2404 Etymologum
443 2336 600 2403 magnum
631 2337 706 2403 pag.
740 2316 816 2382 209.
851 2317 1055 2385 6.·δύσετο
1087 2322 1112 2386 δ’
1146 2324 1300 2399 tiator:

110 2426 206 2504 ἐχρῆν
232 2431 424 2489 ΔΕΙΛΕΤΟ
450 2423 492 2493 εἰς
517 2422 618 2495 δείλην
643 2420 773 2500 ε’τράπιρ.
798 2423 898 2503 ἡμέρα
921 2424 983 2505 γάρ
1009 2423 1041 2499 ἦν
1066 2426 1122 2494 ἔτι.

155 2529 304 2594 Fortasse
330 2531 453 2594 minore
475 2526 643 2593 molimine
665 2529 763 2595 verba
785 2535 897 2614 potitae
921 2532 1061 2616 expediri
1085 2539 1117 2599 11
1140 2536 1303 2602 emendari

107 2641 255 2722 possunt.
301 2635 360 2700 Est
382 2635 559 2700 Aristarchi
583 2637 745 2700 annotatio
769 2635 808 2700 ad
831 2635 924 2701 Iliad.
950 2646 988 2700 H.
1013 2637 1090 2702 465.

295 2739 401 2805 δύσετο
426 2739 452 2803 δ’
477 2738 594 2815 ἠέλιος,
619 2740 763 2808 τετέλεςο
786 2740 818 2806 δὲ
842 2740 942 2821 rippa
966 2740 1116 2822 Ἀχαιῶν.

154 2848 374 2912 Aristonicus:
407 2846 607 2921 enarratione!
636 2870 716 2918 τινες
747 2842 793 2910 ὅτι
817 2847 885 2911 ἀντὶ
910 2851 964 2911 τοῦ
995 2847 1144 2914 ἐδύετο.
1191 2853 1303 2920 Altera

107 2958 158 3020 ast
179 2951 413 3019 animadversio
433 2951 610 3017 Aristarchi
629 2952 669 3017 ad
688 2951 745 3017 Oti.
769 2961 802 3016 Z.
825 2951 900 3017 321.
924 2952 1070 3020 δύσετό
1092 2957 1122 3019 τ’
1146 2958 1302 3031 citatae:

105 3064 204 3123 NTN
239 3055 310 3136 πρὸς
340 3057 462 3135 δυομάο
495 3055 668 3122 ἀπέκλινεν.
703 3058 818 3138 ἡμέροις
848 3060 911 3139 γάρ
939 3057 984 3123 ἔτι
1010 3060 1099 3135 οὔσης
1124 3061 1300 3145 εἰσέρχεται

105 3162 293 3235 Ὀδυσσεύς.
326 3164 404 3244 ποιρὸ
436 3163 488 3227 κοιὶ
520 3164 626 3242 ἀχλὺν
660 3167 744 3244 οιὺτῷ
779 3174 931 3248 κοιτοιχεῒ.
979 3165 1042 3232 Sed
1076 3188 1138 3253 quo
1173 3169 1302 3235 tandem

104 3277 205 3358 pacto
238 3270 363 3346 δύσετο,
397 3269 482 3354 quod
505 3290 629 3355 semper
652 3275 700 3336 est
723 3271 846 3346 oseae,
871 3289 955 3337 uuae
977 3276 1094 3358 poterit
1117 3295 1303 3358 11111191-

104 3380 157 3443 bat
191 3378 235 3441 cd
262 3375 418 3440 occasum?
452 3374 574 3440 Actum
601 3378 662 3441 erit
686 3376 725 3442 de
748 3379 837 3441 omni
860 3398 935 3442 sana
958 3380 1216 3464 interpretatione
1238 3384 1302 3447 nisi

103 3485 149 3550 τά
186 3481 274 3548 κύτά
306 3481 371 3561 περὶ
403 3482 1302 3571 τῶναύτῶν(1111111111111111111111ρο111111111ρι111

103 3593 299 3676 scriptorem
323 3591 448 3652 certum
469 3591 571 3652 certae
595 3592 628 3652 11
651 3586 782 3653 stabiles
804 3596 906 3652 erunt.
955 3587 1038 3668 Quid
1060 3587 1183 3677 igitur?
1218 3591 1303 3656 Reli-

102 3717 214 3784 qnum
234 3697 338 3759 estut
358 3697 450 3759 vetus
469 3693 623 3757 mendum
644 3695 823 3780 corrigatur
841 3699 873 3758 et
892 3696 937 3760 sic
948 3696 982 3758 τὸ
996 3695 1125 3768 διηνεκὲς
1136 3698 1302 3777 essexae.

100 3804 249 3870 Eixemta
281 3818 346 3865 una
378 3797 508 3864 literula
544 3801 648 3863 omnis
678 3801 739 3864 erit
771 3798 898 3864 sublata
925 3799 1106 3866 difficultas.
1153 3801 1302 3888 Suspicor

100 3907 190 3975 olim
213 3905 327 3972 fuisse:

537 4019 682 4078 A'reTO
707 4011 736 4077 τ’
760 4012 869 4089 ἀέλιος.

100 4119 196 4210 quod
218 4118 396 4185 rectissime
419 4118 485 4199 περὶ
510 4117 612 4192 δείλης
635 4119 752 4198 πρωΐιις
777 4120 895 4185 dicitur
914 4119 1025 4186 statim
1045 4125 1115 4206 post
1134 4123 1304 4192 meridiem

99 4226 304 4312 incipientis.
351 4223 458 4290 Facile
487 4226 595 4310 potuit
625 4224 713 4290 δύετο
737 4227 772 4290 in
796 4224 904 4290 δύσετο
926 4226 1014 4291 abire
1036 4233 1224 4312 praesertim
1246 4232 1305 4297 ubi

98 4335 238 4405 subesse
257 4334 382 4418 poterat
401 4329 508 4416 aliqua
528 4330 567 4396 de
585 4336 689 4398 metro
704 4331 864 4397 dubitatio
882 4335 914 4397 et
928 4335 1148 4400 controversia
1176 4335 1300 4417 Δύομοιι
