<?xml version="1.0" encoding="UTF-8"?>
<!DOCTYPE html PUBLIC "-//W3C//DTD XHTML 1.0 Transitional//EN"
    "http://www.w3.org/TR/xhtml1/DTD/xhtml1-transitional.dtd">
<html xmlns="http://www.w3.org/1999/xhtml" xml:lang="en" lang="en">
 <head>
  <title>
</title>
<meta http-equiv="Content-Type" content="text/html;charset=utf-8" />
  <meta name='ocr-system' content='tesseract 3.04.00' />
  <meta name='ocr-capabilities' content='ocr_page ocr_carea ocr_par ocr_line ocrx_word'/>
</head>
<body>
  <div class='ocr_page' id='page_1' title='image "./miscellaneacrit02cobegoog_0144.png"; bbox 0 0 3034 4968; ppageno 0'>
   <div class='ocr_carea' id='block_1_1' title="bbox 803 231 868 304">
    <p class='ocr_par' dir='ltr' id='par_1_1' title="bbox 803 231 868 304">
     <span class='ocr_line' id='line_1_1' title="bbox 803 231 868 304; baseline 0 0"><span class='ocrx_word' id='word_1_1' title='bbox 803 231 868 304; x_wconf 78' lang='lat'><strong>122</strong></span> 
     </span>
    </p>
   </div>
   <div class='ocr_carea' id='block_1_2' title="bbox 234 423 1419 1362">
    <p class='ocr_par' dir='ltr' id='par_1_2' title="bbox 234 397 1508 1362">
     <span class='ocr_line' id='line_1_2' title="bbox 287 423 1415 517; baseline 0.003 -24"><span class='ocrx_word' id='word_1_2' title='bbox 287 423 415 494; x_wconf 72' lang='lat' dir='ltr'><strong>Seuero</strong></span> <span class='ocrx_word' id='word_1_3' title='bbox 437 448 511 517; x_wconf 80' lang='lat' dir='ltr'><strong>pag.</strong></span> <span class='ocrx_word' id='word_1_4' title='bbox 539 425 614 493; x_wconf 88' lang='grc'><strong>180.</strong></span> <span class='ocrx_word' id='word_1_5' title='bbox 640 427 678 493; x_wconf 90' lang='lat' dir='ltr'><strong>de</strong></span> <span class='ocrx_word' id='word_1_6' title='bbox 701 429 792 513; x_wconf 88' lang='lat' dir='ltr'><strong>aquis</strong></span> <span class='ocrx_word' id='word_1_7' title='bbox 815 426 934 494; x_wconf 78' lang='lat' dir='ltr'><strong>Sextiis</strong></span> <span class='ocrx_word' id='word_1_8' title='bbox 957 427 1086 495; x_wconf 78' lang='lat' dir='ltr'><strong>scribit:</strong></span> <span class='ocrx_word' id='word_1_9' title='bbox 1112 423 1299 503; x_wconf 71' lang='grc' dir='ltr'><em>Σέξτιος-</em></span> <span class='ocrx_word' id='word_1_10' title='bbox 1321 425 1415 497; x_wconf 76' lang='lat' dir='ltr'><strong>artace</strong></span> 
     </span>
     <span class='ocr_line' id='line_1_3' title="bbox 234 533 1417 612; baseline -0.004 -11"><span class='ocrx_word' id='word_1_11' title='bbox 234 533 331 601; x_wconf 69' lang='lat' dir='ltr'><strong>ardeas</strong></span> <span class='ocrx_word' id='word_1_12' title='bbox 365 533 521 611; x_wconf 67' lang='lat' dir='ltr'><strong>badenaco</strong></span> <span class='ocrx_word' id='word_1_13' title='bbox 557 533 666 598; x_wconf 77' lang='grc' dir='ltr'><em>ἑωυτοῦ</em></span> <span class='ocrx_word' id='word_1_14' title='bbox 702 557 737 599; x_wconf 78' lang='grc' dir='ltr'><strong>τε</strong></span> <span class='ocrx_word' id='word_1_15' title='bbox 772 534 825 599; x_wconf 78' lang='lat' dir='ltr'><strong>acl</strong></span> <span class='ocrx_word' id='word_1_16' title='bbox 861 541 920 599; x_wconf 82' lang='grc' dir='ltr'><strong>τῶν</strong></span> <span class='ocrx_word' id='word_1_17' title='bbox 957 533 1075 600; x_wconf 74' lang='grc' dir='ltr'><em>ὑδοέτων</em></span> <span class='ocrx_word' id='word_1_18' title='bbox 1106 541 1165 600; x_wconf 81' lang='grc' dir='ltr'><strong>τῶν</strong></span> <span class='ocrx_word' id='word_1_19' title='bbox 1197 537 1322 612; x_wconf 70' lang='grc' dir='ltr'><em>θερμῶν.</em></span> <span class='ocrx_word' id='word_1_20' title='bbox 1364 533 1417 596; x_wconf 87' lang='grc' dir='ltr'><strong>Ριο</strong></span> 
     </span>
     <span class='ocr_line' id='line_1_4' title="bbox 240 637 1418 729; baseline -0.007 -21"><span class='ocrx_word' id='word_1_21' title='bbox 240 645 432 718; x_wconf 74' lang='grc' dir='ltr'><em>ὈΜώννμον</em></span> <span class='ocrx_word' id='word_1_22' title='bbox 455 641 629 729; x_wconf 87' lang='lat' dir='ltr'><strong>legendum</strong></span> <span class='ocrx_word' id='word_1_23' title='bbox 652 642 852 718; x_wconf 75' lang='grc' dir='ltr'><em>ἘΠωννμον,</em></span> <span class='ocrx_word' id='word_1_24' title='bbox 876 647 915 706; x_wconf 89' lang='lat' dir='ltr'><strong>ut</strong></span> <span class='ocrx_word' id='word_1_25' title='bbox 937 661 1010 728; x_wconf 80' lang='lat' dir='ltr'><strong>pag.</strong></span> <span class='ocrx_word' id='word_1_26' title='bbox 1036 637 1110 705; x_wconf 83' lang='lat'>185.</span> <span class='ocrx_word' id='word_1_27' title='bbox 1132 640 1146 704; x_wconf 84' lang='grc' dir='ltr'><strong><em>ὁ</em></strong></span> <span class='ocrx_word' id='word_1_28' title='bbox 1169 637 1318 717; x_wconf 80' lang='grc' dir='ltr'><em>Ὀξύβιος</em></span> <span class='ocrx_word' id='word_1_29' title='bbox 1338 640 1418 715; x_wconf 73' lang='grc' dir='ltr'><em>λιμὴν</em></span> 
     </span>
     <span class='ocr_line' id='line_1_5' title="bbox 241 743 1418 831; baseline -0.007 -17"><span class='ocrx_word' id='word_1_30' title='bbox 241 748 395 824; x_wconf 77' lang='grc' dir='ltr'><em>ἐπώνυμος</em></span> <span class='ocrx_word' id='word_1_31' title='bbox 434 753 492 812; x_wconf 78' lang='grc' dir='ltr'><strong>τῶν</strong></span> <span class='ocrx_word' id='word_1_32' title='bbox 532 746 685 824; x_wconf 81' lang='grc' dir='ltr'><em>Ὀξιιβίοιν</em></span> <span class='ocrx_word' id='word_1_33' title='bbox 721 746 867 824; x_wconf 74' lang='grc' dir='ltr'><em>Λιγύων,</em></span> <span class='ocrx_word' id='word_1_34' title='bbox 903 751 936 811; x_wconf 85' lang='lat' dir='ltr'><strong>et</strong></span> <span class='ocrx_word' id='word_1_35' title='bbox 969 746 1049 812; x_wconf 86' lang='lat' dir='ltr'><strong>alibi</strong></span> <span class='ocrx_word' id='word_1_36' title='bbox 1084 748 1213 831; x_wconf 85' lang='lat' dir='ltr'><strong>passim.</strong></span> <span class='ocrx_word' id='word_1_37' title='bbox 1262 743 1418 811; x_wconf 74' lang='lat' dir='ltr'>Facillime</span> 
     </span>
     <span class='ocr_line' id='line_1_6' title="bbox 241 851 1417 941; baseline -0.005 -22"><span class='ocrx_word' id='word_1_38' title='bbox 241 855 484 941; x_wconf 81' lang='lat' dir='ltr'><strong>distinguuntur</strong></span> <span class='ocrx_word' id='word_1_39' title='bbox 506 852 662 927; x_wconf 72' lang='grc' dir='ltr'><em>ὁμώνυμος</em></span> <span class='ocrx_word' id='word_1_40' title='bbox 687 857 719 918; x_wconf 90' lang='lat' dir='ltr'><strong>et</strong></span> <span class='ocrx_word' id='word_1_41' title='bbox 745 852 899 927; x_wconf 76' lang='grc' dir='ltr'><em>ἐπώνυμος</em></span> <span class='ocrx_word' id='word_1_42' title='bbox 915 851 976 918; x_wconf 65' lang='lat' dir='ltr'><strong>ael</strong></span> <span class='ocrx_word' id='word_1_43' title='bbox 994 852 1055 930; x_wconf 85' lang='lat' dir='ltr'><strong>hoc</strong></span> <span class='ocrx_word' id='word_1_44' title='bbox 1073 852 1193 916; x_wconf 90' lang='lat' dir='ltr'><strong>indicio</strong></span> <span class='ocrx_word' id='word_1_45' title='bbox 1215 852 1299 937; x_wconf 92' lang='lat' dir='ltr'><strong>quod</strong></span> <span class='ocrx_word' id='word_1_46' title='bbox 1319 851 1417 926; x_wconf 76' lang='lat' dir='ltr'><strong>iadau·</strong></span> 
     </span>
     <span class='ocr_line' id='line_1_7' title="bbox 241 957 1419 1044; baseline -0.006 -19"><span class='ocrx_word' id='word_1_47' title='bbox 241 983 296 1038; x_wconf 71' lang='grc' dir='ltr'><strong>μοι</strong></span> <span class='ocrx_word' id='word_1_48' title='bbox 322 981 361 1025; x_wconf 82' lang='lat' dir='ltr'><strong>ex</strong></span> <span class='ocrx_word' id='word_1_49' title='bbox 384 961 430 1024; x_wconf 90' lang='lat' dir='ltr'><strong>rei</strong></span> <span class='ocrx_word' id='word_1_50' title='bbox 453 964 567 1025; x_wconf 86' lang='lat' dir='ltr'><strong>nature</strong></span> <span class='ocrx_word' id='word_1_51' title='bbox 589 958 722 1022; x_wconf 79' lang='lat' dir='ltr'><strong>dativum</strong></span> <span class='ocrx_word' id='word_1_52' title='bbox 744 957 902 1044; x_wconf 85' lang='lat' dir='ltr'><strong>postulat,</strong></span> <span class='ocrx_word' id='word_1_53' title='bbox 929 957 1084 1032; x_wconf 77' lang='grc' dir='ltr'><em>ἐπώνυμος</em></span> <span class='ocrx_word' id='word_1_54' title='bbox 1106 957 1282 1038; x_wconf 67' lang='lat' dir='ltr'><strong>pascitivam.</strong></span> <span class='ocrx_word' id='word_1_55' title='bbox 1329 957 1419 1036; x_wconf 79' lang='lat' dir='ltr'><strong>Quam</strong></span> 
     </span>
     <span class='ocr_line' id='line_1_8' title="bbox 240 1058 1419 1150; baseline -0.008 -18"><span class='ocrx_word' id='word_1_56' title='bbox 240 1065 334 1132; x_wconf 86' lang='lat' dir='ltr'><strong>facile</strong></span> <span class='ocrx_word' id='word_1_57' title='bbox 352 1064 429 1130; x_wconf 88' lang='lat' dir='ltr'><strong>baec</strong></span> <span class='ocrx_word' id='word_1_58' title='bbox 448 1061 681 1128; x_wconf 83' lang='lat' dir='ltr'><strong>confundantur</strong></span> <span class='ocrx_word' id='word_1_59' title='bbox 700 1063 843 1129; x_wconf 87' lang='lat' dir='ltr'><strong>ostendet</strong></span> <span class='ocrx_word' id='word_1_60' title='bbox 861 1062 1012 1130; x_wconf 82' lang='lat' dir='ltr'><strong>Meinelre</strong></span> <span class='ocrx_word' id='word_1_61' title='bbox 1041 1062 1159 1128; x_wconf 78' lang='lat' dir='ltr'><strong>Vindio.</strong></span> <span class='ocrx_word' id='word_1_62' title='bbox 1184 1083 1258 1150; x_wconf 83' lang='lat' dir='ltr'><strong>pag.</strong></span> <span class='ocrx_word' id='word_1_63' title='bbox 1275 1061 1349 1130; x_wconf 82' lang='lat'>197.</span> <span class='ocrx_word' id='word_1_64' title='bbox 1376 1058 1419 1124; x_wconf 81' lang='lat' dir='ltr'><strong>Sic</strong></span> 
     </span>
     <span class='ocr_line' id='line_1_9' title="bbox 242 1149 1418 1256; baseline 0.003 -20"><span class='ocrx_word' id='word_1_65' title='bbox 242 1177 274 1236; x_wconf 92' lang='lat' dir='ltr'><strong>et</strong></span> <span class='ocrx_word' id='word_1_66' title='bbox 297 1191 370 1256; x_wconf 83' lang='lat' dir='ltr'><strong>pag.</strong></span> <span class='ocrx_word' id='word_1_67' title='bbox 386 1167 452 1233; x_wconf 81' lang='lat'><strong>544</strong></span> <span class='ocrx_word' id='word_1_68' title='bbox 471 1169 619 1234; x_wconf 80' lang='lat' dir='ltr'><strong>mendose</strong></span> <span class='ocrx_word' id='word_1_69' title='bbox 640 1169 763 1234; x_wconf 81' lang='lat' dir='ltr'><strong>editur:</strong></span> <span class='ocrx_word' id='word_1_70' title='bbox 782 1170 940 1249; x_wconf 77' lang='grc' dir='ltr'><em>ὁμώνυμος</em></span> <span class='ocrx_word' id='word_1_71' title='bbox 960 1149 1025 1244; x_wconf 68' lang='grc' dir='ltr'><strong>τῆς</strong></span> <span class='ocrx_word' id='word_1_72' title='bbox 1052 1170 1253 1251; x_wconf 61' lang='lat' dir='ltr'><strong>corpulentae</strong></span> <span class='ocrx_word' id='word_1_73' title='bbox 1274 1171 1418 1247; x_wconf 75' lang='grc' dir='ltr'><em>’Ἃμιιτριο</em></span> 
     </span>
     <span class='ocr_line' id='line_1_10' title="bbox 244 1275 581 1362; baseline 0.003 -21"><span class='ocrx_word' id='word_1_74' title='bbox 244 1296 301 1362; x_wconf 90' lang='lat' dir='ltr'><strong>pro</strong></span> <span class='ocrx_word' id='word_1_75' title='bbox 324 1285 363 1357; x_wconf 69' lang='lat' dir='ltr'><strong>spi</strong></span> <span class='ocrx_word' id='word_1_76' title='bbox 388 1275 581 1358; x_wconf 73' lang='grc' dir='ltr'><em>ουνςοκιιινίοι.</em></span> 
     </span>
    </p>
   </div>
   <div class='ocr_carea' id='block_1_3' title="bbox 148 1483 1448 2190">
    <p class='ocr_par' dir='ltr' id='par_1_3' title="bbox 148 1483 1448 2190">
     <span class='ocr_line' id='line_1_11' title="bbox 288 1483 1420 1572; baseline 0.004 -23"><span class='ocrx_word' id='word_1_77' title='bbox 288 1483 367 1572; x_wconf 77' lang='lat' dir='ltr'><strong>Peg.</strong></span> <span class='ocrx_word' id='word_1_78' title='bbox 395 1485 468 1551; x_wconf 89' lang='grc'>180.</span> <span class='ocrx_word' id='word_1_79' title='bbox 495 1485 601 1568; x_wconf 73' lang='grc' dir='ltr'><em>συχνοὶ</em></span> <span class='ocrx_word' id='word_1_80' title='bbox 624 1491 682 1550; x_wconf 84' lang='grc' dir='ltr'><strong>τῶν</strong></span> <span class='ocrx_word' id='word_1_81' title='bbox 706 1486 895 1565; x_wconf 69' lang='lat' dir='ltr'><strong>cispetatico,</strong></span> <span class='ocrx_word' id='word_1_82' title='bbox 919 1483 940 1553; x_wconf 80' lang='grc' dir='ltr'><em>ἃ</em></span> <span class='ocrx_word' id='word_1_83' title='bbox 967 1484 1083 1567; x_wconf 78' lang='grc' dir='ltr'><em>ἕλοιβον</em></span> <span class='ocrx_word' id='word_1_84' title='bbox 1107 1483 1420 1568; x_wconf 71' lang='grc' dir='ltr'><em>καταναυμαχοῦντες</em></span> 
     </span>
     <span class='ocr_line' id='line_1_12' title="bbox 245 1588 1421 1672; baseline -0.001 -17"><span class='ocrx_word' id='word_1_85' title='bbox 245 1588 328 1655; x_wconf 74' lang='lat' dir='ltr'><strong>&#39;Aet</strong></span> <span class='ocrx_word' id='word_1_86' title='bbox 351 1591 422 1663; x_wconf 75' lang='grc' dir='ltr'><em>τοὺς</em></span> <span class='ocrx_word' id='word_1_87' title='bbox 445 1593 729 1672; x_wconf 72' lang='grc' dir='ltr'><em>οἱμφιοβητοῦντοος</em></span> <span class='ocrx_word' id='word_1_88' title='bbox 749 1601 804 1666; x_wconf 74' lang='grc' dir='ltr'><strong>τῆς</strong></span> <span class='ocrx_word' id='word_1_89' title='bbox 827 1593 987 1666; x_wconf 75' lang='grc' dir='ltr'><em>οιιλοίττνς</em></span> <span class='ocrx_word' id='word_1_90' title='bbox 1007 1593 1130 1664; x_wconf 67' lang='lat' dir='ltr'><strong>citicae.</strong></span> <span class='ocrx_word' id='word_1_91' title='bbox 1168 1593 1241 1659; x_wconf 90' lang='lat' dir='ltr'><strong>Non</strong></span> <span class='ocrx_word' id='word_1_92' title='bbox 1264 1605 1311 1658; x_wconf 89' lang='lat' dir='ltr'><strong>est</strong></span> <span class='ocrx_word' id='word_1_93' title='bbox 1325 1588 1421 1658; x_wconf 87' lang='lat' dir='ltr'><strong>simile</strong></span> 
     </span>
     <span class='ocr_line' id='line_1_13' title="bbox 243 1696 1420 1783; baseline -0.004 -19"><span class='ocrx_word' id='word_1_94' title='bbox 243 1698 312 1764; x_wconf 85' lang='lat' dir='ltr'><strong>veri</strong></span> <span class='ocrx_word' id='word_1_95' title='bbox 339 1696 556 1767; x_wconf 77' lang='lat' dir='ltr'><strong>Massilienses</strong></span> <span class='ocrx_word' id='word_1_96' title='bbox 585 1701 619 1763; x_wconf 90' lang='lat' dir='ltr'><strong>in</strong></span> <span class='ocrx_word' id='word_1_97' title='bbox 650 1699 799 1763; x_wconf 86' lang='lat' dir='ltr'><strong>omnibus</strong></span> <span class='ocrx_word' id='word_1_98' title='bbox 828 1698 957 1783; x_wconf 90' lang='lat' dir='ltr'><strong>proeliis</strong></span> <span class='ocrx_word' id='word_1_99' title='bbox 988 1699 1156 1767; x_wconf 86' lang='lat' dir='ltr'><strong>navalibus</strong></span> <span class='ocrx_word' id='word_1_100' title='bbox 1189 1706 1299 1766; x_wconf 89' lang='lat' dir='ltr'><strong>contra</strong></span> <span class='ocrx_word' id='word_1_101' title='bbox 1322 1714 1420 1764; x_wconf 86' lang='lat' dir='ltr'><strong>omnes</strong></span> 
     </span>
     <span class='ocr_line' id='line_1_14' title="bbox 241 1803 1422 1888; baseline -0.001 -21"><span class='ocrx_word' id='word_1_102' title='bbox 241 1825 353 1888; x_wconf 75' lang='lat' dir='ltr'><strong>semper</strong></span> <span class='ocrx_word' id='word_1_103' title='bbox 374 1806 510 1871; x_wconf 88' lang='lat' dir='ltr'><strong>victores</strong></span> <span class='ocrx_word' id='word_1_104' title='bbox 532 1805 640 1869; x_wconf 86' lang='lat' dir='ltr'><strong>fuisse.</strong></span> <span class='ocrx_word' id='word_1_105' title='bbox 677 1803 857 1888; x_wconf 76' lang='lat' dir='ltr'><strong>Transpone</strong></span> <span class='ocrx_word' id='word_1_106' title='bbox 877 1806 927 1870; x_wconf 73' lang='lat' dir='ltr'><strong>ciel</strong></span> <span class='ocrx_word' id='word_1_107' title='bbox 945 1807 980 1870; x_wconf 92' lang='lat' dir='ltr'><strong>in</strong></span> <span class='ocrx_word' id='word_1_108' title='bbox 999 1806 1084 1871; x_wconf 89' lang='lat' dir='ltr'><strong>hunc</strong></span> <span class='ocrx_word' id='word_1_109' title='bbox 1105 1806 1257 1871; x_wconf 89' lang='lat' dir='ltr'><strong>modum:</strong></span> <span class='ocrx_word' id='word_1_110' title='bbox 1278 1825 1422 1869; x_wconf 80' lang='grc' dir='ltr'><em>νοτοινοο-</em></span> 
     </span>
     <span class='ocr_line' id='line_1_15' title="bbox 148 1906 1422 1997; baseline 0 -25"><span class='ocrx_word' id='word_1_111' title='bbox 148 1906 151 1910; x_wconf 69' lang='grc'><strong><em>’</em></strong></span> <span class='ocrx_word' id='word_1_112' title='bbox 243 1914 422 1989; x_wconf 77' lang='grc' dir='ltr'><em>μοιχοῦντες</em></span> <span class='ocrx_word' id='word_1_113' title='bbox 446 1911 516 1986; x_wconf 74' lang='grc' dir='ltr'><em>τοὺς</em></span> <span class='ocrx_word' id='word_1_114' title='bbox 543 1909 626 1976; x_wconf 72' lang='lat' dir='ltr'><strong>&#39;etei</strong></span> <span class='ocrx_word' id='word_1_115' title='bbox 652 1911 948 1990; x_wconf 63' lang='lat' dir='ltr'><strong>capraemortem.</strong></span> <span class='ocrx_word' id='word_1_116' title='bbox 984 1909 1084 1997; x_wconf 76' lang='lat' dir='ltr'><strong>Saepe</strong></span> <span class='ocrx_word' id='word_1_117' title='bbox 1102 1912 1154 1976; x_wconf 79' lang='lat' dir='ltr'><strong>ciel</strong></span> <span class='ocrx_word' id='word_1_118' title='bbox 1171 1919 1244 1997; x_wconf 89' lang='lat' dir='ltr'><strong>post</strong></span> <span class='ocrx_word' id='word_1_119' title='bbox 1263 1909 1422 1976; x_wconf 84' lang='lat' dir='ltr'><strong>articulum</strong></span> 
     </span>
     <span class='ocr_line' id='line_1_16' title="bbox 244 2015 1422 2104; baseline -0.001 -25"><span class='ocrx_word' id='word_1_120' title='bbox 244 2016 290 2080; x_wconf 91' lang='lat' dir='ltr'><strong>sic</strong></span> <span class='ocrx_word' id='word_1_121' title='bbox 322 2015 512 2082; x_wconf 90' lang='lat' dir='ltr'><strong>collocatum</strong></span> <span class='ocrx_word' id='word_1_122' title='bbox 541 2021 648 2082; x_wconf 89' lang='lat' dir='ltr'><strong>mutat</strong></span> <span class='ocrx_word' id='word_1_123' title='bbox 678 2015 803 2094; x_wconf 88' lang='lat' dir='ltr'><strong>sedern,</strong></span> <span class='ocrx_word' id='word_1_124' title='bbox 837 2020 874 2081; x_wconf 90' lang='lat' dir='ltr'><strong>ut</strong></span> <span class='ocrx_word' id='word_1_125' title='bbox 905 2016 945 2081; x_wconf 88' lang='lat' dir='ltr'><strong>ad</strong></span> <span class='ocrx_word' id='word_1_126' title='bbox 975 2015 1196 2102; x_wconf 79' lang='lat' dir='ltr'><strong>Xenophontis</strong></span> <span class='ocrx_word' id='word_1_127' title='bbox 1227 2017 1422 2104; x_wconf 78' lang='lat' dir='ltr'><strong>Opropcedica</strong></span> 
     </span>
     <span class='ocr_line' id='line_1_17' title="bbox 246 2119 1448 2190; baseline 0.001 -5"><span class='ocrx_word' id='word_1_128' title='bbox 246 2127 278 2185; x_wconf 89' lang='lat' dir='ltr'><strong>ct</strong></span> <span class='ocrx_word' id='word_1_129' title='bbox 300 2121 341 2186; x_wconf 91' lang='lat' dir='ltr'><strong>ad</strong></span> <span class='ocrx_word' id='word_1_130' title='bbox 362 2121 610 2190; x_wconf 82' lang='lat' dir='ltr'><strong>Demosthenem</strong></span> <span class='ocrx_word' id='word_1_131' title='bbox 637 2122 843 2188; x_wconf 86' lang='lat' dir='ltr'><strong>ostendimus.</strong></span> <span class='ocrx_word' id='word_1_132' title='bbox 932 2126 934 2130; x_wconf 71' lang='lat'>‘</span> <span class='ocrx_word' id='word_1_133' title='bbox 1447 2119 1448 2124; x_wconf 71' lang='grc'>’</span> 
     </span>
    </p>
   </div>
   <div class='ocr_carea' id='block_1_4' title="bbox 244 2331 1424 3272">
    <p class='ocr_par' dir='ltr' id='par_1_4' title="bbox 244 2331 1424 3272">
     <span class='ocr_line' id='line_1_18' title="bbox 291 2331 1423 2423; baseline -0.003 -24"><span class='ocrx_word' id='word_1_134' title='bbox 291 2332 417 2399; x_wconf 75' lang='lat' dir='ltr'><strong>Scaeuo</strong></span> <span class='ocrx_word' id='word_1_135' title='bbox 446 2354 520 2423; x_wconf 81' lang='lat' dir='ltr'><strong>pag.</strong></span> <span class='ocrx_word' id='word_1_136' title='bbox 543 2333 618 2400; x_wconf 87' lang='lat'>181.</span> <span class='ocrx_word' id='word_1_137' title='bbox 651 2338 819 2420; x_wconf 89' lang='lat' dir='ltr'><strong>postquam</strong></span> <span class='ocrx_word' id='word_1_138' title='bbox 842 2333 925 2399; x_wconf 83' lang='lat' dir='ltr'><strong>dixit</strong></span> <span class='ocrx_word' id='word_1_139' title='bbox 948 2335 1091 2419; x_wconf 85' lang='lat' dir='ltr'><strong>primum</strong></span> <span class='ocrx_word' id='word_1_140' title='bbox 1114 2334 1297 2415; x_wconf 78' lang='lat' dir='ltr'><strong>Massiliae,</strong></span> <span class='ocrx_word' id='word_1_141' title='bbox 1322 2331 1423 2400; x_wconf 85' lang='lat' dir='ltr'><strong>deinde</strong></span> 
     </span>
     <span class='ocr_line' id='line_1_19' title="bbox 244 2437 1422 2527; baseline -0.008 -21"><span class='ocrx_word' id='word_1_142' title='bbox 244 2461 300 2527; x_wconf 93' lang='lat' dir='ltr'><strong>per</strong></span> <span class='ocrx_word' id='word_1_143' title='bbox 318 2445 421 2505; x_wconf 87' lang='lat' dir='ltr'><strong>totam</strong></span> <span class='ocrx_word' id='word_1_144' title='bbox 433 2437 593 2516; x_wconf 81' lang='lat' dir='ltr'><strong>Galliam,</strong></span> <span class='ocrx_word' id='word_1_145' title='bbox 614 2440 720 2505; x_wconf 91' lang='lat' dir='ltr'><strong>studia</strong></span> <span class='ocrx_word' id='word_1_146' title='bbox 738 2439 906 2506; x_wconf 88' lang='lat' dir='ltr'><strong>literarum</strong></span> <span class='ocrx_word' id='word_1_147' title='bbox 927 2448 959 2505; x_wconf 89' lang='lat' dir='ltr'><strong>et</strong></span> <span class='ocrx_word' id='word_1_148' title='bbox 971 2439 1168 2525; x_wconf 85' lang='lat' dir='ltr'><strong>eloquentiae</strong></span> <span class='ocrx_word' id='word_1_149' title='bbox 1186 2441 1296 2507; x_wconf 89' lang='lat' dir='ltr'><strong>florere</strong></span> <span class='ocrx_word' id='word_1_150' title='bbox 1307 2438 1422 2506; x_wconf 82' lang='lat' dir='ltr'><strong>scribit:</strong></span> 
     </span>
     <span class='ocr_line' id='line_1_20' title="bbox 244 2545 1423 2630; baseline -0.004 -18"><span class='ocrx_word' id='word_1_151' title='bbox 244 2547 379 2628; x_wconf 75' lang='grc' dir='ltr'><em>τοΦιςοὶς</em></span> <span class='ocrx_word' id='word_1_152' title='bbox 400 2550 475 2623; x_wconf 73' lang='grc' dir='ltr'><em>γοῦν</em></span> <span class='ocrx_word' id='word_1_153' title='bbox 500 2545 701 2628; x_wconf 72' lang='grc' dir='ltr'><strong>ὑποδέχονται</strong></span> <span class='ocrx_word' id='word_1_154' title='bbox 726 2547 796 2619; x_wconf 79' lang='grc' dir='ltr'><em>τοὺς</em></span> <span class='ocrx_word' id='word_1_155' title='bbox 821 2547 878 2624; x_wconf 76' lang='grc' dir='ltr'><strong>μὲν</strong></span> <span class='ocrx_word' id='word_1_156' title='bbox 902 2545 986 2630; x_wconf 70' lang='lat' dir='ltr'><strong>itta,</strong></span> <span class='ocrx_word' id='word_1_157' title='bbox 1012 2547 1082 2618; x_wconf 79' lang='grc' dir='ltr'><em>τοὺς</em></span> <span class='ocrx_word' id='word_1_158' title='bbox 1107 2547 1137 2612; x_wconf 78' lang='grc' dir='ltr'><strong>δὲ</strong></span> <span class='ocrx_word' id='word_1_159' title='bbox 1162 2546 1332 2620; x_wconf 71' lang='grc' dir='ltr'><strong>*πόλεις*</strong></span> <span class='ocrx_word' id='word_1_160' title='bbox 1353 2551 1423 2622; x_wconf 68' lang='grc' dir='ltr'><em>κοινῇ</em></span> 
     </span>
     <span class='ocr_line' id='line_1_21' title="bbox 245 2651 1424 2738; baseline 0 -22"><span class='ocrx_word' id='word_1_161' title='bbox 245 2652 447 2731; x_wconf 79' lang='grc' dir='ltr'><em>μισθούμενοι.</em></span> <span class='ocrx_word' id='word_1_162' title='bbox 497 2651 688 2738; x_wconf 79' lang='lat' dir='ltr'><strong>interpretes</strong></span> <span class='ocrx_word' id='word_1_163' title='bbox 718 2652 890 2718; x_wconf 90' lang='lat' dir='ltr'><strong>molestum</strong></span> <span class='ocrx_word' id='word_1_164' title='bbox 922 2651 1026 2724; x_wconf 76' lang='grc' dir='ltr'><em>πόλεις</em></span> <span class='ocrx_word' id='word_1_165' title='bbox 1051 2673 1116 2721; x_wconf 88' lang='lat' dir='ltr'><strong>una</strong></span> <span class='ocrx_word' id='word_1_166' title='bbox 1141 2652 1241 2719; x_wconf 89' lang='lat' dir='ltr'><strong>litura</strong></span> <span class='ocrx_word' id='word_1_167' title='bbox 1265 2651 1424 2720; x_wconf 88' lang='lat' dir='ltr'><strong>delendum</strong></span> 
     </span>
     <span class='ocr_line' id='line_1_22' title="bbox 245 2757 1424 2845; baseline -0.003 -21"><span class='ocrx_word' id='word_1_168' title='bbox 245 2763 450 2837; x_wconf 87' lang='lat' dir='ltr'><strong>censuerunt,</strong></span> <span class='ocrx_word' id='word_1_169' title='bbox 475 2757 530 2824; x_wconf 86' lang='lat' dir='ltr'><strong>sed</strong></span> <span class='ocrx_word' id='word_1_170' title='bbox 552 2759 635 2823; x_wconf 91' lang='lat' dir='ltr'><strong>unde</strong></span> <span class='ocrx_word' id='word_1_171' title='bbox 656 2757 786 2824; x_wconf 86' lang='lat' dir='ltr'><strong>tandem</strong></span> <span class='ocrx_word' id='word_1_172' title='bbox 807 2759 970 2842; x_wconf 83' lang='lat' dir='ltr'><strong>irrepsisse</strong></span> <span class='ocrx_word' id='word_1_173' title='bbox 991 2757 1165 2844; x_wconf 82' lang='lat' dir='ltr'><strong>putemus?</strong></span> <span class='ocrx_word' id='word_1_174' title='bbox 1184 2759 1289 2825; x_wconf 90' lang='lat' dir='ltr'><strong>Periit</strong></span> <span class='ocrx_word' id='word_1_175' title='bbox 1308 2774 1424 2845; x_wconf 84' lang='lat' dir='ltr'><strong>praepo</strong></span> 
     </span>
     <span class='ocr_line' id='line_1_23' title="bbox 244 2862 1419 2952; baseline -0.003 -22"><span class='ocrx_word' id='word_1_176' title='bbox 244 2866 369 2930; x_wconf 88' lang='lat' dir='ltr'><strong>sitionis</strong></span> <span class='ocrx_word' id='word_1_177' title='bbox 391 2862 475 2951; x_wconf 81' lang='lat' dir='ltr'><strong>sigla</strong></span> <span class='ocrx_word' id='word_1_178' title='bbox 497 2862 749 2950; x_wconf 81' lang='lat' dir='ltr'><strong>legendumque:</strong></span> <span class='ocrx_word' id='word_1_179' title='bbox 773 2864 843 2934; x_wconf 76' lang='grc' dir='ltr'><em>τοὺς</em></span> <span class='ocrx_word' id='word_1_180' title='bbox 869 2864 900 2929; x_wconf 77' lang='grc' dir='ltr'><strong>δὲ</strong></span> <span class='ocrx_word' id='word_1_181' title='bbox 924 2865 1036 2952; x_wconf 73' lang='grc' dir='ltr'><strong>(κοντοὶ)</strong></span> <span class='ocrx_word' id='word_1_182' title='bbox 1062 2863 1166 2936; x_wconf 69' lang='grc' dir='ltr'><em>τόνοις</em></span> <span class='ocrx_word' id='word_1_183' title='bbox 1191 2875 1273 2945; x_wconf 72' lang='grc' dir='ltr'><em>κοινῇ</em></span> <span class='ocrx_word' id='word_1_184' title='bbox 1320 2863 1419 2929; x_wconf 78' lang='lat' dir='ltr'><strong>Etiam</strong></span> 
     </span>
     <span class='ocr_line' id='line_1_24' title="bbox 246 2967 1422 3056; baseline -0.003 -20"><span class='ocrx_word' id='word_1_185' title='bbox 246 2970 331 3056; x_wconf 88' lang='lat' dir='ltr'><strong>apud</strong></span> <span class='ocrx_word' id='word_1_186' title='bbox 361 2967 550 3035; x_wconf 79' lang='lat' dir='ltr'><strong>Strabonem</strong></span> <span class='ocrx_word' id='word_1_187' title='bbox 580 2990 616 3034; x_wconf 90' lang='lat' dir='ltr'><strong>ca</strong></span> <span class='ocrx_word' id='word_1_188' title='bbox 647 2969 686 3036; x_wconf 89' lang='lat' dir='ltr'><strong>dc</strong></span> <span class='ocrx_word' id='word_1_189' title='bbox 716 2990 810 3036; x_wconf 89' lang='lat' dir='ltr'><strong>causa</strong></span> <span class='ocrx_word' id='word_1_190' title='bbox 840 2968 926 3035; x_wconf 70' lang='grc' dir='ltr'><em>κοντοὶ</em></span> <span class='ocrx_word' id='word_1_191' title='bbox 958 2975 991 3035; x_wconf 89' lang='lat' dir='ltr'><strong>et</strong></span> <span class='ocrx_word' id='word_1_192' title='bbox 1023 2970 1094 3050; x_wconf 72' lang='grc' dir='ltr'><em>τοις</em></span> <span class='ocrx_word' id='word_1_193' title='bbox 1118 2976 1174 3036; x_wconf 87' lang='lat' dir='ltr'><strong>aut</strong></span> <span class='ocrx_word' id='word_1_194' title='bbox 1197 2971 1422 3036; x_wconf 86' lang='lat' dir='ltr'><strong>confunduntur</strong></span> 
     </span>
     <span class='ocr_line' id='line_1_25' title="bbox 244 3073 1422 3161; baseline -0.006 -20"><span class='ocrx_word' id='word_1_195' title='bbox 244 3075 329 3141; x_wconf 90' lang='lat' dir='ltr'><strong>inter</strong></span> <span class='ocrx_word' id='word_1_196' title='bbox 357 3097 390 3141; x_wconf 87' lang='lat' dir='ltr'><strong>se</strong></span> <span class='ocrx_word' id='word_1_197' title='bbox 421 3081 477 3142; x_wconf 87' lang='lat' dir='ltr'><strong>aut</strong></span> <span class='ocrx_word' id='word_1_198' title='bbox 506 3081 648 3160; x_wconf 91' lang='lat' dir='ltr'><strong>pereunt.</strong></span> <span class='ocrx_word' id='word_1_199' title='bbox 696 3077 789 3140; x_wconf 78' lang='grc' dir='ltr'><em>Κοτοδ</em></span> <span class='ocrx_word' id='word_1_200' title='bbox 821 3073 926 3149; x_wconf 72' lang='grc' dir='ltr'><em>πόλεις</em></span> <span class='ocrx_word' id='word_1_201' title='bbox 957 3097 993 3141; x_wconf 89' lang='lat' dir='ltr'><strong>eo</strong></span> <span class='ocrx_word' id='word_1_202' title='bbox 1017 3097 1110 3142; x_wconf 88' lang='lat' dir='ltr'><strong>sensu</strong></span> <span class='ocrx_word' id='word_1_203' title='bbox 1133 3083 1165 3141; x_wconf 93' lang='lat' dir='ltr'><strong>et</strong></span> <span class='ocrx_word' id='word_1_204' title='bbox 1188 3076 1274 3161; x_wconf 90' lang='lat' dir='ltr'><strong>apud</strong></span> <span class='ocrx_word' id='word_1_205' title='bbox 1298 3075 1372 3141; x_wconf 86' lang='lat' dir='ltr'><strong>alios</strong></span> <span class='ocrx_word' id='word_1_206' title='bbox 1394 3075 1422 3136; x_wconf 90' lang='lat' dir='ltr'><strong>et</strong></span> 
     </span>
     <span class='ocr_line' id='line_1_26' title="bbox 246 3181 790 3272; baseline -0.006 -23"><span class='ocrx_word' id='word_1_207' title='bbox 246 3183 331 3268; x_wconf 90' lang='lat' dir='ltr'><strong>apud</strong></span> <span class='ocrx_word' id='word_1_208' title='bbox 353 3181 541 3248; x_wconf 77' lang='lat' dir='ltr'><strong>Strabonem</strong></span> <span class='ocrx_word' id='word_1_209' title='bbox 564 3181 709 3272; x_wconf 82' lang='lat' dir='ltr'><strong>frequens</strong></span> <span class='ocrx_word' id='word_1_210' title='bbox 732 3185 790 3246; x_wconf 90' lang='lat' dir='ltr'><strong>est.</strong></span> 
     </span>
    </p>
   </div>
   <div class='ocr_carea' id='block_1_5' title="bbox 247 3389 1424 4204">
    <p class='ocr_par' dir='ltr' id='par_1_5' title="bbox 247 3389 1424 4204">
     <span class='ocr_line' id='line_1_27' title="bbox 291 3389 1424 3484; baseline -0.006 -22"><span class='ocrx_word' id='word_1_211' title='bbox 291 3395 369 3484; x_wconf 81' lang='lat' dir='ltr'><strong>Pag.</strong></span> <span class='ocrx_word' id='word_1_212' title='bbox 405 3395 480 3461; x_wconf 80' lang='lat'>182.</span> <span class='ocrx_word' id='word_1_213' title='bbox 514 3391 628 3461; x_wconf 70' lang='grc' dir='ltr'><em>ἅτοοοοι</em></span> <span class='ocrx_word' id='word_1_214' title='bbox 652 3393 709 3472; x_wconf 75' lang='grc' dir='ltr'><strong>μὲν</strong></span> <span class='ocrx_word' id='word_1_215' title='bbox 731 3389 780 3458; x_wconf 80' lang='grc' dir='ltr'><strong>οὖν</strong></span> <span class='ocrx_word' id='word_1_216' title='bbox 806 3429 847 3443; x_wconf 90' lang='lat'><em>-</em></span> <span class='ocrx_word' id='word_1_217' title='bbox 870 3396 887 3471; x_wconf 76' lang='grc' dir='ltr'><strong><em>ἦ</em></strong></span> <span class='ocrx_word' id='word_1_218' title='bbox 911 3394 999 3474; x_wconf 62' lang='lat' dir='ltr'><strong>zeina</strong></span> <span class='ocrx_word' id='word_1_219' title='bbox 1024 3392 1209 3473; x_wconf 76' lang='grc' dir='ltr'><em>τροτήνεμος</em></span> <span class='ocrx_word' id='word_1_220' title='bbox 1234 3395 1301 3472; x_wconf 78' lang='grc' dir='ltr'><em>ἔτι,</em></span> <span class='ocrx_word' id='word_1_221' title='bbox 1326 3394 1424 3473; x_wconf 77' lang='grc' dir='ltr'><em>διαφε-</em></span> 
     </span>
     <span class='ocr_line' id='line_1_28' title="bbox 247 3499 1423 3585; baseline -0.006 -18"><span class='ocrx_word' id='word_1_222' title='bbox 247 3503 354 3585; x_wconf 74' lang='grc' dir='ltr'><em>ρόντως</em></span> <span class='ocrx_word' id='word_1_223' title='bbox 385 3499 412 3565; x_wconf 87' lang='grc' dir='ltr'><strong>δ’</strong></span> <span class='ocrx_word' id='word_1_224' title='bbox 437 3501 479 3573; x_wconf 75' lang='grc' dir='ltr'><strong>εἷς</strong></span> <span class='ocrx_word' id='word_1_225' title='bbox 502 3503 536 3564; x_wconf 73' lang='lat' dir='ltr'><strong>ct</strong></span> <span class='ocrx_word' id='word_1_226' title='bbox 561 3501 661 3565; x_wconf 73' lang='grc' dir='ltr'><em>πεδίον</em></span> <span class='ocrx_word' id='word_1_227' title='bbox 685 3504 773 3564; x_wconf 85' lang='grc' dir='ltr'><em>τοῦτο</em></span> <span class='ocrx_word' id='word_1_228' title='bbox 797 3499 831 3564; x_wconf 79' lang='grc' dir='ltr'><strong>τὸ</strong></span> <span class='ocrx_word' id='word_1_229' title='bbox 855 3500 1083 3580; x_wconf 74' lang='grc' dir='ltr'><em>μελαμβόριον</em></span> <span class='ocrx_word' id='word_1_230' title='bbox 1108 3499 1287 3581; x_wconf 69' lang='grc' dir='ltr'><em>κοιτοιιγιζει</em></span> <span class='ocrx_word' id='word_1_231' title='bbox 1310 3503 1423 3574; x_wconf 83' lang='grc' dir='ltr'><em>οινεῖιμοι</em></span> 
     </span>
     <span class='ocr_line' id='line_1_29' title="bbox 248 3605 1423 3688; baseline -0.006 -15"><span class='ocrx_word' id='word_1_232' title='bbox 248 3608 350 3688; x_wconf 73' lang='grc' dir='ltr'><em>βίαιον</em></span> <span class='ocrx_word' id='word_1_233' title='bbox 384 3606 435 3670; x_wconf 78' lang='lat' dir='ltr'><strong>nai</strong></span> <span class='ocrx_word' id='word_1_234' title='bbox 472 3606 630 3686; x_wconf 80' lang='grc' dir='ltr'><em>Φρικῶδες.</em></span> <span class='ocrx_word' id='word_1_235' title='bbox 662 3606 743 3687; x_wconf 71' lang='grc' dir='ltr'><em>Φοιτὶ</em></span> <span class='ocrx_word' id='word_1_236' title='bbox 777 3611 851 3685; x_wconf 74' lang='grc' dir='ltr'><em>γοῦν</em></span> <span class='ocrx_word' id='word_1_237' title='bbox 881 3608 1022 3686; x_wconf 63' lang='lat' dir='ltr'><strong>adportat</strong></span> <span class='ocrx_word' id='word_1_238' title='bbox 1055 3605 1107 3670; x_wconf 78' lang='lat' dir='ltr'><strong>acl</strong></span> <span class='ocrx_word' id='word_1_239' title='bbox 1142 3605 1344 3672; x_wconf 70' lang='grc' dir='ltr'><strong>κυλινδεῖσθαι</strong></span> <span class='ocrx_word' id='word_1_240' title='bbox 1372 3609 1423 3668; x_wconf 80' lang='grc' dir='ltr'><strong>τῶν</strong></span> 
     </span>
     <span class='ocr_line' id='line_1_30' title="bbox 249 3709 1423 3792; baseline -0.007 -13"><span class='ocrx_word' id='word_1_241' title='bbox 249 3712 469 3787; x_wconf 64' lang='lat' dir='ltr'><strong>altariolum,</strong></span> <span class='ocrx_word' id='word_1_242' title='bbox 494 3714 733 3777; x_wconf 64' lang='lat' dir='ltr'><strong>accenderem</strong></span> <span class='ocrx_word' id='word_1_243' title='bbox 757 3713 788 3778; x_wconf 75' lang='grc' dir='ltr'><strong>δὲ</strong></span> <span class='ocrx_word' id='word_1_244' title='bbox 811 3713 881 3785; x_wconf 75' lang='grc' dir='ltr'><em>τοὺς</em></span> <span class='ocrx_word' id='word_1_245' title='bbox 905 3713 1075 3792; x_wconf 70' lang='grc' dir='ltr'><em>ἀνθρώπους</em></span> <span class='ocrx_word' id='word_1_246' title='bbox 1098 3713 1161 3776; x_wconf 67' lang='lat' dir='ltr'><strong>aee</strong></span> <span class='ocrx_word' id='word_1_247' title='bbox 1186 3718 1245 3777; x_wconf 84' lang='grc' dir='ltr'><strong>τῶν</strong></span> <span class='ocrx_word' id='word_1_248' title='bbox 1265 3709 1423 3792; x_wconf 70' lang='grc' dir='ltr'><strong>ὀχημάτων</strong></span> 
     </span>
     <span class='ocr_line' id='line_1_31' title="bbox 249 3813 1420 3906; baseline -0.008 -22"><span class='ocrx_word' id='word_1_249' title='bbox 249 3818 302 3884; x_wconf 79' lang='lat' dir='ltr'><strong>acl</strong></span> <span class='ocrx_word' id='word_1_250' title='bbox 322 3821 511 3896; x_wconf 74' lang='grc' dir='ltr'><em>ννμνοῦοθοιι</em></span> <span class='ocrx_word' id='word_1_251' title='bbox 531 3817 583 3882; x_wconf 80' lang='lat' dir='ltr'><strong>acl</strong></span> <span class='ocrx_word' id='word_1_252' title='bbox 607 3813 708 3883; x_wconf 73' lang='grc' dir='ltr'><em>ὅπλων</em></span> <span class='ocrx_word' id='word_1_253' title='bbox 729 3818 781 3883; x_wconf 79' lang='lat' dir='ltr'><strong>acl</strong></span> <span class='ocrx_word' id='word_1_254' title='bbox 802 3819 924 3892; x_wconf 76' lang='grc' dir='ltr'><em>ἐσθῆτος</em></span> <span class='ocrx_word' id='word_1_255' title='bbox 952 3818 1015 3883; x_wconf 71' lang='lat' dir='ltr'><strong>atari</strong></span> <span class='ocrx_word' id='word_1_256' title='bbox 1038 3818 1115 3906; x_wconf 76' lang='lat' dir='ltr'><strong>(leg.</strong></span> <span class='ocrx_word' id='word_1_257' title='bbox 1136 3817 1420 3900; x_wconf 65' lang='lat' dir='ltr'><strong>belletrinensis.</strong></span> 
     </span>
     <span class='ocr_line' id='line_1_32' title="bbox 248 3922 1420 4008; baseline -0.009 -15"><span class='ocrx_word' id='word_1_258' title='bbox 248 3923 401 3993; x_wconf 85' lang='lat' dir='ltr'><strong>Alienum</strong></span> <span class='ocrx_word' id='word_1_259' title='bbox 435 3930 483 3989; x_wconf 86' lang='lat' dir='ltr'><strong>est</strong></span> <span class='ocrx_word' id='word_1_260' title='bbox 518 3945 538 3990; x_wconf 90' lang='lat' dir='ltr'><strong>a</strong></span> <span class='ocrx_word' id='word_1_261' title='bbox 570 3922 633 3989; x_wconf 86' lang='grc' dir='ltr'><strong>1οοί</strong></span> <span class='ocrx_word' id='word_1_262' title='bbox 667 3927 824 3991; x_wconf 88' lang='lat' dir='ltr'><strong>sententia</strong></span> <span class='ocrx_word' id='word_1_263' title='bbox 852 3928 1074 3990; x_wconf 76' lang='lat' dir='ltr'><strong>aaraaacioiac</strong></span> <span class='ocrx_word' id='word_1_264' title='bbox 1096 3924 1230 4008; x_wconf 72' lang='lat' dir='ltr'><strong>fraapi,</strong></span> <span class='ocrx_word' id='word_1_265' title='bbox 1263 3926 1407 3988; x_wconf 73' lang='lat' dir='ltr'><strong>concaleat</strong></span> <span class='ocrx_word' id='word_1_266' title='bbox 1414 3965 1420 3995; x_wconf 90' lang='lat'><strong>,</strong></span> 
     </span>
     <span class='ocr_line' id='line_1_33' title="bbox 247 4010 1421 4116; baseline -0.009 -18"><span class='ocrx_word' id='word_1_267' title='bbox 247 4031 422 4116; x_wconf 84' lang='lat' dir='ltr'><strong>requiritur</strong></span> <span class='ocrx_word' id='word_1_268' title='bbox 439 4031 608 4096; x_wconf 86' lang='lat' dir='ltr'><strong>manifesto</strong></span> <span class='ocrx_word' id='word_1_269' title='bbox 627 4016 732 4107; x_wconf 68' lang='lat' dir='ltr'><strong>caeci,</strong></span> <span class='ocrx_word' id='word_1_270' title='bbox 747 4035 941 4114; x_wconf 56' lang='lat' dir='ltr'><strong>praecpitem</strong></span> <span class='ocrx_word' id='word_1_271' title='bbox 961 4031 1049 4106; x_wconf 81' lang='lat' dir='ltr'><strong>darc&#39;,·</strong></span> <span class='ocrx_word' id='word_1_272' title='bbox 1069 4031 1177 4114; x_wconf 89' lang='lat' dir='ltr'><strong>itaque</strong></span> <span class='ocrx_word' id='word_1_273' title='bbox 1197 4010 1421 4096; x_wconf 74' lang='grc' dir='ltr'><em>κοιτοΣΠοῖοννι</em></span> 
     </span>
     <span class='ocr_line' id='line_1_34' title="bbox 247 4136 495 4204; baseline -0.012 -1"><span class='ocrx_word' id='word_1_274' title='bbox 247 4136 495 4204; x_wconf 83' lang='lat' dir='ltr'><strong>rescribendum.</strong></span> 
     </span>
    </p>
   </div>
   <div class='ocr_carea' id='block_1_6' title="bbox 249 4242 1423 4428">
    <p class='ocr_par' dir='ltr' id='par_1_6' title="bbox 249 4242 1423 4428">
     <span class='ocr_line' id='line_1_35' title="bbox 293 4242 1423 4331; baseline -0.001 -22"><span class='ocrx_word' id='word_1_275' title='bbox 293 4242 441 4309; x_wconf 82' lang='lat' dir='ltr'><strong>Eundem</strong></span> <span class='ocrx_word' id='word_1_276' title='bbox 464 4249 642 4323; x_wconf 81' lang='lat' dir='ltr'><strong>auctorem,</strong></span> <span class='ocrx_word' id='word_1_277' title='bbox 663 4267 759 4331; x_wconf 92' lang='lat' dir='ltr'><strong>quem</strong></span> <span class='ocrx_word' id='word_1_278' title='bbox 783 4243 915 4323; x_wconf 84' lang='lat' dir='ltr'><strong>Strabo,</strong></span> <span class='ocrx_word' id='word_1_279' title='bbox 941 4246 1083 4330; x_wconf 87' lang='lat' dir='ltr'><strong>sequitur</strong></span> <span class='ocrx_word' id='word_1_280' title='bbox 1107 4246 1142 4309; x_wconf 91' lang='lat' dir='ltr'><strong>in</strong></span> <span class='ocrx_word' id='word_1_281' title='bbox 1165 4263 1202 4310; x_wconf 86' lang='lat' dir='ltr'><strong>ea</strong></span> <span class='ocrx_word' id='word_1_282' title='bbox 1224 4265 1258 4310; x_wconf 87' lang='lat' dir='ltr'><strong>re</strong></span> <span class='ocrx_word' id='word_1_283' title='bbox 1279 4243 1423 4310; x_wconf 81' lang='lat' dir='ltr'><strong>Diodorus</strong></span> 
     </span>
     <span class='ocr_line' id='line_1_36' title="bbox 249 4347 1422 4428; baseline -0.007 -10"><span class='ocrx_word' id='word_1_284' title='bbox 249 4348 376 4420; x_wconf 74' lang='lat' dir='ltr'><strong>Siculus</strong></span> <span class='ocrx_word' id='word_1_285' title='bbox 407 4347 443 4412; x_wconf 86' lang='lat' dir='ltr'><strong>V.</strong></span> <span class='ocrx_word' id='word_1_286' title='bbox 477 4347 533 4417; x_wconf 83' lang='lat'><strong>26.</strong></span> <span class='ocrx_word' id='word_1_287' title='bbox 565 4351 620 4417; x_wconf 92' lang='lat' dir='ltr'><strong>sed</strong></span> <span class='ocrx_word' id='word_1_288' title='bbox 649 4350 732 4417; x_wconf 90' lang='lat' dir='ltr'><strong>nihil</strong></span> <span class='ocrx_word' id='word_1_289' title='bbox 764 4356 812 4419; x_wconf 89' lang='lat' dir='ltr'><strong>est</strong></span> <span class='ocrx_word' id='word_1_290' title='bbox 844 4353 879 4415; x_wconf 90' lang='lat' dir='ltr'><strong>in</strong></span> <span class='ocrx_word' id='word_1_291' title='bbox 902 4371 938 4419; x_wconf 86' lang='lat' dir='ltr'><strong>eo</strong></span> <span class='ocrx_word' id='word_1_292' title='bbox 962 4351 1093 4428; x_wconf 78' lang='lat' dir='ltr'><strong>auxilii,</strong></span> <span class='ocrx_word' id='word_1_293' title='bbox 1119 4349 1176 4415; x_wconf 93' lang='lat' dir='ltr'><strong>ubi</strong></span> <span class='ocrx_word' id='word_1_294' title='bbox 1200 4349 1326 4416; x_wconf 80' lang='lat' dir='ltr'><strong>scribit:</strong></span> <span class='ocrx_word' id='word_1_295' title='bbox 1350 4353 1422 4414; x_wconf 81' lang='grc' dir='ltr'><em>τνεῑν</em></span> 
     </span>
    </p>
   </div>
   <div class='ocr_carea' id='block_1_7' title="bbox 0 0 1532 4968">
    <p class='ocr_par' dir='ltr' id='par_1_7' title="bbox 0 0 1532 4968">
     <span class='ocr_line' id='line_1_37' title="bbox 0 0 1532 4968; baseline 0 0"><span class='ocrx_word' id='word_1_296' title='bbox 0 0 1532 4968; x_wconf 95' lang='lat' dir='ltr'><strong> </strong></span> 
     </span>
    </p>
   </div>
  </div>
 </body>
</html>
