3026 4970
803 221 870 292 298

240 416 295 482 σὺν
325 414 367 493 τῷ
396 413 472 495 aare
496 415 593 481 scribi
616 413 751 480 debebat
773 415 914 500 Ποτεῷο,
939 417 1112 498 ssavealpo:
1139 424 1189 484 est
1212 415 1297 484 enim
1317 413 1412 485 termi-
1495 387 1496 400 ἶ

239 525 390 589 natio-
411 544 451 585 οω
470 521 624 605 producta
634 522 740 606 prima
750 521 854 587 vocali
866 523 1013 591 ἀοτοοοιςί.
1036 524 1222 590 Promiscue
1233 525 1367 600 Πηνέλεω
1379 563 1411 574 -

240 629 413 710 Πηνελέωο,
439 629 542 692 Πετεώ
556 628 749 707 -Πετεῷο,
773 627 934 709 Τυνδάρεω
958 634 990 695 et
1013 630 1186 714 Τυνδαρέῳο
1212 634 1274 698 dici
1296 638 1412 718 potarat.

240 734 326 815 Quid
345 739 454 800 auam
477 732 565 798 aliud
586 737 634 798 est
651 731 808 806 ’Λοοοοοῑο
827 733 996 813 ardunae
1010 739 1165 822 scriptum
1177 747 1412 804 ueneneoro

227 834 339 926 ¹quam
362 838 528 919 Πηνελέωο.

287 945 352 1012 Our
371 951 480 1011 autem
500 944 603 1010 forma
622 941 791 1024 Τυνδάρεως
811 951 844 1010 st
863 946 1033 1026 Τυνδαρέου
1052 949 1232 1015 damnanda
1251 947 1318 1016 est?
1349 951 1415 1031 Quia

240 1054 351 1119 formis
379 1053 497 1116 Atticis
524 1050 672 1116 omnibus
695 1052 729 1115 in
754 1089 795 1100 -
823 1061 910 1117 estc
933 1057 965 1118 et
989 1091 1031 1103 —
1058 1063 1151 1122 ΕΩΝ
1174 1059 1360 1123 exeuntibus
1379 1078 1415 1121 re-

242 1149 396 1243 spondent
414 1155 534 1221 formae
554 1157 589 1220 in
605 1193 648 1205 -
665 1165 752 1220 AOC
764 1161 796 1222 ct
809 1195 851 1206 -
865 1168 979 1239 ΑΩΝ,
993 1160 1097 1226 veluti
1108 1163 1265 1239 Ἀμυθέων
1277 1199 1320 1212 —-
1334 1164 1415 1238 Ἀρο

242 1264 338 1336 θρίων,
360 1261 521 1338 Ἀλκμέων
540 1299 581 1309 -
599 1262 782 1340 Ἀλκμάων,
797 1264 954 1342 Ἀγέλεως
969 1303 1010 1314 -
1024 1263 1193 1345 Ἀγέλαος,
1208 1268 1276 1342 vade
1290 1305 1333 1318 -
1345 1269 1415 1352 cade,

242 1368 389 1449 μετοίορος
417 1367 586 1453 (μετήορος)
602 1367 806 1449 -ροετέωρος
829 1376 890 1436 oet.
1498 1357 1499 1384 l

288 1475 399 1559 Itaque
430 1475 458 1537 si
488 1471 689 1552 noeoeane
720 1479 768 1540 est
791 1477 937 1541 Atticum
962 1475 1058 1562 (quod
1070 1499 1166 1544 nemo
1188 1480 1327 1560 dubitat)
1347 1480 1416 1545 Ioni·

244 1602 318 1648 cum
351 1585 397 1644 est
426 1600 489 1644 non
519 1579 687 1660 Τυνδάρεως
717 1581 772 1646 aed
803 1586 859 1646 aut
890 1581 1067 1664 Tvvdolpcoc
1100 1591 1156 1649 aut
1186 1586 1355 1666 Tvvdclpnoe
1378 1585 1417 1673 (ut

246 1685 448 1767 Ἀμφιάρεως
462 1722 503 1735 -
516 1686 741 1770 Ἀμφιάρηος),
766 1687 849 1771 quod
872 1708 974 1753 nemo
988 1689 1072 1755 vidit
1092 1695 1124 1754 et
1146 1712 1241 1757 nemo
1263 1693 1388 1759 videbit.

289 1894 325 1962 Si
356 1899 427 1981 quis
458 1899 493 1960 in
521 1895 663 1962 Homero
694 1896 830 1984 legendo
859 1898 919 1962 hoo
950 1902 1024 1985 aget
1052 1898 1145 1984 plura
1176 1900 1215 1965 de
1237 1921 1349 1988 genere
1368 1902 1418 1965 hoc

246 2008 429 2090 reperturus
457 2007 521 2086 est,
552 2003 636 2068 unde
668 2008 724 2068 aut
753 2001 868 2078 mehor
897 2003 993 2070 lectio
1023 2004 1096 2070 elici
1119 2007 1219 2091 possit
1242 2011 1298 2072 aut
1319 2008 1419 2071 diacre
1500 2019 1501 2030 ¹

246 2113 351 2195 pantis
375 2109 548 2192 scripturae
571 2112 661 2197 origo
684 2113 802 2194 pateat.
841 2108 878 2173 In
899 2109 989 2176 Iliad.
1017 2121 1055 2176 0'.
1082 2111 1157 2177 635.
1182 2111 1258 2179 libri
1280 2114 1419 2198 discrepa-

245 2215 323 2280 bant
344 2217 379 2278 in
398 2214 462 2278 alic
482 2214 662 2294 ὃμΟςιχοὶει
683 2220 715 2280 st
734 2214 833 2292 ὁροΟΤ
847 2215 964 2298 sexcies.
980 2222 1164 2283 annotatur:
1189 2219 1419 2301 ὃμοςιχοὶειῑ

244 2314 482 2399 συμπορεύεωωι.
514 2319 674 2401 βάρβαρον
703 2321 736 2386 δέ
765 2326 859 2403 Φησιν
890 2319 969 2387 εἶναι
1003 2325 1081 2389 αὐτὸ
1116 2323 1280 2398 Διονύσιος.
1326 2322 1419 2390 Facile

243 2426 418 2492 oredimus:
444 2424 623 2506 ἐγέγραπτο
647 2428 678 2492 δὲ
702 2428 732 2491 ἐν
756 2435 821 2501 τοῖς
843 2437 991 2504 calceria
1017 2439 1155 2495 HOMO.

800 2668 871 2735 XV.

752 2869 921 2932 ΡΗΙΔΕΑ.

289 3061 354 3128 Seio
384 3063 468 3148 apud
498 3061 679 3128 Homerum
710 3066 758 3126 est
786 3059 866 3126 folda
899 3065 931 3124 ot
960 3056 1082 3124 sciebam
1113 3061 1211 3142 ορδερ.
1260 3059 1420 3126 Informis

242 3170 375 3256 perlecti
404 3168 490 3233 οὸῑδοι
519 3167 610 3233 nulla
640 3170 687 3232 est
717 3168 855 3231 varietas
885 3185 986 3250 neque
1012 3166 1223 3251 discrepantia
1245 3187 1343 3251 neque
1365 3164 1421 3228 dis·

244 3278 355 3342 sensio.
402 3275 493 3341 Ἑοῖδοο
524 3273 621 3339 habet
651 3272 751 3338 ορῖοθοο
783 3277 816 3337 et
845 3271 922 3336 οοῖδε
954 3270 1071 3352 (dualis
1100 3271 1177 3340 riser
1201 3270 1345 3357 exempla
1366 3288 1420 3334 non

248 3380 429 3465 occurrunt)
462 3384 494 3445 et
525 3379 644 3456 οίδμεν,
676 3378 737 3446 fter
768 3382 800 3442 et
829 3377 945 3442 ωὀοοσιν
978 3383 1009 3442 st
1038 3379 1072 3441 in
1094 3379 1286 3463 imperativo
1307 3376 1375 3442 rtcdr
1396 3375 1424 3436 et

244 3487 322 3556 fleo.
371 3484 488 3551 Omnes
519 3485 579 3550 hae
610 3483 748 3562 formae,
781 3503 861 3568 quae
892 3482 1073 3570 analogiam
1098 3488 1218 3549 certam
1241 3485 1421 3567 sequuntur,
1454 3504 1459 3520 ·

245 3569 364 3658 oertdm
388 3596 421 3656 et
444 3589 641 3676 exploratam
665 3591 783 3655 habent
806 3588 902 3655 fidem
925 3593 957 3654 et
980 3591 1174 3654 testimoniis
1192 3593 1325 3654 utuntur
1343 3589 1423 3652 extra

245 3717 373 3763 omnem
406 3699 652 3762 controversiam
683 3697 803 3781 positis.
851 3694 889 3759 In
917 3695 1225 3781 plusquamperfecto
1248 3696 1334 3777 ορδερ
1357 3691 1424 3756 sunt

244 3803 401 3868 librorum
425 3807 456 3867 et
480 3804 763 3890 grammaticorum
786 3803 868 3867 vitia
888 3805 920 3866 et
938 3813 1066 3868 errores.
1102 3801 1312 3867 Discernenda
1329 3800 1424 3885 igitur

245 3913 320 3974 sunt
347 3929 423 3975 vera
455 3914 487 3974 et
517 3911 656 3996 genuina
686 3907 824 3974 adalais
847 3912 879 3972 et
902 3908 1036 3974 vitiosis.
1083 3907 1205 3973 Probae
1229 3911 1261 3972 et
1283 3906 1423 3988 antiquae

244 4014 365 4078 formae
386 4014 446 4079 hae
468 4020 559 4079 sunt:

379 4120 482 4200 Fp‘tca
506 4125 538 4186 et
562 4125 634 4185 ante
657 4118 799 4186 vocalem
824 4119 909 4201 οῄδέ.

381 4227 478 4308 Filiae
504 4229 536 4291 et
559 4226 699 4308 ορδορσθοο.

380 4332 496 4417 Paltos,
520 4331 597 4412 addat
621 4336 749 4398 stante
772 4330 917 4398 vocalem
940 4331 1015 4416 rptde'
1038 4335 1094 4398 aut
1116 4328 1219 4416 νῄδεω.
