3052 4970
824 231 889 301 414

303 419 395 486 Iliad.
422 430 455 486 Z.
482 419 534 487 74.

483 529 583 592 Ἑίλοον
606 525 814 604 εἰσανέβησαν
838 530 1032 610 άναλκΕΙῃσι
1059 528 1221 608 δαμέντες.

302 631 405 696 Nihili
435 633 537 698 forma
568 637 616 697 esi
644 635 824 716 άναλκείῃσι
850 633 923 700 ficta
947 635 985 700 ab
1008 637 1050 699 iis
1073 639 1129 720 qui
1151 641 1256 701 mebro
1276 637 1361 700 esseni
1375 633 1410 696 ui-

256 740 360 801 mium
384 737 525 804 solliciti.
572 738 742 804 Habebunt
766 741 825 805 hoc
847 746 970 807 veteres
994 747 1152 820 cantores,
1174 747 1212 807 ut
1231 737 1411 806 huiuscemodi

255 845 404 908 metricas
424 844 627 911 difficultates
645 848 680 912 vi
699 847 873 912 domarent.
910 846 1019 913 Sicubi
1038 853 1086 912 est
1105 849 1212 915 brevis
1231 847 1337 916 vocalis
1350 846 1412 908 inber

258 949 336 1014 duas
358 949 470 1038 longas
494 951 634 1038 syllabas
657 953 797 1037 inclusa,
822 975 879 1039 pro
901 954 998 1042 longa
1020 959 1173 1034 utuntur,
1193 960 1230 1020 ut
1252 957 1284 1019 in
1304 948 1410 1025 ὑποδεξίη

255 1054 347 1120 Iliad.
373 1065 397 1121 1.
423 1055 477 1123 73.

436 1163 526 1228 πάσά
550 1187 595 1228 σοι
620 1163 680 1228 ἔσθ’
705 1164 863 1243 ὑποδεξίῃ,
890 1165 1014 1230 πολέσιν
1038 1167 1069 1231 δὲ
1094 1167 1264 1238 ιανάσσεις.

255 1270 300 1332 sic
331 1273 363 1332 eb
392 1271 427 1332 in
457 1270 620 1350 άναλκίῃσι
654 1269 803 1348 δαμέντες
836 1272 1067 1358 permultisque
1102 1274 1141 1340 de
1171 1285 1284 1360 genere
1310 1268 1410 1340 codem,

256 1393 393 1458 quorum
416 1374 570 1440 nonnulla
593 1397 759 1462 apponam.

300 1479 394 1544 Iliad.
419 1492 459 1546 A.
483 1481 560 1546 205.
586 1483 793 1562 ὑπεροπλίῃσι.

301 1597 335 1650 Β.
363 1584 438 1652 588.
463 1587 653 1670 προθυμίῃσι.

302 1690 360 1756 Od.
385 1717 410 1757 ν.
438 1692 512 1758 142.
540 1693 691 1775 άπιμίῃσι.

302 1823 334 1862 ιο.
359 1797 435 1864 251.
461 1799 612 1878 άπερνίῃς.

302 1906 483 1987 Ἀναλκίῃσι
515 1905 565 1970 bis
596 1908 631 1969 in
662 1903 840 1986 ἀναλκείῃσι
873 1904 1080 1989 depravatum
1114 1910 1162 1971 esi
1191 1905 1278 1971 Iliad.
1306 1914 1336 1966 P.
1357 1893 1412 1962 320·
1496 1947 1497 1964 .

300 2115 421 2180 Eodem
445 2134 547 2180 errore
569 2135 626 2201 pro
650 2114 780 2196 άίδρίῃσι
807 2119 839 2179 ei
863 2115 1053 2197 πολυίδρίῃσι
1078 2116 1229 2181 scribitur
1251 2113 1305 2179 0d.
1323 2132 1347 2173 a·
1367 2099 1414 2168 ΠΟ
1496 2095 1497 2110 ³

256 2226 288 2286 et
312 2219 388 2288 257.
420 2220 584 2305 άίδρείῃσι,
618 2225 650 2286 cl
680 2221 715 2298 β.
742 2219 818 2284 346.
851 2219 1057 2303 πολυϊδρείῃσι
1082 2225 1190 2286 contra
1213 2217 1376 2303 analogiam
1393 2211 1416 2270 θί

298 2348 365 2390 um.

256 2348 421 2497 usEadem
452 2428 599 2494 libertate
624 2435 735 2515 po'e'iao
758 2432 793 2494 in
817 2430 879 2504 ίςίῃ
906 2430 1048 2496 mediam
1072 2451 1129 2517 pro
1151 2431 1249 2518 longa
1268 2421 1414 2514 ponebant,

256 2542 288 2604 ct
320 2537 449 2602 omnino
481 2537 508 2600 si
545 2556 607 2619 qua
646 2542 727 2601 esset
764 2539 799 2600 in
845 2539 1010 2602 κοοοιοοοίιο
1047 2538 1150 2602 forma
1190 2532 1348 2601 difficultas
1374 2521 1415 2588 ali·

255 2663 317 2728 qua
348 2643 481 2706 metrica
511 2663 566 2726 por
596 2644 665 2709 vim
696 2645 949 2728 perrumpebant.
1007 2643 1083 2708 Tres
1116 2644 1228 2710 breves
1263 2638 1415 2705 continuau-

254 2753 307 2813 iur
330 2750 365 2812 in
388 2746 540 2819 άάάναπος
565 2747 744 2826 άκάμαπος,
772 2747 970 2825 άπονέεσὺαι,
993 2748 1170 2824 άπονέοντο,
1193 2749 1267 2834 quid
1283 2738 1345 2808 iiiii
1362 2753 1416 2822 p10¹

254 2856 375 2920 ducunt
407 2857 556 2939 primam.
613 2853 670 2918 Uo
709 2875 772 2919 non
803 2859 949 2940 poterant
979 2857 1082 2921 forma
1114 2855 1243 2932 Ζέλεια,
1273 2845 1414 2920 zazecca

255 2959 472 3038 Σκάμανδρος,
498 2960 560 3023 nisi
583 2965 621 3023 ut
644 2961 833 3044 praecedens
852 2961 958 3028 brevis
978 2961 1102 3048 syllaba
1121 2983 1184 3027 non
1204 2959 1346 3046 positione
1361 2965 1416 3033 pru

255 3067 432 3131 duceretur.
480 3061 552 3129 Non
576 3064 724 3130 dubitant
748 3067 838 3132 darc:

299 3183 333 3236 B.
357 3169 433 3235 824.
458 3164 484 3234 οἳ
508 3158 547 3234 δὲ’
564 3168 704 3235 Ζέλειαν.

299 3287 333 3341 Γ.
361 3275 435 3341 103.
461 3275 535 3344 raico
560 3277 697 3349 Ζελείης.

299 3395 332 3447 Β.
359 3380 436 3446 634.
464 3378 495 3446 οί
512 3406 548 3445 πε
573 3381 733 3446 Ζάκυνθον.

300 3513 317 3552 ι.
345 3487 398 3552 24.
425 3487 564 3562 ὑλήεσσα
588 3487 750 3560 Ζάκυνθος.

299 3605 339 3660 Τ.
366 3593 420 3661 74.
445 3593 475 3657 δὲ
501 3592 712 3673 Σκάμανδρον.

299 3710 335 3764 Φ.
362 3699 439 3764 124.
465 3699 552 3763 άλλά
578 3699 790 3779 Σκάμανδρος.

299 3804 375 3870 223.
399 3810 504 3868 ταῦτα
529 3805 738 3886 Σκάμανδρος.

300 3909 375 3974 305.
401 3910 465 3975 οὐδὲ
491 3912 702 3991 Σκάμανδρος.

300 4027 336 4081 Χ.
364 4015 438 4080 143.
464 4017 642 4082 ἀναΐσσουσι
667 4016 880 4098 Σκαμάνδρου.

300 4131 336 4186 Ζ.
362 4120 437 4186 402.
463 4123 614 4189 καλέεσκε
639 4121 860 4203 Σκαμάνδριον.

253 4230 340 4294 idem
362 4231 397 4291 in
420 4227 585 4307 σκέπαρνον
608 4230 785 4294 faciebant:

299 4361 324 4400 ε.
351 4333 427 4402 237.
454 4335 566 4400 ἔπειτα
590 4335 765 4414 σκέπαρνον.
