3080 4972
835 243 879 312 34

262 446 324 513 λοῖς
358 435 388 504 ὃν
420 438 480 518 zei
510 435 617 518 τρίπον
642 434 859 502 πολιτεύεσθαι
882 436 946 501 κτὲ.
994 435 1086 501 Unde
1110 435 1188 502 haee
1210 438 1372 524 irrepsisse
1390 455 1435 520 66-

261 543 387 610 temus?
426 543 534 609 Subiit
565 543 648 609 mihi
679 563 920 628 nonnumquam
953 543 1098 607 animum
1130 544 1284 630 cogitatio
1313 543 1436 607 haeret

262 649 310 715 his
344 649 465 715 similia
501 648 586 735 apud
619 648 868 715 Demosthenem
902 651 937 712 in
972 646 995 712 S
1032 649 1150 713 omissa
1185 669 1223 714 ex
1255 646 1437 733 Theopompi

261 764 457 826 Φιλιππικοῖς
488 758 522 820 16
545 757 692 842 margine
715 757 858 840 apposita
881 753 995 819 deinde
1019 758 1057 818 61
1082 751 1118 819 fit
1141 755 1176 819 in
1199 759 1326 820 textum
1349 773 1381 819 se
1400 754 1437 816 16-

262 865 412 928 61666666.
459 861 583 946 1666166
616 861 700 925 mihi
720 859 838 925 'loonm
868 881 943 947 pag.
977 857 1052 924 126.
1088 858 1118 923 1.
1143 859 1215 924 πίτε
1239 860 1296 938 μὲν
1319 859 1438 940 πέμψαν

261 969 332 1041 τοὺς
365 967 438 1046 μετ’
472 964 650 1046 Εὐρυλόχου
681 963 800 1043 ξένους,
833 965 929 1029 ποίλιν
963 965 995 1030 δὲ
1027 965 1097 1037 τοὺς
1121 965 1206 1043 aare
1230 965 1437 1046 Παρμενίωνος.

260 1073 417 1139 Η16166161
440 1078 487 1139 661
509 1073 587 1138 1666
610 1074 785 1137 minutiore
808 1092 1073 1149 commemorare,
1098 1093 1161 1138 non
1184 1075 1325 1138 oratoris.
1356 1071 1440 1136 Recte

223 1227 226 1235 ·
261 1181 364 1268 igitur
386 1180 465 1244 haec
488 1177 511 1243 S
534 1180 667 1243 omittit.
702 1178 752 1244 Ex
776 1198 838 1262 666
863 1177 942 1255 alio,
969 1198 1065 1263 quam
1090 1199 1129 1243 ex
1152 1177 1364 1264 Theopompo²
1386 1178 1439 1243 eius

261 1288 309 1350 rei
331 1286 447 1350 notitia
468 1283 591 1348 hauriri
614 1282 741 1369 potuit?

306 1495 512 1563 Remorenda
543 1499 591 1560 est
613 1495 824 1561 intolerabilis
845 1498 974 1583 negatio
998 1494 1096 1560 stulte
1118 1497 1255 1579 repetita
1277 1515 1350 1583 pag.
1374 1490 1439 1558 119.

264 1602 295 1668 4.
329 1601 406 1667 61λλ’
439 1602 499 1682 οὐχ
532 1601 605 1684 ὑπὲρ
639 1602 794 1668 Φιλίππου
825 1602 878 1666 καὶ
914 1599 951 1666 ὧν
982 1601 1094 1674 ἐκεῖνος’
1123 1599 1255 1681 προίττει
1286 1608 1337 1667 νῦν
1365 1598 1441 1684 [οὐχ]
1521 1687 1522 1690 ¹

265 1706 356 1783 οὕτως
384 1705 507 1791 ἔχουσιν
532 1711 564 1775 οὐ
589 1708 678 1788 μόνον
703 1709 763 1790 οὐχ
783 1705 933 1784 Ἕλληνος
957 1706 1038 1778 ὄντος
1052 1709 1184 1773 -61λλ’
1207 1708 1275 1773 οὐδὲ
1293 1704 1442 1786 persero

265 1816 399 1881 ἐντεῦθεν
422 1811 486 1880 ὅθεν
509 1815 604 1880 καλὸν
628 1815 732 1880 εἰπεῖν.

308 2028 389 2114 Pag.
423 2025 498 2091 122,
531 2026 561 2091 6.
593 2027 697 2091 ἐκεῖνον
731 2025 879 2099 Ζελείτνν
911 2026 982 2090 τινὰ
1005 2027 1151 2106 Ἄρθμιον
1175 2027 1280 2091 δοῦλον
1302 2019 1443 2104 βασιλέως

266 2127 311 2198 ίτι
332 2134 374 2210 τῷ
395 2130 526 2214 δεσπότῃ
545 2132 685 2197 διακονῶν
703 2134 827 2213 χρυσίον
848 2129 971 2209 ἤγαγεν
993 2133 1035 2206 είς
1057 2128 1444 2209 Πελοπόννησον-ἐχθρὸν

265 2237 365 2302 αὐτῶν
390 2236 587 2318 ἀνέγραψαν.
635 2237 688 2304 Sio
714 2237 802 2304 lorus
825 2237 980 2326 legendus
1004 2242 1051 2303 661
1075 2240 1175 2303 616616
1196 2237 1315 2323 puerili
1337 2235 1444 2302 addita·

263 2347 372 2409 mento
403 2346 487 2427 quod
518 2348 646 2410 servant
675 2343 751 2408 libri
783 2364 908 2414 omnes.
941 2346 996 2428 qui
1027 2348 1099 2429 post
1129 2343 1284 2422 βασιλέως
1318 2342 1442 2408 addunt:

269 2448 300 2536 [ἡ
330 2450 393 2530 γὰρ
425 2448 538 2514 Ζέλειιί
570 2450 614 2518 ε’ςι
646 2457 701 2525 τῆς
735 2449 875 2534 Ἀτίας].
908 2453 999 2534 66661
1030 2471 1105 2516 vero
1135 2452 1170 2515 id
1194 2452 1361 2535 qnisquam
1383 2452 1444 2511 tum

263 2557 415 2632 nesoiret,
447 2576 584 2639 namque
614 2555 744 2640 perinde
775 2560 823 2621 est
851 2576 886 2620 ao
910 2558 937 2620 si
960 2558 1032 2640 quis
1056 2555 1173 2621 dioeret
1201 2557 1234 2620 661
1260 2556 1323 2635 γὰρ
1348 2550 1445 2631 Θῆβαί

264 2661 322 2724 εἱσι
354 2666 420 2734 ‘reio'
442 2660 585 2732 Βοιωτίας
615 2661 668 2727 vel
693 2663 710 2736 ἡ
734 2662 910 2726 Μαντίνεια
933 2670 988 2736 τῆς
1013 2661 1193 2741 Ἀρκαδίας.
1239 2661 1402 2726 Praeterea
1422 2658 1446 2721 si
1521 2671 1522 2676 ’

266 2768 338 2852 quis
360 2771 599 2852 quammaxime
622 2768 678 2833 ubi
701 2767 845 2834 locorum
868 2770 885 2843 ἡ
910 2766 1023 2833 Ζέλεια
1047 2769 1109 2832 6116
1132 2787 1199 2832 6666
1219 2769 1370 2851 nesciret,
1391 2783 1446 2829 666

265 2892 332 2937 6666
355 2869 506 2938 Graeciae
529 2873 642 2939 urbem
665 2875 806 2939 sciebant
829 2894 938 2939 omnes
962 2875 1050 2939 etin
1077 2874 1181 2944 δοῦλος
1205 2873 1361 2951 βασιλέως
1384 2891 1445 2936 oon·
1521 2893 1522 2900 ¹

265 2979 356 3042 tinuo
379 2977 604 3065 intelligebant
626 2961 791 3044 hominem
814 2981 848 3043 in
871 2978 1000 3044 Perside
1023 2999 1089 3045 esse
1111 2983 1235 3044 natum.

312 3083 515 3169 Quamquam
539 3086 610 3169 quis
633 3088 757 3168 poterat
781 3083 911 3149 Ζέλειαν
932 3087 1079 3172 ignorare
1103 3087 1158 3169 qui
1179 3086 1217 3150 ab
1234 3087 1362 3151 1666616
1380 3100 1447 3168 666-

265 3191 341 3256 61116
363 3189 544 3256 Homerum
569 3190 752 3255 audiverat:

448 3288 476 3362 61
499 3297 530 3362 δὲ
553 3295 683 3361 Ζέλειαν
707 3294 803 3361 ἔναιον
828 3295 903 3360 ὑπα1
929 3295 1009 3362 πόδα
1034 3295 1152 3362 νείατον
1169 3297 1253 3372 Ἴδης

448 3402 567 3485 ἀφνειοί
593 3401 729 3475 πίνοντες
754 3399 827 3484 ὕδωρ
852 3400 953 3481 μέλαν
978 3403 1135 3477 Αἰσήποιο.

312 3613 392 3701 Peg.
419 3614 494 3679 125.
521 3614 552 3680 6.
577 3612 656 3689 λέξω
682 3615 708 3679 δ’
732 3611 811 3693 ἔργα
834 3605 856 3678 61
880 3611 996 3686 ποίντες
1020 3612 1144 3679 είοετίε.
1193 3615 1342 3680 Primum
1364 3608 1449 3677 offen-

269 3720 316 3784 dit
339 3717 419 3800 ἔργα
441 3723 524 3788 miro
547 3725 579 3786 et
597 3722 750 3786 inusitato
773 3739 835 3784 666
854 3722 1012 3805 positum,
1033 3720 1145 3786 deinde
1165 3719 1312 3786 futurum
1331 3715 1447 3784 είοεοίε.

268 3825 391 3891 Natura
421 3827 467 3890 roi
500 3831 532 3891 et
562 3825 687 3890 dicendi
717 3846 794 3891 usus
818 3824 863 3894 ίεε
886 3825 1038 3911 66616161.
1085 3827 1230 3892 Fortasse
1254 3828 1351 3892 dixit:
1375 3819 1447 3897 λέξοι

269 3929 294 3994 δ’
319 3925 340 3995 t
365 3930 481 4003 πάντες
505 3930 664 4000 ε’πίςατίε.

550 4023 558 4050 ί

311 4144 392 4232 Pag.
422 4141 498 4208 129.
524 4141 576 4208 16.
601 4142 666 4206 οὐδὲ
690 4144 774 4208 τοῦτ’
798 4141 935 4224 ἄχρειςον
960 4144 1022 4208 οὐδ’
1047 4143 1080 4207 αί
1104 4143 1210 4224 πέρυσι
1236 4145 1395 4224 πρεσβεῖαι
1419 4137 1449 4202 αἱ

269 4252 335 4331 περ1
359 4249 587 4322 Πελοπόννησον
608 4249 719 4313 ἐκεῖναι
746 4250 813 4333 [καὶ
839 4249 1058 4334 κατηγορίαι],
1083 4241 1120 4322 616
1145 4250 1205 4328 ἐγὼ
1229 4251 1281 4315 καὶ
1306 4248 1452 4315 Πολύευκ-

267 4382 318 4431 τος
344 4395 384 4405 -
410 4355 618 4437 περιήλθομεν.
667 4355 774 4420 Donoo
805 4357 883 4420 satis
913 4356 1069 4422 constabit
1099 4359 1288 4438 κατηγορίας
1313 4353 1450 4438 περιϊέναι
