3026 4970
639 260 705 330 265

216 452 240 520 εϊ
265 444 297 520 δέ
318 476 369 533 μοι
392 455 425 520 οὐ
449 451 598 520 Ἑεπίεσσ·
622 453 817 517 ἐπιπείσεται
841 453 916 517 ἀλλ’
940 453 1100 532 ἀλογήσει.

99 565 124 624 et
143 582 184 628 us.
210 559 286 627 176.

214 665 415 744 πανσάμενίν
439 670 467 733 σ’
493 667 616 732 ἕκέλενε
639 664 751 747 μάχης
776 665 826 742 ήδὲ
850 663 1015 743 πτολέμοιο
1042 703 1082 714 -

216 777 241 839 εϊ
266 774 297 839 δέ
319 784 370 841 For
395 777 428 840 οὐ
452 773 602 842 Ἑεπθεσσ
627 775 800 838 ἐπιπείσεαι
825 774 900 837 ἀλλ’
924 773 1104 849 ἀλογήσεις.
1176 802 1182 810 ·

132 881 215 948 Iliad.
240 891 285 946 Ω.
315 880 390 946 113.

214 988 379 1069 σκύζεσθαί
402 997 452 1054 For
477 989 569 1055 Ἑειπὲ
594 987 697 1061 θεοὺς,
724 986 778 1061 ἐμὲ
802 984 830 1049 δ’
857 983 954 1065 ἔξοχοι
979 985 1101 1052 πάντων

213 1092 373 1158 ἀθανάτων
397 1095 606 1173 κεχολῶσθαι,
630 1091 676 1157 ὅτι
701 1091 791 1170 Φρεσϊ
815 1090 1030 1176 μαινομένησιν

201 1197 323 1281 Ἕκτορ’
349 1197 416 1280 ἔχει
441 1200 528 1281 παρά
549 1198 633 1276 νηνσϊ
657 1201 805 1280 κορωνίσιν
828 1199 888 1262 οὐδ’
911 1197 1077 1264 ἀπέλυσεν.

94 1307 120 1366 et
136 1325 177 1370 vs.
204 1304 279 1370 134.

213 1411 377 1491 σκύζεσθαι
402 1412 450 1477 σοί
473 1416 551 1494 φησι
576 1413 657 1483 θεοὺς
683 1411 737 1477 eri
762 1410 786 1473 δ’
810 1407 907 1490 ἔξοχα
931 1410 1054 1477 πάνσων

211 1516 373 1582 ἀθανάτων
399 1518 611 1596 κεχολῶσθαι,
636 1513 682 1580 ϊτι
706 1517 795 1596 Φρεσϊ
820 1517 1035 1596 μαινομένῃσιν

198 1623 320 1703 Ἕκτορ’
345 1607 429 1704 ἔχεις
454 1623 541 1702 παρά
562 1622 645 1696 νηνσϊ
671 1621 819 1701 κορωνίσιν
844 1621 907 1686 οὐδ’
932 1622 1107 1714 ἀπέλυσας.

129 1729 173 1793 Ad
195 1729 276 1794 hane
299 1728 408 1794 luoem
432 1728 645 1814 contemplere
669 1728 753 1794 mihi
776 1727 883 1792 locum
904 1729 989 1793 huno
1009 1729 1100 1795 Iliad.
1123 1740 1166 1795 Ω.
1193 1731 1267 1799 152.

212 1835 291 1914 μηδέ
315 1836 347 1900 τί
369 1845 420 1902 For
446 1835 575 1906 θάνατος
598 1833 719 1911 μελέτω
745 1835 835 1915 Φρεσϊ
860 1834 938 1911 μηδὲ
961 1858 991 1898 τι
1015 1835 1147 1916 τάρβος·

212 1950 293 2006 τοῖον
317 1941 379 2022 γάρ
403 1951 454 2008 For
479 1944 601 2020 πομπὸν
625 1940 801 2019 ὀπάσσομεν
824 1940 1050 2022 ἀργεϊφόντην,

214 2045 245 2123 ὃς
270 2045 338 2123 ἀξει
364 2044 431 2120 εἵως
455 2073 505 2112 κεν
525 2045 611 2127 ἀγων
636 2050 771 2128 Ἀχιλῆϊ
793 2048 946 2129 πελάσση.

90 2151 193 2236 quibus
218 2153 258 2220 ed
281 2154 417 2220 verbum
440 2153 630 2239 respondent
652 2154 730 2218 hoec
753 2175 801 2219 vs.
829 2151 904 2219 181.

214 2258 293 2340 μηδὲ
317 2261 349 2324 τί
372 2284 418 2325 τοι
443 2260 571 2330 θάνατος
596 2258 718 2338 μελέτω
743 2259 833 2340 Φρεσϊ
859 2259 937 2336 μηδέ
961 2285 990 2325 τι
1015 2260 1145 2343 τάρβος·

213 2374 293 2437 τοῖος
316 2365 378 2446 γάρ
402 2389 447 2430 τοι
473 2367 595 2444 πομπὸς
620 2362 680 2442 ἀμ’
704 2361 817 2445 ἕψεται
842 2364 1066 2447 ἀργεϊφόντης,

213 2470 245 2546 tr
272 2474 304 2537 C'
328 2471 396 2549 ἀξει
420 2469 485 2544 εϊως
510 2497 560 2536 κεν
581 2470 667 2548 ἀγων
691 2474 830 2553 ’Λχιλήϊ
851 2471 1005 2554 πελάσση.

126 2577 235 2644 Nonne
265 2577 337 2644 luee
369 2577 485 2644 elarius
516 2582 565 2644 est
594 2583 632 2641 ut
661 2577 721 2642 hoo
750 2577 819 2643 loeo
844 2576 874 2649 θς
901 2589 951 2644 ce
974 2577 1042 2655 ἄξει
1068 2581 1199 2658 dicitur,
1224 2586 1269 2650 sie

87 2681 138 2747 iiio
168 2680 198 2756 θς
221 2693 274 2751 PE
299 2682 366 2758 ἀξει
393 2685 517 2749 dietum
541 2681 656 2748 fuisse?
691 2683 833 2748 Etiditur
858 2687 1026 2770 utrobique
1051 2687 1186 2754 voeatis:
1210 2693 1270 2757 ito·

88 2809 141 2873 que
163 2789 223 2856 hoe
245 2791 315 2857 loeo
339 2787 369 2864 ϊς
397 2790 429 2855 C’
451 2788 518 2865 ἀξει
538 2794 622 2856 reete
642 2790 810 2865 scribitur,
831 2791 885 2856 sed
906 2790 991 2864 illie,
1012 2795 1086 2876 quia
1105 2795 1271 2882 digamma

87 2915 143 2959 non
171 2903 331 2982 superest,
354 2894 484 2961 nullum
507 2898 703 2983 pronominis
725 2896 881 2962 indicium
904 2902 952 2964 ost
974 2898 1124 2964 relietum
1148 2907 1179 2965 et
1203 2922 1270 2968 ver-

86 3020 135 3066 sus
156 3002 318 3084 ἀκέφαλος
345 3002 611 3068 circumambuiat

253 3093 324 3175 “OC
348 3108 416 3185 ἀξει
441 3107 507 3183 εϊως
531 3135 582 3176 κεν
607 3107 692 3187 ἀγων
717 3112 851 3192 ’λχιλήϊ
873 3108 1027 3194 πελάσση.

126 3211 225 3280 Nullo
253 3217 356 3302 igitur
385 3237 546 3302 superesse
578 3221 684 3302 potest
715 3216 873 3282 dubitatio
906 3219 983 3301 quin
1013 3238 1088 3284 vera
1115 3220 1272 3306 scripture

84 3319 139 3382 sit:
163 3317 193 3392 ἀς
218 3328 252 3388 Ρ
276 3320 363 3398 ἀξει,
390 3328 422 3388 et
444 3323 526 3388 nihii
550 3322 689 3408 amplius
714 3326 762 3387 est
786 3321 1008 3388 molestiarum
1026 3341 1128 3408 neque
1149 3328 1184 3390 in
1203 3345 1272 3393 son·

85 3427 181 3492 tentia
204 3450 305 3515 neque
328 3431 363 3493 in
386 3433 499 3495 metro.

125 3531 245 3600 Eodem
269 3536 365 3601 modo
388 3535 475 3600 idem
498 3555 672 3621 pronomen
695 3535 825 3621 periisse
850 3536 991 3620 suspicor
1013 3545 1053 3601 Π.
1079 3536 1156 3606 545.

239 3649 341 3707 κεῖται
366 3640 534 3720 Σαρπηδών
558 3625 601 3690 -”-

238 3746 345 3822 ἀλλά,
371 3749 475 3829 Φίλοι,
501 3747 641 3829 πάρςητε
666 3748 870 3825 νεμεσσήθητε
896 3746 927 3811 δὲ
951 3748 1033 3829 θνμῷ

239 3855 282 3931 μή
300 3852 369 3946 ἀπὸ
392 3851 500 3933 τεύχε’
525 3849 652 3919 ἕλωνται
677 3854 870 3936 ἀεεικίσσωσι
894 3853 924 3918 δὲ
949 3855 1059 3935 νεκρθν.

82 3955 237 4024 sententia
266 3957 424 4044 postulat:
458 3959 502 4037 μή
533 3984 586 4038 μιν
618 3960 681 4024 ἀπὸ
705 3959 813 4042 τεύχε’
837 3957 987 4040 ἕλωνται,
1015 3969 1053 4028 ut
1075 3974 1111 4029 X.
1140 3963 1190 4031 18.
1216 3968 1271 4046 ἐμὲ

80 4065 136 4140 μὲν
160 4063 250 4143 μέγα
275 4065 362 4138 κῦδος
385 4065 530 4148 ἀφείλειε
561 4086 635 4153 ergo
655 4065 909 4132 rescribendum:

421 4172 465 4249 μή
490 4173 525 4238 Ρ
551 4173 614 4236 ἀπὸ
634 4169 742 4252 τεύχε’
765 4169 905 4237 ἕλωνται.

54 4311 57 4316 -
123 4275 249 4342 Iterum
272 4297 445 4364 pronomen
467 4278 556 4344 idem
578 4299 617 4344 ex
640 4277 719 4365 fuga
741 4279 966 4344 retrahendum
991 4300 1058 4347 esse
1082 4283 1216 4350 arbitror
1238 4285 1273 4351 in

82 4379 225 4467 Odyssea
247 4407 278 4449 α.
304 4381 382 4450 204.
