3034 4968
819 229 863 298 94

249 420 365 488 Fuerd
400 422 817 497 ννατελνθησανΤΕΛΕΩΟ,
850 420 946 506 idque
976 413 1194 506 reponendum
1225 416 1415 493 κατελύθησαν

249 527 373 598 τελέως.

293 655 340 700 vs.
375 632 427 699 36.
453 632 687 720 Aelsstaaipei)
713 630 820 700 Oouex
843 637 875 698 et
897 631 1073 698 Kramerus
1098 631 1233 698 solemni
1254 651 1350 698 errore
1370 650 1416 716 pro

248 740 417 821 λντανδρεῖ.

725 859 884 927 Oolumna
906 859 963 925 ΠΙ.
1000 893 1005 903 ,

292 1097 338 1142 vs.
378 1075 408 1139 5.
445 1071 523 1142 Ood.
557 1073 730 1138 τοδεταλαν
765 1072 889 1160 (decem
922 1071 1034 1138 literae
1064 1074 1241 1159 perierunt)
1275 1064 1417 1138 τνντνῖλν*

248 1183 516 1256 αυτννκαλενσθαν.
561 1179 610 1245 Kr
656 1181 690 1243 τὸ
726 1179 757 1244 δὲ
793 1179 929 1243 ταλανὸν
965 1177 1175 1257 ἑκατόμταλίν
1208 1184 1305 1260 Φατνν
1338 1177 1417 1251 αὐτὴν

249 1291 422 1354 καλεῖσθαι.
476 1286 514 1351 In
536 1283 651 1352 (lodice
673 1285 794 1350 fuerat:
818 1279 1365 1369 ταδνταλαν(ννφασννεκα)ταντνῖλνν.

293 1414 341 1459 vs.
367 1392 419 1458 10.
445 1389 521 1458 Ood.
547 1413 864 1470 κατετνσταραυτννσ.
889 1390 946 1454 Kr.
971 1393 1044 1470 παρ’
1068 1394 1172 1464 αὐτοῖς
1198 1392 1270 1456 κατ’
1295 1388 1366 1464 ἔτος.

293 1521 340 1565 vs.
379 1497 433 1563 34.
466 1494 542 1563 (lod.
579 1520 732 1577 ντωρνανς.
770 1497 829 1562 Kr.
868 1498 1028 1575 ὑπωρείαις
1063 1497 1189 1564 Passim
1222 1500 1318 1564 etiam
1349 1513 1418 1560 nunc

249 1604 333 1691 apud
358 1603 548 1670 Strabonem
569 1613 582 1667 1
605 1603 754 1668 scribitur
776 1604 834 1668 ubi
860 1610 898 1667 el
923 1608 990 1668 erat
1013 1604 1233 1682 scribendum,
1258 1608 1290 1670 et
1311 1606 1415 1676 contra,

246 1717 284 1777 ut
308 1731 403 1797 supra
427 1711 591 1796 ἐλεγΙΑΝ.

290 1926 359 1991 Iam
383 1932 421 1991 tu
445 1925 533 1990 vides
554 1923 638 1989 nihil
660 1925 695 1988 in
717 1924 768 1988 his
788 1925 889 1988 inesse
912 1922 996 2006 quod
1015 1922 1094 1988 laeti
1114 1928 1146 1988 et
1165 1925 1252 2011 grati
1271 1945 1290 1989 a
1307 1924 1416 1988 vetusto

245 2031 327 2096 libro
351 2032 563 2115 accipiamus,
588 2028 671 2093 nihil
696 2029 780 2114 qnod
800 2028 896 2094 faciat
918 2029 959 2093 ad
978 2026 1168 2096 Strabonem
1188 2028 1416 2095 emendandum.
1501 2077 1502 2096 ἶ

245 2138 282 2201 In
304 2136 387 2201 libro
410 2135 457 2201 IX
481 2134 636 2219 quidquid
659 2155 677 2199 a
700 2133 843 2222 vulgetis
863 2133 1020 2218 discrepat
1040 2137 1195 2202 vitiosum
1215 2139 1264 2200 est
1282 2137 1346 2200 sine
1363 2130 1419 2198 ulla
1501 2123 1502 2156 l

246 2245 446 2326 exceptione:
483 2247 723 2321 moturemoture
758 2261 814 2326 pro
845 2231 878 2311 ἣν
909 2243 1028 2320 πρώτην
1063 2239 1203 2323 ἔφαμεν,
1238 2242 1418 2306 everelmus

245 2369 302 2435 pro
322 2348 525 2425 σνντνθενσῶν,
548 2369 724 2425 κερρννησων
747 2367 803 2432 pro
826 2348 1028 2428 χενρννήτων,
1054 2348 1254 2428 mamaea
1272 2367 1417 2435 prospor-

245 2458 383 2527 τιθεῖσα,
426 2448 978 2532 τρντννδῆταυτνντροσλαμβανουσνν
1014 2474 1070 2538 pro
1117 2455 1202 2534 τρίτη
1249 2453 1275 2518 δ’
1310 2455 1325 2528 ἡ
1358 2449 1418 2530 epte

245 2561 345 2641 ταύτῃ
377 2557 675 2638 προσλαμβάνοντα.
722 2557 876 2647 Indignae
908 2567 1089 2625 memoratu
1123 2564 1198 2625 sunt
1228 2560 1288 2625 hae
1321 2575 1417 2624 omnes

245 2669 433 2740 mulctatos,
468 2670 501 2730 et
530 2667 598 2730 sine
629 2665 744 2730 damno
775 2665 854 2730 haec
885 2687 958 2751 pars
980 2665 1180 2752 palimpseati
1203 2662 1330 2731 Codicis
1351 2663 1418 2729 olim

244 2774 346 2859 perire
369 2773 537 2856 potuisset

289 2878 326 2942 In
354 2877 498 2965 longiore
521 2877 700 2965 fragmento
724 2877 799 2942 libri
822 2875 898 2942 VIII
921 2877 998 2962 quid
1019 2877 1103 2942 lucri
1124 2874 1282 2943 fecimus?
1323 2873 1419 2942 Sicubi

245 2981 352 3050 (lodex
382 3005 400 3048 a
431 2983 565 3072 vulgata
595 2985 751 3068 scriptura
780 2983 914 3048 discedit
944 2986 1071 3047 tantum
1102 3002 1165 3048 non
1188 2985 1296 3048 omnia
1317 2979 1420 3047 menda

245 3094 319 3156 sunt
343 3110 439 3174 eaque
462 3088 641 3153 futilissimi
666 3090 792 3175 generis
816 3093 848 3153 et
870 3087 942 3152 luce
964 3088 1107 3176 indigna.
1140 3088 1291 3154 IluerItne
1314 3091 1347 3153 in
1369 3084 1418 3152 col.

243 3195 285 3262 II.
320 3196 350 3263 2.
382 3215 457 3261 vera
489 3194 584 3259 lectio
612 3194 627 3269 ἢ
654 3194 819 3270 exuperio
843 3193 1017 3258 admodum
1039 3196 1197 3258 incertum
1220 3199 1286 3274 est,
1311 3199 1342 3260 et
1363 3195 1421 3258 sine

243 3299 370 3369 Oodicis
393 3299 514 3368 auxilio
533 3299 691 3364 Porsonus
714 3297 879 3364 Strabonis
902 3320 1034 3365 manum
1058 3302 1206 3386 repperit.
1242 3299 1281 3366 In
1303 3299 1421 3366 enciens
1498 3331 1499 3336 ν

242 3407 325 3473 nihil
344 3413 393 3473 est
414 3406 498 3491 quod
521 3407 679 3490 suscipere
698 3403 778 3469 velis
796 3411 920 3490 praeter
942 3407 1003 3470 hoc
1025 3424 1134 3490 uuuu,
1156 3403 1287 3472 utOol.
1311 3406 1351 3472 Π.
1376 3402 1419 3468 18.

241 3512 368 3601 legatur
389 3512 604 3586 κατελύθησαν
628 3509 758 3585 τελέως,
783 3511 840 3575 ubi
864 3514 980 3576 caeteri
1002 3512 1078 3577 libri
1101 3514 1212 3586 τελέως
1238 3515 1395 3578 omittunt.

287 3720 303 3785 Ι
331 3744 416 3788 nunc
445 3726 478 3789 et
508 3724 598 3789 crede
627 3722 753 3788 Editori
784 3723 916 3787 dicenti:
954 3723 1020 3799 „da
1045 3724 1209 3807 deotperto
1230 3724 1265 3788 di
1288 3747 1329 3788 ανν
1351 3719 1419 3786 auti·

241 3827 375 3892 ctissime
405 3835 477 3893 tecto
508 3829 587 3893 dello
620 3830 776 3913 Geoqropto
806 3830 839 3892 da·
868 3830 1009 3892 Strabone
1037 3827 1053 3892 ἒ
1084 3830 1118 3893 di
1144 3831 1209 3894 olto
1230 3830 1419 3914 trapeam,

240 3955 300 3997 αννν
330 3935 391 3998 aab)
404 3955 472 4018 ‘per
499 3935 546 4016 pli
574 3936 657 3999 audi
687 3935 805 3998 classici
836 3957 851 3998 c
872 3935 1023 4018 filohya'cc'
1054 3937 1096 3998 od
1117 3945 1250 3999 occertor
1273 3938 1305 4000 lo
1321 3927 1420 4018 mat

239 4041 292 4104 det
313 4046 399 4116 tecto,
425 4062 474 4102 mc
496 4039 630 4104 eaioadio
649 4064 705 4124 per
727 4041 821 4126 quelli
840 4040 999 4124 yeopraficc'
1022 4063 1038 4104 c
1060 4041 1193 4105 ctorici.''

284 4145 334 4210 Ne
367 4145 501 4210 verbum
536 4145 666 4229 quidem
695 4149 730 4210 in
759 4147 812 4211 his
844 4167 958 4212 verum
992 4150 1041 4211 est
1073 4152 1105 4212 et
1135 4167 1242 4212 merae
1273 4151 1345 4212 snnt
1367 4146 1419 4209 hae

239 4252 359 4317 indocti
393 4251 533 4316 bominis
562 4250 844 4334 hallucinationes,
876 4258 913 4317 nt
943 4254 976 4316 in
1002 4272 1076 4317 eum
1108 4256 1275 4320 conveniat
1304 4251 1419 4316 dictum

239 4356 384 4426 ucenae
405 4355 445 4422 ad
466 4356 598 4460 fratrem
621 4361 858 4445 aegrotantem:
