3096 4972
207 443 301 529 ptine
329 441 521 526 repetitarum
543 449 571 506 et
593 447 754 526 opportune
776 440 1018 526 interpositae-nn
1039 441 1166 525 mirifice
1187 441 1329 519 ιθκθικθαθ,
1354 439 1407 504 eod

213 556 243 614 ot
258 550 463 637 popularitate
486 556 573 634 atque
594 548 738 612 νανῖιθαθιι
760 547 921 628 nnaqinonn
945 555 973 612 et
990 547 1152 611 diationrun
1175 549 1273 632 capit:
1291 570 1349 634 quo
1369 548 1407 610 de

209 678 317 739 qenere
346 662 389 720 eet
420 655 567 721 auulsum
596 673 742 720 exserens
772 654 913 737 scorpius
943 657 976 717 et
1005 653 1170 718 sublatum
1200 674 1277 720 eum
1308 655 1407 717 minis

213 763 453 838 circumferens,
485 761 554 824 ν’θακ
584 756 902 840 σννδιαβαπτθζεσθαι
929 765 957 822 et
980 758 1147 838 μισχεθειν
1171 767 1201 823 ot
1222 780 1406 839 τεταριχευ-

212 865 302 945 μένος
325 868 443 952 aliaqne
461 866 509 930 lie
526 865 652 950 sinilia,
673 888 749 951 quae
767 866 819 951 qui
833 863 966 946 Φιρτικθ
984 864 1088 950 nituit,
1101 888 1212 948 porum
1232 867 1314 930 abeat
1332 865 1408 950 quin

213 995 263 1055 eqo
289 973 368 1036 aian
390 972 522 1054 θκεθραε
543 978 572 1034 et
594 970 778 1057 eloquentiae
799 977 937 1034 naturam
960 970 1100 1051 iquorare
1119 978 1220 1054 poetae
1244 973 1278 1035 in
1301 973 1408 1035 unbra

208 1079 484 1161 quamnatioooun,
514 1077 566 1161 qui
598 1100 663 1140 enne
686 1100 744 1160 per
773 1099 883 1140 omnem
915 1083 1038 1140 aetaten
1069 1077 1151 1140 nilil
1175 1100 1236 1142 non
1259 1078 1408 1142 minutum

212 1207 305 1270 neque
327 1183 459 1246 ieiunum
479 1182 654 1265 eoqitorint,
667 1182 815 1265 Jlaqitare
833 1184 943 1246 audent
962 1189 995 1246 ut
1015 1190 1145 1247 nostrum
1165 1189 1194 1247 et
1213 1185 1251 1246 ele
1270 1183 1407 1248 oratione

213 1298 241 1355 et
264 1291 301 1354 ote
323 1289 452 1353 dictione
473 1288 619 1350 iudicium
642 1289 778 1352 sordidus
801 1311 899 1352 eornm
917 1288 1187 1352 aoeonneodenue.’'
1233 1289 1405 1354 Eximium

213 1397 299 1461 hune
321 1396 429 1461 laeum
452 1396 513 1459 etsi
535 1392 645 1478 paullo
667 1393 846 1482 longiorem
869 1415 929 1460 non
955 1415 1028 1459 sum
1051 1399 1204 1482 gravatus
1229 1395 1408 1461 describere

215 1503 402 1588 praesertim
425 1503 460 1565 in
482 1502 646 1577 iuniorum
669 1502 828 1586 gratiam,
852 1505 889 1565 ut
912 1502 986 1566 inde
1004 1501 1127 1566 ducant
1144 1506 1283 1567 oratores
1299 1501 1410 1589 legere

215 1613 247 1673 et
277 1608 479 1692 interpretari
509 1605 610 1690 deque
633 1625 742 1670 eorum
766 1607 892 1691 seriptis
915 1605 995 1672 ferre
1018 1608 1219 1672 sententiam.
1267 1606 1411 1691 Lepidus

214 1718 262 1778 est
289 1712 440 1778 Reiskius
463 1718 525 1782 τοῖς
548 1719 781 1791 γραμματικοῖς
805 1710 1099 1792 exoneratione,
1125 1733 1203 1797 quos
1225 1712 1349 1778 multos
1375 1714 1411 1776 in

213 1822 283 1905 vita
307 1823 339 1884 et
360 1816 571 1898 μικραψθχοιις
597 1817 770 1883 admodum
793 1823 825 1884 et
848 1820 882 1883 in
902 1839 935 1883 se
952 1820 1135 1904 periniquos
1155 1822 1306 1904 expertus
1325 1822 1410 1882 erat:

215 1921 294 2000 ianr
315 1923 342 1988 δ’
366 1925 398 1988 ιθ
424 1921 539 1994 πάντες
563 1921 661 1988 κακνθ.

260 2115 411 2198 Studium
442 2132 525 2197 illud
557 2131 798 2218 popularitatis,
829 2155 909 2219 quae
941 2155 1004 2199 non
1023 2119 1132 2200 minus
1166 2138 1200 2199 in
1224 2136 1411 2210 sententiis,

216 2241 433 2325 argumentis,
464 2239 619 2324 exemplis
650 2244 683 2304 et
712 2241 1001 2325 comparationibus
1024 2262 1063 2305 ex
1086 2244 1172 2305 vitae
1195 2261 1257 2305 usn
1278 2242 1408 2326 petitis,

216 2365 312 2430 quam
343 2345 379 2406 in
409 2343 547 2409 dictione
575 2350 607 2410 et
637 2347 742 2412 verbis
766 2347 922 2422 cernitur,
947 2345 1033 2411 idem
1058 2352 1188 2431 apparet
1208 2349 1243 2411 in
1267 2348 1410 2410 oratione

215 2451 287 2514 κατ’
319 2448 556 2529 Ἀριςιγεθτιννς
588 2457 682 2536 atque
712 2454 747 2515 in
775 2453 817 2515 iis
847 2472 928 2535 quae
956 2455 1064 2517 nostra
1086 2455 1244 2517 memoria
1267 2455 1410 2536 repertae

215 2562 291 2622 sunt
322 2557 393 2635 ὑπὲρ
421 2555 615 2632 Εὐξενίππον
638 2562 671 2622 et
694 2560 844 2642 caeteris,
868 2578 946 2643 quas
971 2579 1037 2622 esse
1060 2557 1262 2643 Hyperideas
1286 2560 1409 2638 constat

214 2665 298 2728 inter
338 2682 458 2728 omnes.
529 2663 575 2728 Ut
610 2663 836 2749 Euxenippum
872 2663 1040 2728 defendens
1075 2666 1121 2728 sie
1156 2662 1298 2728 orditur:
1335 2662 1407 2724 ἀλλ’

215 2766 336 2852 ἔγωγε,
369 2763 390 2831 ὦ
422 2766 526 2846 ἄνδρες
559 2768 699 2843 δικαςαῖ,
732 2765 805 2848 ὅπερ
837 2769 889 2832 καὶ
921 2768 993 2848 πρὸς
1026 2767 1095 2840 τοὺς
1130 2767 1405 2848 παρακαθημένους

215 2875 324 2954 ripaltae
361 2871 489 2951 ἔλεγον,
526 2873 673 2956 θαυμάζω
710 2877 734 2940 ri
753 2877 815 2952 vnii
851 2875 1051 2955 κρνσθςανται
1086 2877 1157 2954 ὑμῖν
1193 2877 1226 2939 αῖ
1265 2880 1402 2939 τοιαῦται

215 2980 436 3065 εἰσαγγελίαι,
460 2983 506 3045 sio
529 2982 781 3067 Aristogitonem
806 3003 954 3048 accusans
975 2985 1022 3046 ita
1039 2983 1170 3067 ineipit:
1191 2979 1294 3046 πθλαι
1315 2979 1400 3054 καθή-

215 3108 321 3164 μενος,
353 3081 374 3150 ὦ
406 3084 509 3166 ἄνδρες
543 3085 685 3165 tenuent,
711 3087 763 3152 uui
789 3093 1027 3167 κατηγοροῦντος
1053 3088 1169 3152 ἀκούων
1194 3083 1294 3166 ὥσπερ
1320 3088 1399 3161 ὑμεῖς

214 3191 393 3272 Λυκούργου
417 3185 448 3256 ἓν
471 3193 659 3270 τεθαύμακα
682 3195 746 3259 nrt.
794 3194 879 3275 Quid
902 3193 1001 3259 simul
1024 3197 1131 3260 verius
1156 3198 1205 3258 est
1228 3198 1261 3258 et
1281 3190 1400 3257 eviden-

215 3301 280 3363 tius
305 3318 408 3382 ¹quam
439 3298 522 3382 quod
553 3301 662 3364 statim
697 3300 736 3364 ab
766 3302 858 3365 initio
888 3301 985 3365 dixit:
1019 3301 1171 3379 κεκρίσθαι
1204 3299 1239 3363 τὸ
1271 3301 1397 3378 πρᾶγμα

215 3401 317 3468 notter
351 3403 408 3469 ὑπὸ
439 3413 494 3478 rie
526 3402 638 3473 ἕκθςου
663 3405 803 3486 Oineon:
824 3399 977 3491 ¹quidquid
998 3407 1101 3469 dicam
1124 3411 1308 3469 ασκκναθοναε
1327 3400 1401 3464 nilil

205 3511 317 3596 faeere
347 3513 389 3574 od
414 3533 494 3575 ren:
526 3511 552 3574 εἰ
584 3509 642 3589 μέν
671 3512 744 3574 cion
777 3513 858 3588 ὑμῶν
889 3513 915 3576 oi
946 3520 1067 3580 πλεῖςνι
1097 3506 1149 3576 olor
1172 3510 1244 3583 τοὺς
1268 3508 1399 3587 πονηροὺς

214 3621 318 3698 Φιλεῖν
341 3617 488 3700 (inquit),
512 3618 606 3679 nullo
629 3617 717 3680 neela
736 3617 933 3702 nequidquam
944 3619 1120 3702 perdemus,
1142 3617 1166 3681 εῖ
1180 3616 1206 3680 δ’
1220 3611 1271 3681 olor
1291 3618 1398 3693 μισεῖν,

213 3724 295 3786 laneo
319 3721 466 3806 inqonolue
488 3722 573 3785 tobit
593 3720 733 3805 poenae.''

259 3827 317 3893 Est
347 3829 619 3913 operaepretium
646 3848 683 3893 ea
705 3833 793 3912 quae'
809 3827 990 3914 Hyperides
1014 3833 1104 3894 euute
1128 3827 1302 3894 admodum
1324 3825 1399 3890 dixit

215 3933 282 4013 περὶ
306 3941 361 4006 τῆς
387 3931 468 3996 ε’νθων
492 3936 710 4018 dehonoratione
735 3954 921 4019 componere
941 3955 1014 3999 oum
1035 3934 1245 4020 Theophrasti
1264 3954 1328 4019 cap.
1348 3927 1396 3994 29.

215 4040 272 4104 ubi
296 4039 413 4103 dieitur
436 4039 449 4102 i
473 4038 675 4120 Φιλνκθννρος
698 4043 730 4104 in
755 4039 887 4105 oonsilio
909 4041 1019 4106 sedens
1043 4041 1115 4122 πρὸς
1136 4040 1206 4110 τοὺς
1230 4037 1398 4120 παρακαθι-

215 4143 323 4222 μθνονς
354 4145 450 4208 εἰπεῖν
483 4144 580 4217 δεινθς“
603 4147 642 4218 ὡς
665 4147 697 4211 ιθ
722 4145 771 4210 δεῖ
790 4145 841 4210 τὸν
865 4144 959 4226 ἄνδρα
984 4147 1073 4210 αλλὰ
1096 4146 1130 4212 ri
1156 4149 1293 4224 πρᾶγμα
1315 4141 1396 4222 κρίνε-

216 4249 301 4313 σθαι·
337 4247 389 4312 καὶ
424 4256 525 4325 diaeo
560 4251 654 4317 αὐτὸν
689 4251 766 4317 κθνα
800 4247 877 4317 εἶναι
908 4257 962 4316 τοῦ
993 4253 1108 4331 δήμου,
1139 4249 1311 4334 <venirene
1339 4245 1394 4324 nit

218 4352 312 4419 αὐτὸν
335 4353 406 4425 τοὺς
429 4354 625 4427 ἀδικοῦντας·
651 4357 703 4421 καὶ
730 4358 826 4424 εἰπεῖν
849 4361 888 4431 oie
913 4359 1002 4441 „aix
1025 4357 1133 4439 ἔξιμεν
1156 4359 1226 4432 τοὺς
1251 4357 1321 4435 ὑπὲρ
1342 4353 1396 4416 riu
