3034 4970
682 281 683 285 Ν
794 162 860 253 aaa

266 353 439 441 tordidum
469 371 504 438 id
533 372 642 441 risum
673 372 875 442 Aristarcheo
905 375 1011 442 nescio
1041 375 1113 451 cui,
1148 375 1206 461 qui
1236 373 1404 444 annotarit}
1493 363 1494 428 Ῑ

223 482 423 548 ἐπαιτιῶνται
455 478 486 544 δὲ
516 480 629 551 αὐτοὺς
661 479 687 544 οἱ
719 477 858 560 ἡμέτεροι
889 480 928 568 (oi
959 479 1180 569 Ἀριτοὲρχειοι)
1211 483 1251 554 ὥς
1274 483 1404 562 ατρετῶς
1493 531 1494 576 ;

224 587 277 652 καὶ
309 587 395 668 παρὰ
423 584 466 651 τοὶ
494 583 642 667 πρόσωπα
674 585 716 657 εἷς
742 587 875 670 κρεᾴδιον
906 585 972 674 (καὶ
1004 585 1129 666 οἰνοὶριον
1153 587 1228 652 addi
1252 587 1403 666 debuerat)
1493 579 1494 648 Ϊ

223 692 410 774 ὀνειδίζοντος
441 698 493 758 τοῦ
525 691 771 771 Ἀγαμέμνονος.
817 691 906 758 Haec
930 713 1054 777 quoque
1079 692 1234 773 παρρησία
1256 695 1289 757 in
1308 693 1405 758 Ptole·
1493 747 1494 762 t

223 821 390 867 maeorum
418 805 563 885 tempora
594 820 657 864 non
688 798 836 864 cadebat:
869 803 1015 884 poterant
1047 798 1126 864 talia
1159 801 1267 864 tacitis
1300 801 1406 864 animis
1493 793 1494 866 Ϊ

224 909 309 996 apud
340 927 372 972 se
403 908 544 994 cogitare
573 925 831 990 nonnumquam,
864 905 918 970 sed
954 925 1107 990 perquam
1143 907 1310 969 tedmarum
1339 909 1406 970 tunc
1493 897 1494 960 ἐ

224 1018 312 1091 erat,
335 1017 367 1079 et
389 1032 473 1078 nunc
497 1015 562 1096 est,
584 1011 642 1076 illa
665 1009 774 1096 palam
797 1011 909 1076 dicere.
957 1013 1099 1096 Antiqua
1123 1011 1313 1097 simplicitas
1337 1032 1406 1097 quae

227 1120 383 1185 sentiebat
406 1122 513 1203 aperte
537 1116 738 1203 loquebatur.

272 1223 363 1290 Iliad.
393 1232 433 1288 H.
458 1221 534 1287 390.
559 1222 691 1288 Fetialis
715 1221 923 1289 Troianorum
946 1222 1056 1289 Paridi
1077 1222 1243 1310 propalam
1265 1225 1300 1288 in
1324 1221 1409 1290 Gras-

227 1351 338 1397 corum
369 1330 480 1394 castris
511 1334 636 1414 pestem
667 1333 699 1393 et
730 1330 867 1395 exitium
890 1332 1094 1416 imprecatur.
1142 1331 1288 1394 Indeserta
1310 1351 1347 1396 ea
1367 1349 1409 1394 res

226 1439 298 1502 visa
320 1435 503 1500 Damocrito
528 1439 591 1512 est,
618 1437 726 1520 itaque
749 1456 812 1500 non
831 1434 941 1521 palam
961 1436 1015 1501 sod
1034 1459 1130 1500 οοοννν
1149 1435 1207 1502 illa
1228 1437 1345 1502 dixisse
1362 1436 1410 1500 ho·

227 1544 350 1608 minem
381 1543 569 1626 suspicatur.
604 1543 643 1613 otc
674 1541 741 1622 orph
772 1541 891 1623 ὤφελλ’
922 1540 1110 1607 ἀπολέοθαιε
1144 1543 1210 1607 καθ’
1236 1543 1343 1608 ἑαυτὸν
1365 1540 1409 1606 καὶ

201 1653 204 1658 ’
229 1647 329 1729 ἡρέμα
361 1649 462 1734 (λέγει
494 1647 508 1712 ὃ
540 1645 666 1732 κήρνξ),
691 1648 729 1718 ὥς
752 1647 943 1729 Διρροόιιριτος
966 1647 1049 1725 ἀξιοῖ
1070 1649 1276 1714 ἈΠΡΕΠΕΟ
1299 1647 1409 1726 tencat-

229 1779 318 1834 μενος
339 1754 373 1818 τὸ
395 1759 531 1835 φανερῶς
552 1753 711 1830 λέγεσθαι.
748 1753 857 1818 Multa
876 1753 1079 1820 Democritus
1099 1754 1137 1819 de
1160 1754 1302 1821 Homero
1324 1757 1410 1840 serip-

230 1864 273 1927 sit
284 1861 489 1928 vehementer
499 1864 610 1945 poetae
624 1860 772 1926 divinum
784 1862 953 1947 ingenium
965 1865 997 1925 et
1009 1859 1172 1945 eloquium
1186 1861 1358 1926 admiratus
1370 1859 1407 1946 ¹):

230 1969 289 2034 sed
315 1969 608 2052 interpretationem
642 1968 823 2031 carminum
851 1965 1099 2032 Homericorum
1122 1987 1238 2053 parum
1262 1972 1318 2032 aut
1339 1964 1410 2032 nihil

230 2075 415 2159 promovit„
432 2071 516 2137 unde
539 2075 699 2138 rarissime
723 2075 758 2138 in
781 2072 918 2138 scholiis
941 2093 1041 2158 pauca
1061 2073 1215 2158 quaedam
1237 2093 1330 2138 exeo
1349 2072 1408 2138 affe-

129 2205 130 2208 *
231 2183 347 2244 runtur
377 2179 543 2265 perexigui
573 2182 740 2244 momenti.
788 2179 857 2259 Quo
889 2185 981 2265 pacto
1011 2200 1125 2265 quaeso
1155 2179 1274 2245 fetialis
1296 2179 1352 2245 illa
1372 2179 1409 2244 sic

233 2285 336 2350 dicere
366 2285 472 2368 potuit
501 2288 539 2347 ut
568 2304 663 2349 nemo
695 2282 889 2351 Graecorum
919 2284 1065 2352 audiret?
1097 2290 1130 2351 et
1159 2308 1216 2352 cur
1238 2307 1301 2352 non
1324 2285 1409 2351 iibere

231 2391 382 2457 Paridem
401 2395 629 2469 exsecraretur,
652 2412 747 2476 quem
768 2412 876 2457 omnes
895 2394 1009 2457 mortis
1029 2395 1129 2458 instar
1147 2391 1308 2458 odissent?
1329 2389 1407 2458 Iliad.

231 2507 267 2563 Γ.
293 2495 370 2562 454.

415 2598 477 2668 ἷοον
502 2600 565 2682 γαρ
589 2613 664 2685 σφιν
688 2609 784 2694 παοιν
808 2605 970 2684 ἀπήχθετο
994 2605 1059 2687 κνρὶ
1083 2605 1227 2689 μελαίνρ.

232 2713 393 2796 praeterea
424 2729 521 2794 quam
548 2711 760 2797 incongruum
784 2714 832 2776 est
854 2710 998 2777 fetialem
1020 2714 1055 2778 in
1077 2712 1185 2778 media
1207 2715 1343 2779 oratione
1363 2731 1407 2776 ne·
1460 2719 1462 2724 '

234 2818 299 2882 scio
323 2817 400 2901 quid
422 2837 532 2882 secum
554 2819 734 2882 mussitare.

278 2922 370 2989 Iliad.
403 2932 428 2987 1.
455 2919 531 2988 203.
565 2921 720 3004 ζωρότερον
744 2921 775 2986 δὲ
799 2921 917 3004 sipara:
942 2921 1143 3008 reprehendit
1166 2945 1202 2990 ea
1225 2922 1407 3008 nescioquis

233 3030 285 3095 his
316 3030 439 3097 verbis:
471 3031 675 3094 ’Anaeuec
707 3027 738 3094 δὲ
766 3028 800 3093 τὸ
823 3031 861 3100 ὡς
886 3029 935 3094 ἐπὶ
960 3035 1059 3107 κῶμον
1083 3029 1202 3108 ἥκουσιν
1225 3029 1408 3112 ἀκρατότερον

232 3136 345 3202 διδόναι
376 3133 655 3216 παρακελεύεσθαι.
703 3135 838 3201 Sensum
869 3157 1073 3202 communem
1101 3158 1165 3203 non
1194 3139 1291 3204 habet
1310 3139 1407 3208 homo,

233 3244 377 3329 quisquis
405 3246 466 3319 est,
498 3247 553 3307 aut
582 3263 761 3328 numquam
792 3244 912 3308 amicos
943 3245 1171 3310 meracioribus
1193 3243 1315 3331 pocuh's
1336 3242 1407 3309 inri-

233 3351 327 3416 tavit.
1130 3357 1131 3362 ’
1302 3437 1305 3442 ,

278 3455 351 3521 Non
373 3455 576 3543 agnoscimus
597 3454 774 3521 Aristarchi
797 3475 911 3520 sanum
934 3475 970 3521 ao
993 3455 1137 3520 sobrium
1154 3456 1313 3523 iudicium
1331 3450 1408 3522 Iliad·

235 3569 260 3625 1.
285 3559 362 3628 222.

417 3667 518 3748 αὐτὰρ
542 3665 608 3732 ἐπεὶ
635 3664 737 3739 πδοιος
762 3665 814 3731 καὶ
839 3666 963 3756 ἐδητύος
987 3665 1023 3744 ἕξ
1046 3664 1209 3748 ἔρονὲντο.
1239 3722 1240 3725 ,

234 3772 293 3837 ubi
316 3775 495 3839 annotavit:
520 3772 684 3852 φαίνονται
704 3772 756 3837 καὶ
777 3776 849 3852 παρ’
870 3773 1082 3852 Ἀγαμέμνονι
1103 3773 1292 3852 δειπνοῦντες
1315 3771 1408 3862 paullo

235 3881 318 3942 aute.
335 3879 554 3945 ’ΆΜΕΙΝΟΝ
578 3877 627 3946 οὖν
654 3887 780 3945 erxeN
799 3875 895 3965 '*AN,
918 3881 1012 3963 φησιν
1036 3881 1049 3946 ὁ
1074 3880 1274 3964 Ἀρίςαρχος,
1297 3884 1321 3948 εὶ
1348 3874 1408 3958 ἕνέ-

236 4002 361 4066 νρονπτο

235 4145 434 4160 -ι-ιι-κ-ι·

270 4229 298 4300 1)
317 4227 365 4281 Dio
383 4227 508 4296 chrysost.
527 4231 592 4284 Orat.
611 4231 682 4284 LIII.
701 4231 714 4280 d
733 4234 882 4296 Δημόκριτος
901 4231 956 4297 περὶ
976 4227 1078 4297 ὀμιίρον
1095 4233 1169 4298 φησὶν
1188 4230 1276 4293 οὕτως·
1303 4231 1404 4292 ,fortem

234 4317 320 4386 φύσιος
340 4322 427 4386 λαχὼν
447 4317 574 4384 θεαζούσης·
592 4316 667 4372 ἐπέων
685 4324 775 4383 κόσμον
794 4318 945 4384 ἐτεκτήνατο
963 4317 1108 4377 παντοίοι.”
