3080 4972
782 177 827 244 24

209 366 365 450 impostor
396 369 577 452 descripsit:
610 362 652 438 οίς
683 367 745 446 γὰρ
776 364 857 434 οὖσιν
882 367 1036 450 ὑμετέροις
1061 365 1128 446 ἔχει
1152 365 1269 438 τούτοις
1295 364 1399 430 ποίντα

209 465 320 536 πιίλλα
351 475 492 551 βεβαίως
525 475 683 548 κέκτηται.
732 471 785 538 sie
817 479 864 538 cst
894 477 929 538 in
960 477 1081 559 optimc
1112 471 1153 536 S:
1183 475 1217 536 in
1239 471 1401 537 nonnullis

211 576 284 640 aliis
305 579 455 645 scribitur
475 578 541 659 ἔχει
560 580 692 658 χρῆσθαι
712 579 766 646 vel
785 578 852 660 ἔχει
872 579 1066 660 χρίσασθαι,
1082 578 1167 664 quod
1185 579 1269 648 unde
1289 586 1402 644 natum

210 685 254 747 sit
285 690 422 769 apparet.
471 685 647 751 Molestum
670 686 802 766 χρῆσθαι
828 688 881 750 cui
905 686 1056 751 debeatur
1077 683 1211 769 planum
1235 690 1293 748 est.
1341 684 1403 750 Mi·

210 792 298 853 ratus
320 790 491 857 homuncio
514 790 592 877 quid
615 797 696 856 esset
719 783 763 863 οἷς
787 786 867 856 οὖσιν
893 790 1044 872 ὑμετέροις
1066 786 1133 870 ἔχει
1155 788 1329 860 τούτοις-
1342 810 1403 855 non

210 894 374 962 intellecta
395 900 582 963 attractione
604 900 710 982 pueris
733 903 808 963 nota
830 918 886 981 pro
906 889 1014 962 δίντα
1036 896 1170 976 ὑμέτεροι
1190 893 1275 980 ἔχει,
1295 897 1333 959 de
1352 918 1402 958 οινο

210 1005 342 1077 χρῆσθαι
368 1003 490 1068 addidit
497 1023 506 1081 3
531 1005 677 1088 potuitne
700 1004 859 1068 indoctius
884 1007 916 1068 et
940 999 1101 1088 ineptius?

255 1107 495 1192 Aequoanimo
518 1110 578 1174 hoc
601 1129 725 1194 quoque
747 1110 823 1174 ferri
843 1111 942 1194 possit
965 1112 1000 1174 in
1018 1109 1158 1173 oratione
1176 1110 1284 1191 spuria
1303 1130 1402 1194 quum

212 1211 296 1294 apud
325 1215 432 1297 ipsum
463 1213 711 1280 Demosthenem
738 1235 813 1281 vera
837 1220 869 1279 et
892 1217 1033 1302 genuina
1055 1214 1150 1278 lectio
1173 1213 1312 1279 feliciter
1335 1235 1404 1279 eva·

211 1318 298 1380 serit.
346 1316 408 1383 sed
430 1320 528 1384 multi
542 1319 610 1392 ¹alii
632 1324 667 1385 in
690 1323 811 1406 optima
834 1341 958 1405 quaque
979 1322 1120 1385 oratione
1140 1325 1331 1405 supersunt,x
1349 1319 1404 1384 ubi

210 1421 245 1483 in
268 1430 414 1509 corrupta
433 1428 589 1509 scriptura
607 1447 697 1491 mens
718 1430 750 1490 et
770 1429 926 1491 sententia
944 1426 1168 1491 Demosthenis
1189 1424 1274 1491 male
1296 1429 1402 1510 periit.

210 1525 283 1592 Non
318 1535 366 1594 est
399 1532 482 1595 mihi
514 1532 609 1619 longe
644 1532 834 1597 abeundum.
889 1529 1046 1596 Continuo
1080 1535 1237 1616 sequitur:
1277 1533 1302 1595 εί
1342 1531 1403 1611 γὰρ

213 1629 411 1712 Ἀμφίπολιν
443 1637 496 1701 καὶ
529 1638 695 1703 Ποτίδαιαν
729 1647 847 1718 προεῖτο
878 1639 937 1702 οὐδ’
969 1638 1007 1703 cir
1041 1636 1237 1715 οίκοιμένειν
1261 1637 1403 1715 βεβαίως

212 1739 329 1816 ἡγεῖτο.
376 1742 593 1827 Depravatum
624 1748 672 1809 est
702 1746 808 1821 ἡγοῖτο
833 1748 865 1808 et
887 1744 962 1809 hinc
986 1745 1024 1808 de
1048 1746 1205 1809 sententia
1227 1745 1403 1810 verberum

140 1919 141 1923 Ἰ
211 1851 258 1908 est
289 1851 407 1913 actum.
454 1849 597 1914 Emenda
629 1853 765 1928 ἧνεῖτΑΙ
798 1854 829 1914 et
858 1854 941 1914 reete
965 1871 998 1914 se
1021 1850 1184 1914 habebunt
1207 1853 1326 1915 omnia.
1352 1851 1403 1914 οὐκ

211 1949 249 2027 ἂν
281 1955 405 2030 ἡγεῖται
437 1955 508 2018 οἴκοι
540 1957 641 2033 μένειν
663 1956 805 2034 βεβαίως
828 1957 853 2019 εί
881 1953 1077 2037 Ἀμφίπολιν
1104 1963 1240 2034 προεῖτο,
1265 1961 1303 2019 ut
1328 1977 1403 2044 pag.

213 2053 266 2118 69.
299 2057 352 2123 26.
386 2061 438 2124 οὐκ
471 2061 509 2125 διν
541 2065 678 2139 ἡγοῦμαι
713 2063 923 2140 Φίλιππονεῐ
955 2063 997 2126 roi
1030 2067 1136 2142 πρῶτα
1158 2061 1298 2140 βιασθεὶς
1322 2060 1404 2128 ν’ίκων

212 2158 342 2241 ἔπραξεν
377 2203 417 2212 ·-
449 2171 584 2248 συνεχῶς
616 2170 834 2231 ἐναντιοῦσθαι.
870 2172 902 2230 et
932 2166 1023 2230 mille
1046 2165 1110 2231 loci
1131 2171 1206 2231 sunt
1227 2168 1284 2232 ubi
1308 2168 1403 2246 δοκῶ,

213 2271 372 2346 ἡγοῦμαι,
406 2270 523 2350 οίομοιι,
550 2271 677 2358 νομίζω,
706 2271 938 2351 ὑπολαμβοίνω,
965 2270 1096 2351 ἐλπίζω,
1123 2273 1272 2360 προσδοκῶ
1298 2276 1405 2340 ethis

212 2376 333 2440 similia
355 2377 473 2443 habent
496 2378 693 2446 infinitivum
717 2401 791 2444 cum
816 2377 853 2443 ίιν
878 2381 1093 2444 coniunctum..
1142 2377 1263 2444 Tamen
1283 2381 1406 2446 indocti

212 2487 244 2546 et
273 2485 416 2567 imperiti
448 2491 635 2550 correctores
665 2488 784 2570 passim
809 2483 945 2549 alveum
968 2485 1065 2550 verbo
1088 2483 1178 2549 finito
1201 2487 1404 2572 iungendum

212 2607 278 2651 esse
301 2591 422 2672 opinati
447 2593 583 2668 ἡγοῦμαι
607 2594 658 2676 (ut
680 2592 739 2656 hoc
762 2589 846 2678 utar)
868 2593 902 2654 in
923 2589 1061 2668 ἡγούμην
1082 2589 1179 2654 stulte
1197 2597 1404 2670 convertunt,

212 2700 268 2757 aut
290 2696 385 2766 δοκεῖς
410 2699 443 2760 in
467 2698 582 2774 δοκοῖς,
604 2698 718 2772 δοκοίκς
734 2700 873 2779 ,·δοκῇς,
901 2696 1010 2763 ἐδόκεις
1036 2696 1206 2780 depravare
1227 2696 1349 2774 solent,
1371 2702 1407 2762 ut

211 2799 242 2863 h.
268 2800 289 2864 l.
315 2802 377 2865 οὐδ’
401 2800 439 2866 διν
463 2803 533 2868 οίκοι
558 2803 657 2880 μένειν
681 2803 828 2883 βεβαίως
845 2805 965 2879 ἡγεῖτο
986 2822 1043 2886 pro
1063 2805 1200 2878 ἡγεῖται.
1239 2800 1407 2868 Sententia

212 2909 298 2970 enim
332 2908 500 2974 manifesto
534 2911 612 2974 haec
646 2915 710 2975 est:
746 2910 906 2992 Philippus
937 2925 1113 2973 uxisfflffl
1143 2908 1171 2970 αι’
1202 2909 1408 2992 Amphipolim

212 3012 328 3076 ινιὶοοωνκ
350 3016 474 3100 fuceret
502 3039 533 3079 ee
563 3039 600 3080 uc
629 3017 663 3078 νἰι
687 3014 867 3080 Macedonio
897 3014 1013 3098 quidem
1044 3019 1107 3076 tuto
1134 3030 1263 3078 Missus
1286 3033 1405 3093 POSSE,

213 3140 313 3204 quum
342 3120 476 3208 vulgata
507 3121 602 3186 lectio
635 3119 794 3207 significet
822 3143 860 3182 κο
890 3119 969 3182 domi
995 3119 1112 3203 quidem
1135 3142 1166 3182 ce
1189 3125 1251 3184 tcto
1273 3139 1408 3187 Msuusu

211 3242 437 3304 nxrsrnmnnn
457 3248 584 3312 prorsus
595 3247 741 3311 perverse
766 3231 798 3290 et
822 3229 930 3290 contre
953 3224 1176 3289 Demosthenis
1200 3229 1405 3291 sententiam.

211 3330 325 3396 Fertur
355 3338 464 3397 tamen
486 3333 637 3398 mendosa
659 3331 754 3396 lectio
782 3334 817 3395 in
844 3331 975 3394 omnibus
1002 3329 1093 3395 libris
1121 3333 1188 3395 sine
1215 3329 1283 3395 ulla
1302 3335 1407 3398 varie-

215 3444 309 3501 tate·
979 3447 985 3456 '

256 3542 468 3627 Inspiciamus
490 3565 574 3608 nnnc
597 3543 732 3609 eundem
754 3541 862 3608 locum
885 3564 958 3632 pag.
987 3541 1062 3607 134.
1088 3541 1142 3608 22.
1167 3544 1206 3608 ab
1230 3546 1406 3628 impostore

212 3647 374 3723 αὐτολεξεί
405 3649 615 3733 descriptum:
647 3651 672 3713 sl
705 3649 766 3729 γοδρ
797 3649 992 3731 Ἀμφίπολιν
1017 3685 1059 3696 -
1080 3657 1197 3730 προεῖτο
1223 3647 1285 3714 οὐδ’
1310 3649 1349 3714 διν
1375 3652 1405 3715 ἐν

212 3755 389 3834 Μακεδονίᾳ
424 3753 522 3830 μένειν
558 3757 711 3836 οίοφαλῶς
748 3757 978 3820 ἘΔΤΝΑΤΟ.
1034 3754 1096 3819 Pro
1132 3755 1257 3819 ἐδύνατο
1293 3775 1405 3821 omnes

210 3857 286 3926 libri
309 3860 458 3924 exhibent
478 3865 601 3937 ἡγεῖτο,
626 3866 750 3945 praeter
772 3863 801 3926 A
823 3865 856 3926 et
879 3860 982 3926 Subi
1005 3861 1130 3925 ἐδύνατο
1155 3863 1311 3945 scriptum
1334 3869 1402 3939 est,

211 3987 290 4050 quac
313 3965 407 4029 lectio
431 3968 465 4028 in
487 3965 513 4028 F
535 3986 592 4048 pro
615 3969 703 4030 varia
727 3969 882 4052 scriptura
907 3967 946 4031 ad
969 3969 1074 4043 ἡγεῖτο
1094 3969 1272 4051 apponitur.
1308 3967 1405 4032 Nunc

208 4070 447 4156 interpolatores
478 4072 528 4134 ἐπ’
561 4069 725 4154 αὐτοφώρῳ
760 4078 916 4138 tenemus.
963 4072 1085 4137 Eodem
1117 4073 1276 4157 opinionis
1299 4092 1403 4138 errore

208 4198 265 4262 pro
297 4179 432 4254 ἡγεῑτΑΙ
463 4176 545 4242 alius
577 4183 695 4243 temere
728 4179 832 4256 ἡγεῖτο
864 4180 1047 4262 supposuit,
1080 4176 1161 4242 alius
1188 4180 1280 4263 peius
1303 4182 1404 4244 etiam

208 4284 335 4353 ἐδύνατο
359 4284 537 4376 rescripsit„
561 4287 695 4371 uterque
719 4286 892 4350 sententiae
920 4304 1058 4349 securus.
