3080 4972
796 213 837 283 12

275 399 365 468 Sitne
396 413 451 467 -e
481 423 519 468 an
551 411 619 468 -ΑΙ
651 403 769 490 ubique
798 404 1001 471 scribendum
1031 425 1095 470 non
1124 408 1173 469 est
1206 403 1417 490 quaerendum

230 528 270 573 cx
298 507 389 573 libris
420 507 500 575 Mss.
546 507 729 575 Sexcenties
760 513 859 576 etiem
890 513 923 576 in
954 509 1098 576 Parisino
1130 507 1153 575 S
1187 518 1211 574 e
1241 514 1273 575 et
1304 513 1420 575 Alite

229 613 464 680 conirmdnntur
485 619 524 679 ut
545 615 599 682 vel
621 617 729 701 inepta
750 616 805 683 vel
826 616 948 683 soloeca
970 615 1023 683 vel
1045 615 1178 682 barbare
1202 621 1293 680 exeat
1311 618 1418 682 oratio
1532 655 1533 682 ι

228 717 278 784 Ne
310 718 448 786 dicerem
478 720 609 805 quidem
639 720 678 786 de
708 742 742 787 re
774 722 922 789 omnibus
949 723 1116 787 notissima
1139 722 1201 787 nisi
1224 726 1420 808 superessent
1531 743 1532 750 ¹

227 824 313 910 apud
335 823 584 918 Demosthenem
607 825 670 892 loci
692 847 732 892 ex
754 827 851 893 huius
874 829 922 892 rei
939 827 1157 894 observatione
1177 830 1263 893 certo
1281 828 1419 894 remedio
1531 867 1532 870 =

228 931 368 996 sanandi.
415 930 551 996 Perinde
574 937 622 997 est
644 934 679 998 in
703 929 820 999 Sodice
842 931 865 998 S
888 933 1085 1000 scribaturne
1107 935 1142 998 in
1165 933 1283 998 futuris
1304 957 1419 998 ·σεσιιι
1530 1023 1531 1028 ¹

227 1058 266 1102 an
299 1061 415 1116 -σεσε,
446 1039 482 1102 in
508 1036 678 1104 infinitivis
710 1041 805 1104 -σὺσιι
837 1059 877 1103 an
909 1039 1006 1117 ·σὺε,
1038 1059 1118 1124 quae
1141 1039 1261 1123 ubique
1282 1041 1367 1104 inter
1389 1059 1420 1104 sc

226 1142 433 1209 stolidissime
464 1127 593 1210 confusa
624 1145 767 1224 ridebis,
797 1151 836 1210 ut
867 1147 924 1212 vix
947 1146 991 1209 sit
1014 1165 1125 1230 operae
1148 1147 1289 1231 pretium
1312 1147 1347 1209 in
1369 1145 1419 1210 his

226 1247 384 1314 librorum
419 1248 646 1335 discrepantias
681 1271 938 1317 commemorare.
986 1250 1099 1317 Nonne
1129 1251 1257 1316 fatuum
1288 1255 1353 1334 est,
1384 1255 1420 1315 ut
1530 1293 1531 1296 =

183 1349 185 1352 ’
227 1353 287 1419 hoc
310 1358 400 1433 utar,
425 1354 589 1421 admoneri
612 1357 646 1420 in
670 1356 736 1423 cod.
761 1354 793 1424 S.
820 1356 919 1423 semel
942 1361 974 1423 et
996 1359 1116 1422 iterum
1135 1355 1346 1434 νῖνιιρνώσεσθ
1364 1375 1418 1440 pro

228 1459 444 1537 ἀναγνώσεται
476 1458 644 1546 apparere?
678 1465 710 1526 et
740 1461 893 1549 leguntur
922 1465 1043 1549 passim
1073 1463 1124 1527 his
1148 1460 1268 1527 similia
1290 1461 1418 1546 perinde

227 1563 343 1631 stolide
366 1569 398 1631 et
421 1565 566 1632 absurda.
613 1564 677 1632 Sed
698 1570 815 1633 reiecto
837 1567 994 1635 librorum
1016 1570 1200 1635 testimonio
1219 1587 1294 1635 sana
1312 1571 1418 1632 mente

227 1676 260 1737 et
288 1670 408 1737 iudicio
440 1671 596 1738 utendum
627 1679 665 1737 ut
696 1677 856 1739 statuatur
881 1676 963 1740 sitne
988 1711 1029 1724 —
1054 1676 1123 1740 σθνιι
1147 1695 1187 1740 an
1210 1675 1289 1738 -σὺε
1312 1673 1418 1760 legen-

227 1778 316 1844 dnm.
363 1776 453 1845 Dabo
484 1777 569 1844 locos
600 1779 657 1844 ubi
685 1779 762 1845 haec
793 1780 935 1846 confusio
963 1782 1073 1847 turbas
1104 1780 1226 1846 dederit
1248 1785 1281 1845 et
1304 1779 1418 1846 addam

224 1904 326 1949 unum
349 1883 491 1949 nondum
516 1904 553 1950 eo
576 1886 691 1950 mendo
714 1884 896 1952 liberatum.

268 1989 349 2078 Peg.
376 1987 450 2057 130.
485 1989 516 2054 3.
547 1993 573 2056 si
606 1989 634 2054 δ’
668 1989 762 2055 οἴεσθε
794 1991 969 2066 Χαλκιδέας
1003 1994 1058 2068 σήν
1089 1991 1233 2058 Ἐλλὺδνι
1264 1992 1370 2057 σώσειν
1400 1991 1416 2066 ή

223 2097 413 2176 Μεννιρέσις,
440 2095 527 2174 ὑμεῖς
552 2095 577 2159 δ’
602 2096 821 2176 acceptasses
845 2099 888 2162 σνὶ
913 2098 1104 2178 πράγματα,
1127 2100 1180 2163 οὐκ
1198 2099 1286 2178 ὀρθῶς
1307 2097 1414 2163 οἴεσθε.

225 2201 280 2269 Sic
302 2201 379 2268 libri
403 2221 529 2280 omnes,
555 2203 675 2286 optime
699 2206 731 2267 et
756 2204 920 2269 verissime
942 2203 965 2270 S
988 2203 1238 2285 ὑσσδρὺσεσθΑΙ.
1343 2251 1348 2258 -

268 2308 348 2396 Peg.
383 2304 459 2374 579.
491 2304 546 2374 28.
578 2307 635 2386 ἐμὲ
665 2306 755 2372 οἴεσθ’
789 2309 858 2386 ὑμῖν
890 2311 1046 2385 εἰσοίσειν,
1079 2311 1166 2389 ὑμεῖς
1191 2310 1222 2374 δὲ
1246 2312 1414 2388 νεμεῖσὺθς

223 2417 278 2495 ε’μὲ
302 2397 398 2480 eiecta
421 2417 670 2495 τριηραρχήσειν,
697 2413 783 2491 ὑμεῖς
808 2413 835 2478 δ’
859 2419 912 2480 οὐκ
934 2415 1140 2494 ἐμβήσεσὺθς
1165 2413 1218 2481 Sic
1240 2412 1263 2481 S
1287 2420 1319 2481 et
1346 2417 1416 2483 reli-

223 2525 279 2608 qui
301 2521 341 2587 ad
362 2541 464 2586 unum
488 2541 608 2586 omnes.
654 2519 845 2586 Rectissime
868 2521 1033 2588 Bekkerus
1057 2522 1095 2587 de
1117 2542 1174 2587 suo
1195 2523 1363 2600 νεμεῖσθΑΙ
1384 2528 1416 2588 et

222 2625 425 2707 ε’μβήσεσὺΑΙ
458 2627 627 2711 reposuit„
656 2621 813 2712 Compare
841 2626 949 2693 locum
980 2647 1054 2714 pag.
1089 2624 1164 2693 580.
1198 2626 1251 2692 10.
1284 2628 1412 2710 νομίζεις

224 2737 307 2822 ήμῖις
336 2733 393 2812 μὲν
416 2730 578 2808 &adfectat
601 2755 669 2809 ccv,
694 2732 787 2805 αὐτὸς
813 2732 844 2797 δὲ
866 2736 1052 2809 σνσσήσειν;
1076 2731 1129 2798 aa}
1153 2736 1238 2812 ήμὸις
1261 2733 1319 2812 μὲν
1340 2737 1415 2800 ὑπο·

221 2838 409 2920 ψηφιεῖσθαί
432 2863 503 2916 σιν,
529 2839 566 2904 σὺ
590 2839 622 2904 δὲ
646 2841 679 2905 οὑ
703 2839 897 2916 σιιὺσεσὺνιις

266 2946 317 3012 Ad
354 2945 436 3011 hanc
466 2944 572 3011 lucem
603 2944 696 3010 facile
728 2951 775 3010 est
807 2945 975 3011 emendare
1004 2945 1112 3012 locum
1142 2966 1214 3034 pag.
1251 2944 1326 3011 115.
1355 2946 1413 3012 ⁸20.

223 3053 305 3132 ὑμᾶς
339 3051 370 3116 δὲ
397 3051 450 3115 ε’ὑιν
473 3053 530 3130 μὲν
554 3050 710 3129 σῖμὺνιρσὺε
735 3051 789 3126 ήδη
814 3052 1015 3132 σωφρονήσειν
1040 3051 1143 3137 φημὶ,
1168 3053 1221 3117 ε’ὑιν
1246 3050 1274 3115 δ’
1299 3052 1413 3128 ἒσὺσήσε

221 3160 287 3226 οὑδὲ
318 3159 399 3224 τοῦθ’
428 3154 503 3223 tter
534 3157 688 3235 βούλήσθε
720 3157 891 3232 δυνήσεσθε
922 3166 1055 3234 νισιῆσνιι.
1103 3154 1277 3224 Seriumne
1304 3165 1353 3224 est
1376 3181 1413 3224 ex

218 3267 282 3333 loci
305 3267 532 3352 compositione
555 3264 745 3339 devicerim
765 3283 835 3348 esse
855 3264 894 3329 ab
914 3264 1044 3330 Oratore
1062 3261 1261 3350 profectum?
1280 3264 1310 3329 U
1326 3287 1411 3330 rum-

221 3394 282 3458 que
314 3374 401 3438 enim
434 3371 636 3453 σωφρονήσειν
664 3379 694 3434 et
720 3370 897 3445 desiccetur
922 3392 940 3436 a
961 3371 1058 3437 verbo
1081 3370 1166 3453 φνμῖ
1187 3371 1322 3455 pendere
1345 3391 1411 3437 ma-

219 3479 374 3545 nifestum
397 3482 454 3544 est.

266 3691 348 3780 Peg.
381 3691 433 3758 12.
461 3690 515 3758 10.
545 3691 584 3756 otc
607 3691 664 3770 μὲν
686 3692 749 3771 ρὺιρ
773 3688 818 3756 ὑ’σ”
842 3691 880 3756 ὑν
902 3715 949 3766 τις
974 3688 1061 3774 λὺβή
1085 3693 1137 3758 uui
1162 3693 1242 3774 σὺσρ
1264 3693 1412 3774 perduro

222 3798 289 3880 ἔχει
319 3805 395 3861 ΤΗΙ
426 3804 558 3862 ΤΤΧΗΙ
591 3805 683 3862 ΤΗΝ
707 3807 857 3876 ΧΑΡΙΝ,
882 3797 920 3862 etv
942 3799 968 3862 δ’
991 3796 1260 3880 accrescentes
1283 3801 1412 3866 σννιινὺ·

220 3921 302 3973 aare
339 3903 391 3967 ιινιῖ
422 3905 457 3968 τὸ
486 3904 671 3982 μεμνήσῖιιι.
719 3902 808 3970 Haec
839 3909 887 3970 est
916 3925 992 3972 vera
1021 3909 1053 3970 et
1084 3907 1215 3989 antiqua
1244 3908 1411 3991 scriptura.

220 4009 351 4080 Oodioes
383 4007 566 4094 interpolati
600 4009 1413 4094 ειιιιὺε1ηιι111εσεὺμεμνήσὺιιισήν-χὺριν,1ιι
1478 4051 1479 4054 =
1533 3997 1534 4012 ³

219 4119 292 4186 aliis
323 4118 497 4196 μεμνήσὺνιι
521 4125 559 4197 σή
583 4119 667 4198 σὺχή
690 4120 744 4193 σήν
768 4116 877 4198 χάριν,
902 4137 982 4203 quae
1005 4117 1281 4203 exsuperioribus
1304 4120 1411 4186 verbis

219 4224 304 4291 male
328 4223 463 4309 repetita
485 4223 591 4308 inepte
615 4223 777 4290 abundant
799 4228 831 4290 et
853 4223 984 4290 laedunt
1007 4244 1127 4291 auram.
