3026 4970
658 245 722 318 317

303 444 403 520 άρνή·
426 441 475 516 τίς
498 439 530 506 δέ
546 464 588 528 *aa
611 437 688 521 τόξοι
712 443 891 521 τιτοιόνοιτ’;
917 444 1005 510 άλλά
1028 443 1143 522 ιόιιιρλοι

301 547 443 614 κάτόοτε.

138 680 174 737 χ.
222 652 276 721 70.
302 651 323 718 ὦ
346 655 450 734 Φόλοι,
473 655 506 718 οὐ
530 663 607 719 ΓΑΡ
631 656 744 734 σχήσει
767 657 840 738 alep
861 653 911 722 tae
937 663 1049 736 χεῖράς
1073 656 1225 733 άάττονς.

140 769 174 843 ψ.
199 758 273 846 278.
299 757 321 826 ὦ
345 761 453 839 ysam,
478 763 510 825 οὐ
535 770 612 826 ΓΑΡ
637 785 684 825 τοι
709 762 833 828 πάντων
857 764 906 828 ἐπὶ
932 763 1053 842 τείροντ’
1078 762 1193 829 άέόλων

301 868 451 945 ἤλόοριεν,
475 868 549 932 ἄλλ’
573 863 616 930 ἔτ’
640 865 759 934 ότισόεν
784 869 955 951 άμέτριρτος
980 867 1068 942 τόνος
1093 865 1172 937 ἔςοοι.

140 973 263 1040 Horum
296 973 439 1039 locorum
473 976 575 1038 maior
607 995 680 1059 pars
713 977 879 1042 emendata
912 980 959 1041 est
991 979 1024 1039 et
1053 976 1278 1061 integerrima:

104 1083 207 1146 caeteri
230 1079 312 1145 alius
335 1079 433 1146 aliam
455 1078 562 1144 labem
586 1079 728 1165 aliquam
751 1087 971 1168 conceperunt.
1021 1081 1098 1148 Tres
1121 1081 1184 1148 loci
1207 1086 1283 1148 sunt

103 1185 209 1251 inserto
239 1206 333 1252 versu
364 1187 472 1271 spurio
503 1184 699 1270 interpolati.
747 1186 835 1253 Duos
867 1187 974 1266 τάχους
1011 1187 1282 1269 antecessum-

104 1313 157 1363 νοις
180 1297 301 1358 veteres
325 1289 438 1358 orteia
462 1291 687 1378 expungendos
709 1298 907 1358 censuerunt.
955 1292 1063 1359 Tertia
1079 1295 1282 1380 interpolatio

102 1403 164 1481 post
188 1398 413 1466 Aristarchum
439 1402 514 1462 nata
537 1397 629 1462 nobis
653 1398 844 1464 confutanda
864 1403 896 1464 et
920 1398 1107 1484 expellenda
1130 1405 1280 1488 superest

104 1499 205 1589 Odyss.
232 1527 260 1568 κ.
287 1501 360 1568 190.

227 1607 371 1693 [κέκλυτέ
394 1633 455 1687 μεν
479 1608 599 1693 μάόιον,
623 1608 708 1673 κοικά
733 1634 789 1690 περ
812 1607 992 1691 πάσχοντες
1017 1612 1153 1700 ἑταῖροι]

226 1711 377 1797 ὦφόλοι,
403 1716 436 1780 οὐ
460 1714 522 1794 γάρ
545 1715 646 1793 repo
669 1710 729 1798 άτρ
751 1715 845 1797 ζόφος
870 1717 931 1782 οὐδ’
955 1713 1015 1799 άτρ
1041 1717 1111 1792 tote.

138 1819 301 1886 Scholion:
326 1820 543 1901 Κιιλλότροιτός
567 1825 661 1901 Φνσιν
684 1822 721 1892 ὡς
746 1819 806 1886 ὑτό
824 1845 902 1894 τινος
924 1823 1046 1902 ὂςόχος
1066 1821 1278 1903 τροτέτοικτοιι

102 1924 271 2002 άρνοοῖιντος
297 1927 332 1991 τό
356 1926 521 2006 Ὁμηρικόν
545 1925 606 1998 sea
630 1928 667 1999 ὥς
693 1928 772 1993 όέλει
797 1927 950 2009 άρχεσόοοι
974 1929 1037 1993 άτὸ
1059 1933 1112 1993 τοῦ
1135 1938 1225 1995 ΓΑΡ.

141 2032 216 2112 Quis
245 2053 308 2099 non
339 2035 450 2098 statim
480 2053 642 2098 assensum
674 2031 785 2099 dabit?
830 2035 902 2100 Non
930 2038 978 2100 est
1002 2035 1113 2100 eadem
1136 2037 1284 2100 omnium

101 2142 152 2201 τῶν
181 2136 387 2217 ἀθετουμένων
418 2138 515 2219 sizna
546 2141 628 2204 ratio
662 2145 694 2204 et
724 2141 872 2206 conditio.
920 2138 1003 2206 Sunt
1030 2142 1064 2205 in
1088 2141 1205 2225 quibus
1228 2142 1285 2205 diu

101 2248 129 2307 et
166 2245 307 2310 multum
350 2247 490 2318 incertus
523 2246 672 2322 haereas,
709 2247 765 2312 sed
798 2248 914 2312 dantur
948 2247 1005 2312 alii
1040 2252 1108 2312 tam
1144 2247 1285 2313 evidenti

100 2347 201 2422 fraude
223 2349 422 2435 interpolati,
440 2355 478 2415 ut
501 2354 606 2439 magis
629 2353 756 2417 mireris
780 2372 841 2435 quo
866 2358 959 2438 pacto
982 2355 1166 2438 irrepserint
1189 2373 1285 2439 quam

100 2462 282 2544 argumenta
314 2479 370 2522 cur
399 2455 577 2541 expellendi
599 2459 664 2522 sint
687 2458 726 2523 ab
750 2457 813 2523 alio
837 2461 996 2543 requiras;
1024 2464 1092 2524 tam
1115 2459 1285 2526 manifesto

98 2561 177 2631 fraus
198 2569 296 2650 patet.
342 2565 410 2630 Nae
433 2564 489 2630 ille
513 2567 580 2630 erat
602 2566 637 2628 in
656 2564 851 2629 carminibus
869 2563 1051 2630 Homericis
1072 2566 1202 2651 hospes,
1230 2566 1285 2649 qui

99 2671 250 2736 nesciebat
280 2670 414 2735 Pottam
445 2671 603 2750 άρχοιϊιιῶς
635 2670 698 2735 άτὸ
722 2672 775 2733 τοῦ
800 2679 878 2735 ΓΑΡ
904 2671 1087 2748 εἰσβάλλειν
1111 2675 1144 2736 in
1169 2670 1227 2736 tali
1251 2691 1284 2736 re

99 2772 201 2840 solere.
248 2775 329 2841 Tam
359 2774 485 2840 inficeta
515 2775 733 2840 additamenta
761 2777 845 2859 apud
869 2775 1050 2842 Homerum
1074 2778 1138 2842 fere
1162 2778 1207 2841 sic
1229 2797 1284 2840 na-

99 2882 273 2959 scebantur,
298 2887 336 2946 nt
355 2901 465 2947 versus
485 2902 522 2946 ex
548 2880 611 2946 alia
633 2885 723 2965 parte
751 2884 902 2946 carminis
926 2882 1066 2948 desumti
1088 2885 1123 2945 in
1146 2880 1284 2946 alienam

98 2987 200 3052 sedem
220 2987 472 3053 transferrentur.
508 2985 703 3052 Meminerat
723 2987 839 3071 aliquis
858 3008 890 3052 se
907 2987 1016 3052 audire
1029 2986 1142 3072 Odyss.
1156 3011 1191 3066 μ.
1205 2984 1282 3054 271.

229 3091 359 3158 κέκλυτέ
383 3116 443 3172 μεν
466 3092 585 3170 μάόοιν.
609 3091 693 3158 κοιιιά
719 3116 775 3174 περ
798 3090 976 3174 πάσχοντες
1001 3092 1130 3177 ἑτιοῑροι,

228 3197 296 3281 ὄφρ’
322 3199 393 3278 ὑμῖν
417 3198 505 3264 ratae
530 3200 672 3276 μοιντάῖοι
695 3198 867 3280 Τειρεσίαο.

99 3308 129 3368 et
150 3328 187 3384 ρο.
212 3304 288 3371 340.

228 3409 359 3477 κέκλυτέ
382 3433 442 3491 μεν
467 3409 587 3490 petav,
614 3409 698 3477 κοιιιά
723 3434 780 3490 τερ
804 3407 985 3490 πάσχοντες
1009 3412 1138 3492 ἑτιιῖροι,

228 3517 345 3592 πάντες
368 3519 425 3597 μὲν
449 3516 568 3599 coppo>
593 3515 718 3583 όάνοιτοι
744 3515 868 3582 δειλοῖσι
892 3517 1047 3598 βροτοῖσι,

227 3626 308 3706 λιμῷ
331 3625 358 3690 δ’
382 3623 509 3692 οἷιιτιςον
535 3623 658 3689 όοινέειν.

96 3727 207 3796 horum
229 3733 331 3818 igitur
353 3732 536 3817 importune
556 3751 680 3797 memor
697 3731 776 3796 illuc
797 3730 964 3795 transtulit
982 3730 1040 3794 ubi
1060 3728 1168 3794 nullus
1187 3723 1283 3815 plane

96 3840 175 3900 esset
196 3838 237 3901 iis
258 3835 357 3902 locus.
392 3838 442 3904 Ab
465 3837 648 3903 Aristarcho
671 3839 773 3925 igitur
797 3838 832 3901 in
850 3835 909 3901 tali
929 3857 963 3901 re
984 3835 1188 3915 τοιρνιτόόετοι
1209 3835 1281 3916 πρὸς

94 3941 136 4020 τῷ
159 3942 254 4023 όβελῷ
279 3942 449 4022 άςερόσκος.
474 3943 562 4018 δηλοῖ
578 3942 609 4008 δὲ
630 3947 736 4026 τοῦτο,
757 3944 848 4007 utin
869 3942 1063 4027 praefatione
1082 3944 1185 4027 operis
1207 3945 1282 4009 scri·

94 4046 144 4110 bit
173 4047 384 4133 Aristonicus,
408 4045 453 4114 άτι
479 4050 613 4129 Ὀμήρου
636 4049 692 4128 μέν
717 4050 778 4122 ε’ςι,
803 4049 934 4129 Φοιάλοις
959 4049 985 4112 δ’
1010 4049 1143 4113 ἕντοιῦόσι
1167 4057 1279 4116 κεῖνοι.

139 4151 283 4219 Recurrit
305 4153 398 4240 plane
413 4155 509 4221 idem
531 4157 641 4221 mendi
662 4177 763 4242 genus
786 4157 821 4220 in
845 4154 956 4241 Odyss.
982 4152 1012 4230 ξ.
1037 4153 1113 4220 495.

229 4262 358 4343 [κλῦτε,
384 4261 489 4342 Φόλοι·
514 4260 590 4333 όεῑός
613 4286 664 4338 μοι
691 4261 823 4327 ἐνύπνιον
847 4255 935 4335 ἦλόεν
960 4258 1090 4349 trauca]

228 4365 294 4441 λόιρν
318 4375 396 4432 ΓΑΡ
421 4372 494 4443 νιρῶν
517 4366 607 4440 τεκάς
630 4367 769 4446 ἥλόομεν.
