3034 4968
679 203 743 284 nr

113 399 321 484 ἐπιβάλλειν,
358 406 412 472 sed
446 404 523 491 quid
558 403 671 473 Strabo
706 410 866 493 scripserit
895 409 995 475 video.
1041 407 1234 496 Occupcrit,
1264 411 1302 476 ut

111 533 196 579 nuno
219 512 332 592 video,
355 511 515 579 Millerus
539 513 705 580 emendare
726 513 898 594 ἐπιβαίνειν
921 514 1046 596 ἡμέρας.

154 723 237 812 Pag.
263 720 338 788 139.
363 724 536 804 σοφώτατοι
561 720 589 788 δ’
615 720 811 804 ἐξετάζονται
835 731 893 789 τῶν
915 724 1041 804 Ἰβιίρων
1064 721 1143 791 οὗτοι
1167 725 1299 812 (Turde-

110 833 192 906 tani)
218 829 270 894 urai
296 838 504 908 γραμματικῇ
528 835 661 910 χρῶνται
686 830 734 905 (id
757 835 804 896 est
824 830 991 895 litterarum
1010 855 1095 896 νωιιιι
1114 833 1300 898 tubeatsivc

109 943 210 1001 tenent
239 935 398 999 scribendi
419 942 529 1011 arten,
562 934 762 1014 γραμμάτων
795 933 931 1016 ἔμπειροί
951 939 1057 1022 είτιν),
1083 938 1134 1003 καὶ
1159 946 1214 1013 τῆς
1239 962 1300 1002 τοι·

109 1046 207 1114 λαιάς
239 1041 361 1127 μνήμης
394 1037 500 1123 ἔχοντι
532 1042 777 1122 συγγράμματα
801 1043 854 1107 καί
880 1045 1014 1118 ποιήσειε
1039 1044 1091 1109 καὶ
1116 1045 1221 1122 νόμους
1245 1045 1301 1121 ε’μ-

110 1147 240 1227 μίτρονς
273 1146 491 1226 ἑξακισχιλίων
523 1147 616 1220 ἐτῶν,
651 1145 689 1218 cic
725 1155 835 1226 Φατιν.
882 1149 1049 1217 Meineke:
1083 1151 1170 1236 „quir
1200 1151 1300 1214 οτεάοί

108 1262 195 1319 tauta
227 1254 408 1339 antiquitate
438 1254 539 1318 Ιίονοο
566 1254 712 1335 ρίονὶοίοο
741 1255 826 1319 ecre?
857 1263 889 1318 at
915 1257 1100 1320 scribendum
1122 1257 1188 1322 οείνε
1210 1255 1299 1322 dubio

110 1360 330 1441 ἑξακισχιλίων
353 1359 464 1424 tntu?
509 1359 603 1444 Apud
627 1359 774 1425 barbaros
797 1361 926 1445 quidem
949 1365 983 1426 in
1013 1362 1073 1428 tali
1091 1383 1125 1428 re
1141 1361 1300 1450 gloriandi

109 1489 166 1533 nec
189 1467 292 1553 pudor
314 1487 371 1531 nec
394 1466 509 1531 modus
532 1471 597 1542 est,
622 1486 724 1550 neque
743 1469 899 1553 cogitavit
918 1467 1067 1535 Meineke
1088 1489 1144 1534 cur
1162 1466 1199 1540 ὥς
1217 1476 1298 1549 φατι

109 1574 151 1637 sit
183 1571 348 1650 additum,
378 1573 493 1657 quibus
516 1573 621 1638 verbis
644 1574 721 1638 eatis
743 1572 863 1638 indicat
886 1571 999 1640 Strabo
1022 1574 1138 1640 horum
1161 1595 1194 1640 oe
1216 1572 1300 1640 nihil

111 1679 245 1744 credere.
284 1693 288 1698 ·

154 1784 191 1849 In
223 1785 335 1851 eadem
365 1806 399 1850 re
429 1781 543 1850 Graeci
573 1805 636 1850 non
659 1790 734 1850 sunt
756 1783 861 1850 multo
883 1787 1021 1850 saniores
1043 1805 1139 1870 quam
1162 1784 1299 1852 barbari.

109 1890 203 1957 Plato
233 1894 269 1955 in
304 1890 423 1954 timaeo
454 1911 527 1977 pag.
553 1889 607 1955 23.
631 1909 662 1956 n.
686 1893 768 1956 serio
789 1891 917 1957 ridetur
940 1890 1064 1955 credere
1086 1890 1300 1955 sacerdotibus

111 1997 301 2082 quibusdam
336 1996 507 2083 Aegyptiis
542 2017 660 2083 magna
697 2018 771 2062 cum
810 1998 969 2084 gravitate
1000 1995 1194 2061 dicentibus:
1226 1998 1299 2077 ταρ·

112 2105 185 2180 ἡμῖν
216 2104 246 2167 ἐν
278 2109 341 2172 τοῖς
375 2103 461 2182 ἱεροῖς
492 2103 680 2180 γράμμασιν
703 2101 1035 2182 ὀκτακισχιλίων
1057 2104 1151 2168 ἐτῶν
1175 2103 1299 2182 άριίμὸς

110 2210 309 2294 γέγραπται,
351 2214 383 2274 et
421 2208 563 2275 fabulam
594 2209 633 2274 de
664 2207 769 2274 insula
799 2206 964 2274 Atlantide
996 2229 1035 2273 ex
1065 2213 1133 2274 tarn
1162 2210 1299 2274 vetustis

109 2313 275 2382 literarum
305 2317 522 2381 monumentis
552 2315 590 2380 ad
616 2313 741 2380 Solonis
764 2319 900 2381 aetatem
924 2315 1132 2403 propagatam
1155 2320 1188 2381 et
1210 2314 1298 2382 Posi-

109 2421 220 2488 donius
243 2427 276 2488 et
295 2419 408 2488 Strabo
427 2441 537 2487 veram
557 2441 624 2486 esse
643 2420 821 2486 credebant.
842 2421 908 2487 rid.
929 2418 1117 2487 Strabonem
1131 2441 1204 2509 pag.
1219 2419 1294 2488 102.

155 2630 233 2718 Pag.
271 2629 346 2697 140.
385 2629 420 2695 τὸ
456 2637 511 2704 τῆς
548 2629 710 2708 Φωσφόρον
746 2630 842 2706 ίερίν,
879 2621 913 2702 ἣν
950 2635 1078 2696 καλοῦσι
1112 2637 1296 2695 ΛΟΤΚΕΜ

108 2745 310 2802 ΛΟΤΒΙΑΝ.
359 2735 547 2801 Retinuerat
576 2756 638 2800 non
667 2735 784 2813 semel,
816 2735 871 2801 sed
901 2736 951 2800 bis
981 2736 1118 2802 formam
1146 2735 1295 2802 Latinam

107 2848 225 2923 λοῦιιεμ
247 2842 406 2922 δονβίοιΜ.
442 2841 583 2907 Dirioim
607 2842 707 2906 son'be
731 2862 804 2930 pag.
830 2839 896 2907 213
921 2840 1053 2920 Νίβονμ
1077 2840 1224 2921 Κοίμονμ.

154 3051 278 3118 Sruuno
309 3071 381 3138 pag.
415 3048 490 3114 142.
530 3048 564 3112 τὸ
597 3054 770 3125 περιττεῦον
802 3055 860 3115 τῶν
891 3055 1014 3128 καρτῶν
1045 3051 1294 3128 άτεμιτολΕΙται

108 3159 222 3241 ρ’ριδίωι.
257 3157 342 3224 Facu
366 3153 596 3224 Graeculorum
618 3154 745 3220 dicebat
768 3156 982 3238 άτεμτολεῖν,
1007 3161 1063 3220 cut
1086 3157 1184 3221 etiam
1203 3159 1294 3241 peius

110 3265 329 3340 άτεμτωλεῖν,
360 3263 399 3327 dc
429 3263 532 3327 forma
555 3269 668 3327 πωλεῖν
693 3264 879 3349 cogitantes.
915 3259 1030 3327 Strabo
1052 3271 1090 3326 ut
1113 3281 1296 3329 omnesve

110 3376 191 3438 teres
211 3373 442 3450 truncabitur
466 3367 600 3434 dixerat.

155 3574 229 3668 Pag.
260 3576 338 3645 144.
370 3578 420 3650 de,
439 3573 694 3642 Turdetanorum
718 3575 831 3661 opibus
853 3573 983 3641 Strabo:
1009 3574 1061 3640 καὶ
1086 3573 1171 3654 καρίς
1196 3575 1228 3641 δὲ
1252 3613 1295 3626 --

110 3681 258 3762 ἐξάγεται
290 3683 342 3748 καί
374 3681 480 3754 κόκκος
516 3683 616 3754 πολλὴ
640 3682 692 3747 καί
722 3682 831 3760 μίλτος
856 3685 889 3746 οὐ
912 3683 1023 3764 χείρων
1045 3689 1101 3757 τῆς
1126 3692 1295 3760 Σινωτικῆς

114 3787 212 3878 [yid.
258 3787 337 3857 Dele
366 3798 442 3868 γῆς,
465 3809 540 3854 nam
565 3788 734 3876 cogitando
758 3787 972 3872 supplendum
994 3791 1125 3866 μίλτον,
1150 3795 1189 3855 ut
1210 3796 1295 3856 recte

109 3901 303 3982 postpauca
325 3897 491 3962 scribitur:
515 3897 548 3960 οὐ
572 3897 681 3974 χείρων
707 3903 762 3967 τῆς
787 3901 945 3968 Ποντικῆς.

160 4001 193 4066 ln
220 4005 337 4068 vicinia
365 4003 435 4085 quis
465 4001 571 4066 credat
601 3998 790 4065 Strabonem
822 3999 957 4064 scribere
979 4003 1138 4084 potuisse:
1164 4001 1293 4078 ἄφθονος

112 4105 146 4171 δὲ
170 4107 217 4170 καὶ
240 4105 448 4184 βοσκημάτων
472 4108 677 4171 ἈΦΘΟΝΙΛ
703 4101 874 4169 ταντοίωνί
893 4109 926 4169 at
947 4110 983 4169 tu
1004 4109 1142 4194 corrigo:
1164 4109 1293 4187 ἄφθονος

113 4248 163 4261 —-
185 4221 291 4279 ΦΟΡΑ
322 4212 483 4278 ταντοίων.
529 4209 687 4297 Compara
716 4233 791 4300 pag.
827 4210 902 4276 145.
935 4216 1032 4294 φοράς
1063 4221 1118 4287 τῆς
1150 4215 1293 4292 βαλάνου

113 4317 275 4397 γενομένης
307 4318 405 4400 Φοράν
429 4317 479 4384 καί
504 4319 563 4384 τῶν
588 4317 694 4383 ίιίννων
716 4312 803 4383 εἶναι.
827 4323 860 4384 et
881 4337 955 4404 pag.
982 4316 1057 4384 197.
1082 4319 1121 4384 de
1144 4319 1293 4396 Druidu:
