3034 4970
654 235 716 313 177

135 433 211 521 Pag.
249 432 325 501 373.
363 431 471 514 ἕρημος
508 433 536 498 δ’
571 434 617 501 ε’ςί
651 437 772 507 κάκείνη
806 438 836 516 (ή
873 437 994 521 Τίρυνς)
1029 439 1081 502 καί
1109 441 1125 513 ή
1150 439 1278 514 πλησίον

98 539 189 603 Μιδὲα
231 576 277 589 -
317 539 420 620 παύση
461 539 487 603 δ’
523 534 625 618 όμορος
662 540 838 621 Πρόσυμνα.
874 581 916 591 -
952 545 1114 622 ήρήριοισαν
1150 546 1182 610 δὲ
1218 547 1278 618 τάς

98 654 304 712 ΠΛΕΙΕΤΑΟ
328 649 354 712 οἱ
378 647 511 726 Ἀργεῖοι
536 647 740 719 ἀπειθούσας·
766 650 791 713 οί
810 649 837 714 δ’
862 649 1009 730 οἰκήτορες
1033 653 1058 715 oi
1082 653 1139 728 μὲν
1163 654 1196 716 ἐκ
1219 663 1275 728 τής

98 753 227 829 Τίρυνθος
265 754 403 826 ἀπήλθον
436 755 478 824 είς
515 753 712 832 Ἐπίδαυρον,
748 756 773 819 σί
807 755 837 819 δὲ
874 757 889 818 ἑ
902 803 1092 822 .........
1130 759 1172 829 είς
1207 758 1276 830 τοὺς

98 866 202 930 Ἀλιεῖς
223 861 439 936 καλουμένους.
488 858 525 923 In
550 855 665 925 Codice
692 863 732 925 A.
756 860 869 926 lacuna
895 867 960 941 θεῖ,
982 883 1020 927 ex
1040 861 1076 927 B.
1098 869 1276 928 assumtum

98 972 140 1031 est
167 965 424 1051 supplementum
455 964 560 1032 nihili.
592 966 618 1029 οῖ
647 966 679 1030 δὲ
710 965 758 1053 ε’(ξ
789 964 962 1050 Ἑρμιόνης)
990 969 1033 1041 είς
1057 971 1126 1041 τοὺς
1151 972 1276 1042 Ἀλιεῖς.

97 1071 216 1160 Magnis
235 1072 312 1136 haee
334 1070 578 1137 difficultatibus
597 1083 796 1155 premuntur.
831 1071 1006 1158 Postquam
1025 1077 1278 1141 nominavittria

98 1177 253 1262 oppidula,
275 1197 337 1262 qno
357 1182 450 1261 pacto
470 1176 583 1242 addere
604 1180 725 1262 potuit:
747 1179 909 1256 ήρήριωσαν
924 1179 955 1243 δὲ
971 1180 1029 1250 τάς
1042 1178 1276 1246 ΠΛΕΙΕΤΑΕί

98 1282 161 1348 Non
191 1305 299 1348 omnes
325 1285 445 1370 igitur,
469 1286 577 1367 itaque
600 1286 657 1348 uni
679 1283 793 1349 saltem
817 1293 1042 1370 pepercerunt,
1067 1295 1100 1352 et
1123 1287 1204 1352 duae
1227 1309 1278 1352 su-

97 1396 232 1474 persunt,
257 1410 338 1475 quae
362 1391 395 1454 αἱ
419 1397 547 1458 πλεῖςαι
571 1390 725 1455 dicantur.
773 1389 903 1478 Nugae!

135 1497 375 1562 Emendandum
398 1502 461 1561 est:
487 1498 649 1575 ήρήμοισαυ
676 1497 706 1561 δὲ
727 1497 786 1570 τόις
806 1507 967 1563 nonelc
986 1501 1011 1563 οἱ
1032 1502 1165 1580 ’λργεῖοι
1185 1501 1275 1564 ἀπει-

99 1602 206 1676 θούσας.
227 1604 252 1667 οἱ
272 1603 298 1667 δ’
319 1602 467 1682 οἰκήτορες
490 1639 531 1650 -
551 1604 695 1676 ἀπῆλθον.
730 1601 939 1688 Opponuntur
958 1606 1042 1669 inter
1061 1626 1093 1670 se
1113 1609 1145 1670 αί
1171 1605 1276 1678 πόλεις

72 1699 126 1774 ¹ei
147 1711 169 1774 οί
192 1710 356 1786 οίιιήτορεςε
381 1709 467 1773 arbee
488 1709 551 1772 οοίο
575 1716 716 1794 aequatae
738 1717 824 1781 ιιιιιθ,
851 1710 966 1774 incolae
989 1712 1051 1774 alio
1073 1713 1249 1793 οιίρνονυοιθ.

136 1816 211 1882 Vide
240 1837 325 1881 nunc
357 1835 453 1900 quam
478 1815 650 1884 absurdum
674 1818 717 1880 sit
740 1815 871 1881 lacunae
894 1816 1170 1901 supplementum:
1194 1819 1220 1882 oi
1246 1817 1277 1882 δὲ

102 1921 141 2006 di
161 1922 327 2001 Ἑρμιόνης)
351 1923 393 1992 είς
419 1921 489 1991 τοὺς
514 1919 643 1992 Ἁλιεῖς·
692 1920 740 1986 De
763 1921 938 1987 Hermione
960 1920 1073 1988 Strabo
1096 1945 1134 1987 ne
1159 1925 1277 2011 cogita·

101 2027 147 2092 bat
173 2030 316 2114 quidem,
347 2034 380 2096 et
410 2028 515 2092 stabat
543 2028 620 2092 urbs
646 2026 856 2112 florebatque,
881 2036 919 2092 ut
941 2027 1055 2094 Strabo
1077 2031 1144 2114 ipse
1167 2031 1276 2094 statim

100 2141 203 2200 narrat.
249 2134 361 2220 Itaque
384 2134 535 2199 suadente
558 2133 622 2198 loci
645 2136 801 2199 sententia
824 2133 1030 2220 suppleamus
1052 2138 1175 2221 potius:
1199 2136 1223 2200 ai
1243 2135 1274 2200 δὲ

100 2240 142 2325 ε’(ιι
162 2248 217 2305 τῶν
239 2240 356 2329 ἀλλων)
383 2241 425 2312 είς
449 2241 518 2312 τοὺς
544 2241 673 2311 Ἀλιεῖς.

135 2449 209 2537 Pag.
254 2449 331 2519 374.
372 2447 497 2529 μεταξὺ
532 2450 564 2514 δὲ
597 2448 754 2530 Τροιζῆνος
791 2449 843 2516 καί
880 2451 1062 2530 Ἐπιδαύρου
1097 2454 1206 2534 χωρίον
1242 2450 1276 2530 ήν

96 2557 205 2635 ἐρυμνὸν
226 2559 398 2622 Μέθανα
422 2556 474 2621 καί
496 2554 673 2637 χερρόνησος
695 2558 849 2634 όραύνυριος
871 2557 983 2638 τούτῳ·
1002 2560 1088 2640 παρόι
1110 2560 1275 2644 Θουκυδίδῃ

95 2662 121 2726 δὲ
149 2664 176 2729 ἓν
206 2688 283 2728 τισιν
313 2662 518 2743 ἀντιγράΦοις
552 2663 715 2737 Μεόύνη
751 2669 892 2741 Φέρεται.
946 2664 1049 2731 Locus
1077 2665 1275 2753 Thucydidis
1330 2750 1332 2754 .

94 2770 202 2858 legitur
224 2770 277 2836 IV.
305 2769 358 2834 45.
384 2770 595 2848 &planetaria
618 2770 761 2842 Μεθώνην
784 2770 839 2842 τήν
862 2769 985 2846 μεταξὺ
1011 2770 1194 2851 Ἐπιδαύρου
1218 2773 1271 2836 καί

96 2879 238 2957 Τροιζῆνος
271 2877 325 2941 καὶ
356 2875 575 2952 ἀπολαβόντες
606 2876 657 2938 τὸν
688 2881 743 2946 τῆς
773 2879 957 2955 χερσονήσου
982 2876 1087 2952 ίσθριόν
1112 2878 1142 2939 ἐν
1160 2873 1230 2942 ἵὨΙ
1255 2881 1271 2953 ή

96 2981 208 3059 Μεθώνη
239 2981 302 3052 ε’ςίν
334 2983 396 3046 xri.
445 2979 650 3070 Thucydidas
673 2979 822 3047 Doricam
846 2985 985 3048 nominis
1009 2983 1146 3048 formam
1170 3004 1272 3050 serva·

96 3103 173 3154 seraa
203 3088 349 3155 Μεθάναν
373 3093 406 3154 et
428 3089 512 3173 apud
535 3087 722 3153 Strabonem
747 3087 878 3152 Μεθάνα
903 3109 959 3173 pro
985 3087 1113 3152 Μέθανα
1135 3090 1273 3155 seriben-

97 3193 172 3262 dum.
215 3195 383 3262 Praeterea
406 3193 589 3281 Thucydidi
611 3194 723 3260 redde:
749 3195 778 3256 ἕν
797 3190 859 3257 'HI
884 3196 899 3267 ή
926 3197 1056 3258 Μεθάνα
1076 3193 1150 3262 ε’ςίν.
1186 3194 1272 3260 Urbs

95 3308 152 3367 erat
171 3306 204 3368 in
227 3301 414 3389 paeninsula
437 3301 477 3366 ad
500 3322 605 3374 mare.
629 3318 694 3365 non·
715 3301 750 3363 in
774 3301 1001 3387 angustissimo
1023 3300 1155 3366 isthmo.

130 3510 204 3601 Peg.
230 3510 307 3578 375.
334 3517 379 3577 sic
400 3510 620 3576 scribendum:
647 3509 818 3590 αἰνομόζετο
843 3510 874 3574 δὲ
897 3508 1047 3597 (Aegina)
1070 3507 1161 3583 Οῖνόη
1181 3508 1277 3593 (libri

93 3615 191 3706 οίνύνη)
227 3618 329 3684 πάλαι
365 3617 521 3694 θμύνυρςος
552 3616 617 3680 δυσί
651 3615 754 3692 δήμοις
787 3625 843 3690 τῆς
876 3617 1023 3687 Ἀττικῆς
1057 3617 1098 3694 τῷ
1129 3639 1164 3678 τε
1197 3614 1268 3695 πρὸς

93 3722 269 3804 Ἐλευθεραῖς
302 3725 353 3789 καί
385 3730 445 3808 ρειρῖ
477 3730 535 3788 τῶν
567 3725 601 3787 ἐκ
636 3722 848 3801 τετραπόλεως
881 3729 936 3796 τής
968 3720 1034 3801 περὶ
1069 3721 1265 3800 Μαραθῶνα,

93 3832 148 3892 καθ’
178 3828 209 3907 ής
240 3833 256 3906 ή
288 3832 437 3912 παροιμία
473 3829 623 3908 ,Οἰνόη
658 3828 745 3916 dibri
774 3827 886 3912 οίνόινη)
919 3827 988 3900 τήν
1020 3821 1270 3908 χαράδρανζ”

92 3931 157 4002 Post
179 3939 373 4018 Ἐλευθεραῖς
397 3936 607 4023 interpolatus
629 3943 677 4000 est
699 3934 788 4000 loeus
812 3954 850 3998 ex
872 3933 1037 4019 Euripidis
1059 3935 1213 4020 Antiope:

939 4038 1030 4120 Οίνόη

279 4152 443 4232 σόγχορτα
466 4151 538 4215 ναίοι
563 4148 655 4214 πεδία
679 4156 751 4219 ταῖς
774 4151 803 4211 τ’
829 4147 1034 4225 Ἐλευθεραῖς.

92 4255 122 4318 λθ
154 4278 204 4343 eo,
239 4261 296 4347 qui
330 4266 379 4326 aot
415 4257 493 4323 alios
526 4261 693 4344 poetarum
725 4255 810 4320 locos
846 4251 1054 4318 Straboniano
1090 4255 1176 4339 operi
1215 4254 1268 4318 ad-

91 4363 211 4447 scripsit.
1032 4359 1035 4362 ’

1085 4466 1116 4511 ιν
