3034 4970
642 269 706 339 241

97 470 140 558 eui
168 466 284 534 Graeci
315 485 372 550 per
400 463 589 530 derisionem
610 463 861 552 Agememnouie
885 481 919 528 ee
942 461 1043 528 filium
1067 466 1178 532 eedem
1200 465 1272 556 loge

97 573 212 639 daturos
233 569 425 658 pollicentur
448 589 494 635 ve.
523 566 599 635 378.

218 679 322 755 δοῖμεν
343 674 371 741 δ’
396 675 560 755 Ἀτρεΐδαο
583 675 742 755 θυγατρῶν
762 670 843 747 εἶδος
867 673 973 754 άρόςνν

202 783 335 863 Ἄργεος
360 780 574 860 ἐξαγαγόντες
599 779 755 860 ὀπυιέμεν.

217 889 294 954 άλλ’
316 885 409 967 ἕπευ,
433 885 502 968 ὄφρ’
525 886 575 952 ε’πὶ
601 888 685 963 νηυσὶ
710 886 868 965 συνώμεθα
892 886 1115 969 ποντοπόροισιν

218 994 305 1077 ancl
330 992 446 1078 γάμῳ,
471 993 536 1058 ἐπεὶ
562 993 641 1060 οότοι
664 992 807 1059 ’ἐεδνωταὶ
833 993 922 1058 κακοό
944 994 1040 1073 εἰμεν.

128 1099 273 1167 Scholion
297 1100 337 1165 ad
359 1121 406 1167 ve.
432 1098 508 1164 366.
540 1099 739 1167 άνέεδνονε
772 1099 908 1174 ἧδιπλῆ
932 1094 978 1166 ότι
1009 1097 1102 1166 ἕδνα
1131 1098 1267 1167 ἐδίδοσαν

91 1209 111 1273 οἱ
138 1204 363 1285 μννςευόμενοι.
393 1205 435 1271 διδ
467 1202 551 1277 οὗτοι
583 1207 793 1287 ὑποσχόμενος
825 1203 984 1284 ἕξελάσειν
1009 1205 1080 1281 τοὺς
1105 1204 1265 1283 Ἕλληνας

90 1313 213 1379 άνὲεδνον
236 1315 322 1378 αἰτεῖ
340 1314 395 1388 τὴν
419 1311 632 1393 Κασσάνδραν.
653 1319 685 1379 ei
708 1314 748 1378 ed
769 1334 818 1380 vs,
845 1311 921 1378 382.
947 1313 1156 1379 εἐδνωταθε
1183 1316 1199 1388 ἡ
1224 1314 1273 1378 δι·-

90 1429 145 1495 πλῆ
175 1415 220 1484 ότι
252 1417 346 1484 ἕδνα
378 1420 514 1484 ε’διδοσαν
550 1421 576 1485 οἱ
612 1419 839 1499 μννςευόμενοι.
875 1418 1016 1485 ἐεδνωταὶ
1053 1421 1084 1486 δέ
1120 1419 1264 1499 κηδεςαό,

89 1527 220 1610 πενθεροθ.
254 1523 334 1591 οὗτοι
366 1526 428 1606 γάρ
460 1527 502 1591 τά
535 1521 606 1592 ἕδνα
629 1527 716 1608 παρά
739 1531 797 1591 τῶν
820 1526 1047 1605 μννςευομένων
1071 1526 1262 1607 ἐνεδέχοντο,

86 1632 143 1722 leg.
166 1633 340 1715 ’ἐδέχοντο

124 1741 277 1807 dicun.
304 1738 380 1805 190.

257 1843 398 1924 ἠγάγετο
423 1844 493 1926 πρὸς
519 1843 637 1924 δώματ’
663 1844 729 1909 ἐπεὶ
754 1844 825 1925 πόρε
849 1843 930 1925 μόρι’
954 1841 1049 1911 έεδνα.

85 1953 116 2016 cf.
142 1952 245 2020 Schol.
269 1951 318 2018 ad.
342 1973 388 2018 ve.
415 1949 489 2018 178.

121 2059 208 2127 Iliad.
233 2071 272 2126 X.
299 2057 377 2128 472.
925 2129 927 2143 ι

391 2159 441 2230 ἕπε
464 2188 517 2243 μιν
540 2166 728 2247 κορυθαίολος
753 2161 888 2243 ἠγάγεθ’
910 2165 1029 2246 Ἕκτωρ

253 2273 286 2338 εἰι
311 2271 404 2350 δόμου
428 2271 585 2344 Ἠετίωνος
611 2269 675 2336 έπεδ
701 2271 773 2351 πόρε
796 2268 878 2351 μόρι’
902 2269 1000 2338 έεδνα.

120 2377 396 2460 Quemadmodum
419 2380 457 2444 do
480 2399 592 2463 eponeo
612 2375 821 2458 diciturenim
841 2375 925 2457 μόρι’
947 2376 1052 2455 έεδνα,
1073 2379 1118 2443 sic
1142 2377 1260 2444 dicitur

79 2482 112 2548 de
133 2487 174 2550 iio
196 2487 253 2570 qui
275 2483 377 2549 filium
401 2483 563 2549 elooerunl
587 2481 700 2570 Odyes.
728 2493 765 2548 0.
791 2481 866 2550 367.

205 2593 259 2666 τὴν
282 2591 339 2669 μέν
361 2588 469 2655 ἔπειτα
496 2589 641 2668 Σάμηνδε
666 2589 759 2655 δόσαν
783 2589 835 2655 καὶ
867 2589 974 2672 μόρι’
1007 2586 1154 2655 ἕλοντο.

76 2695 176 2762 idest
199 2697 295 2776 μόρια
318 2693 389 2761 ἕδνα
414 2696 464 2761 ε’πδ
488 2706 526 2779 τῇ
547 2697 676 2776 θυγατρὶ
702 2695 827 2774 ἔλαβον.

115 2803 205 2869 Iliad.
231 2815 267 2868 X.
293 2801 335 2867 51

205 2909 312 2974 πολλοὶ
336 2907 399 2989 γάρ
422 2907 528 2974 ὤπασε
552 2909 638 2974 παιδὶ
663 2908 758 2988 γέρων
782 2908 989 2987 ὀνομάκλυτος
1009 2912 1142 2983 Ἀλτνο.

114 3013 282 3094 Scholion:
315 3016 450 3092 ἡδιπλῖὶ
474 3013 520 3082 ότι
544 3016 571 3081 οἱ
596 3013 726 3095 πατέρες
752 3023 821 3090 ταῖς
846 3015 1018 3096 θυγατράσι
1042 3014 1257 3094 γαμουμέναις

72 3119 147 3201 δῶρα
171 3129 332 3204 παρεῖχον.

433 3228 493 3306 ἐγὼ
518 3228 544 3294 δ’
567 3226 618 3292 ε’πδ
641 3227 753 3306 μεθλια
776 3226 868 3292 δώσω.

111 3333 205 3400 iliad.
240 3318 275 3398 X.
310 3333 363 3399 88.
395 3333 458 3399 οὐδ’
482 3332 598 3414 άλοχος
630 3333 818 3414 πολόδωροςτ
853 3332 988 3409 ἡδιπλῆ
1016 3329 1062 3398 ότι
1086 3330 1178 3400 ἕδνα
1201 3335 1257 3400 ἐδό-

69 3437 161 3503 δοσαν
190 3440 217 3504 οἱ
250 3439 380 3504 παλαιοὶ
412 3447 482 3510 ταῖς
514 3439 688 3521 θυγατράσι
726 3439 778 3504 καὶ
815 3423 1043 3520 πολόδωρον
1078 3438 1167 3518 λέγει
1202 3443 1257 3516 τὴν

67 3544 300 3614 πολόεδνον.
885 3618 894 3640 .

110 3651 204 3717 Adde
234 3652 286 3717 hie
309 3672 389 3737 quae
412 3672 451 3717 ex
474 3651 656 3717 Arietercho
679 3650 862 3738 Hesychius
884 3651 1038 3717 eervevii:
1061 3651 1186 3718 Ἔδναι
1213 3654 1256 3720 τά

66 3757 123 3823 όπδ
157 3763 216 3822 τῶν
248 3757 404 3837 μνορςόρων
434 3765 504 3831 ταῖς
532 3758 771 3837 μννςενομὲναις
794 3756 946 3835 διδόμενα.
979 3756 1127 3835 μεθλια
1158 3759 1189 3824 δέ
1212 3760 1256 3825 τόν

66 3862 122 3927 ὑπὸ
157 3869 217 3928 τῶν
247 3863 359 3943 γονέων
394 3874 464 3938 ταῖς
501 3864 727 3943 γαμουμέναις.
775 3863 865 3929 Idem
900 3866 935 3927 in
968 3885 999 3929 v.
1042 3863 1254 3931 Ἀνάεδνον

64 3969 169 4046 (male
199 3992 256 4057 pro
287 3971 450 4058 άνέεδνον)ι
476 4009 518 4022 -·
551 3968 643 4037 ἕδνα
667 3970 712 4039 ecl
737 3970 779 4034 τά
803 3970 858 4050 πρὸ
882 3975 941 4035 τῶν
964 3967 1076 4048 γάμων
1100 3978 1171 4045 ταῖς
1194 3997 1256 4051 γα-

61 4077 194 4151 μεῖσθαι
217 4076 408 4156 μελλοόσαις
433 4077 520 4158 παρά
539 4082 597 4143 τῶν
616 4078 772 4157 μννςόρων
796 4075 936 4154 διδόμενα
958 4075 1044 4153 δῶρα.
1069 4073 1117 4143 Of.
1142 4077 1255 4166 Elym.

61 4183 110 4248 M.
135 4206 171 4249 v.
194 4183 334 4249 Ἐδνατ
358 4185 400 4249 τά
425 4184 480 4264 πρδ
506 4188 559 4249 τοῦ
585 4182 691 4262 γάμου
715 4183 772 4249 ὑπό
792 4187 845 4248 τοῦ
864 4183 997 4263 νυμφίου
1017 4181 1160 4260 διδόμενα
1178 4184 1256 4265 δῶρα

61 4298 101 4372 τῇ
130 4287 251 4372 νόμφρ.
276 4295 308 4357 et
331 4290 478 4358 Eneteth.
504 4291 543 4356 od
565 4288 677 4377 Odyee.
701 4289 738 4354 A.
765 4286 841 4356 277.
865 4309 938 4376 pag.
966 4285 1072 4372 1417,
1097 4286 1150 4353 12.
1173 4290 1199 4354 οἱ
1224 4287 1257 4392 δέ
1295 4311 1300 4320 ·

1083 4397 1110 4442 ιε
