3034 4970
648 209 712 290 197

94 432 152 480 non
181 417 248 480 erat
278 412 347 478 άντὶ
374 410 614 495 γυμνασιάρχου
638 411 898 501 (ἐγυμνασιάρχει
922 412 1018 498 γάρ),
1042 407 1097 478 sed
1119 417 1271 494 deterun-

94 519 270 601 νασίαρχος,
294 522 370 605 quia
393 520 532 586 absentis
554 520 687 586 Antonii
709 522 868 587 vinarium
890 520 1016 609 agebat.

131 729 209 817 Pag.
236 727 313 796 676.
337 731 406 797 καθ’
432 733 516 809 ἧμῖις
539 729 571 796 δὲ
595 730 712 805 aurien
732 730 830 812 κύριος
849 729 972 797 πάντων
992 731 1064 810 άνὶρρ
1084 729 1271 810 άξιύλοχΟΟ

92 836 138 900 καί
159 837 310 914 βασιλεὺς
336 838 393 902 ὑπὸ
418 837 573 915 Ῥωμαίων
598 837 766 916 ὠνομάσθη.
813 837 963 924 Repetite
984 836 1110 924 syllaba
1135 838 1272 904 seriben-

92 942 177 1007 dum:
223 941 383 1020 άξιύλονος
420 944 492 1008 “OC
527 943 579 1007 uei
614 943 768 1021 βασιλεύς
804 945 867 1009 κτὲ.
928 941 1078 1017 Βασιλεύς
1114 942 1270 1021 ὠνομάσθη

91 1047 235 1114 Latinum
266 1051 373 1136 magis
403 1070 500 1134 quem
520 1045 681 1116 Graecum
705 1056 769 1116 est:
793 1073 847 1115 νοτ
869 1051 1036 1134 appeltam
1058 1057 1101 1114 ert
1123 1070 1161 1115 ex
1184 1049 1270 1116 Seto.

129 1258 206 1346 Pag.
239 1257 316 1325 679.
348 1261 374 1325 οί
407 1254 454 1325 ούυ
486 1255 560 1323 Ἐπ’
594 1258 789 1340 Ἀντιπάτρῳ
815 1261 857 1341 τῷ
883 1259 1029 1340 Δερβύτρρ
1051 1260 1204 1345 (Κίλικες)
1227 1295 1270 1308 -

90 1365 152 1430 τίνα
182 1366 306 1446 λάβωσι
337 1353 446 1442 τάξιν;Ι
479 1364 643 1450 Loquendi
673 1386 751 1430 uene
783 1370 815 1431 et
847 1368 894 1431 rei
924 1371 1038 1432 nature
1068 1367 1201 1432 suadent
1233 1370 1272 1430 ut

90 1473 154 1536 ‘Tu’
184 1472 379 1553 Ἀντιπάτρῳ
410 1491 607 1556 reponemus.
667 1470 815 1537 Vidimus
850 1492 945 1557 supra
987 1473 1173 1552 Βακτριανὴν
1216 1473 1270 1546 τὴν

91 1577 140 1641 eet
171 1579 343 1659 Στασάνορι
375 1582 407 1643 et
437 1579 463 1642 oi
496 1578 549 1642 ὑπ’
584 1575 729 1661 Ἀμύντα
762 1576 933 1656 γενόμενος,
960 1584 993 1644 et
1014 1580 1139 1664 saepius
1161 1579 1187 1643 οἱ
1213 1578 1270 1644 ὑπὸ

90 1687 241 1762 Ῥωμαίοις
274 1691 306 1752 et
340 1683 445 1751 multa
479 1685 553 1749 eim.
600 1683 721 1750 Eadem
753 1703 847 1769 opera
876 1685 998 1771 corrige
1029 1705 1104 1772 pag.
1135 1681 1213 1748 661.
1244 1685 1269 1749 οἱ

90 1795 178 1872 Κάρες
203 1793 260 1858 ὑπὸ
283 1791 402 1857 ΜίνΩΙ
426 1790 592 1855 ἐτάττοντο
614 1811 670 1876 pro
694 1790 792 1856 Μίνω.

128 2001 205 2090 Peg.
231 1999 307 2066 680.
333 2001 347 2066 d
372 1999 402 2066 δὲ
425 1997 564 2080 Πριάμου
590 1999 734 2084 (πλοῦτος
759 1997 895 2083 ἐγένετο)
919 2000 953 2063 ἐκ
976 2004 1034 2063 τῶν
1057 1998 1088 2062 ἐν
1110 1997 1268 2078 Ἀστύροις

91 2109 148 2188 περί
172 2109 311 2187 ’Ἀβυδον
334 2108 503 2190 χρυσείων,
529 2103 567 2172 ὦν
591 2103 643 2170 καί
670 2107 720 2170 νύν
745 2101 789 2169 ἔτι
813 2104 908 2185 μικρά
932 2104 1092 2182 λείπεται,
1118 2105 1219 2177 πολλά
1243 2105 1271 2171 δ’

89 2215 104 2289 υἱ
128 2216 251 2293 εἰιβολΗ
276 2215 329 2280 καί
351 2215 393 2278 τά
419 2211 586 2294 ὀρύγματα
611 2218 726 2289 σημεῖα
748 2220 804 2287 τῆς
828 2211 929 2276 σάλιοι
953 2212 1158 2289 μεταλλείας.
1207 2210 1270 2277 Pro

90 2322 105 2390 ύ
133 2323 244 2403 ἕνβολιί
274 2319 491 2406 reponendum
523 2323 570 2384 est
600 2338 716 2384 nomen
743 2319 778 2382 in
802 2339 838 2383 ea
860 2338 895 2383 re
918 2320 1098 2403 proprium,
1123 2318 1206 2403 quod
1230 2317 1268 2382 ad

88 2423 163 2492 huno
183 2448 284 2512 usque
308 2426 393 2492 diem
418 2425 625 2491 Athenienses
648 2425 802 2500 retinent,
823 2425 899 2503 (nisi
918 2424 998 2489 forte
1019 2428 1066 2488 est
1085 2424 1124 2489 ab
1146 2423 1269 2489 erudito

89 2530 184 2617 aliquo
208 2555 248 2599 ex
270 2531 424 2598 Strabone
446 2531 620 2616 recentum)
645 2530 844 2608 ἧέιιβολλε.
881 2530 968 2596 Audi
987 2529 1175 2596 Strabonem
1194 2551 1268 2617 pag.

90 2634 159 2704 399.
181 2639 220 2704 de
242 2638 384 2705 metallis
405 2639 601 2704 Laureotiois
624 2639 670 2702 ita
694 2637 869 2702 dicentem:
895 2637 955 2700 νυνί
980 2635 1008 2700 δ’
1034 2636 1187 2700 ἐκλείπει·
1214 2635 1267 2700 καί

89 2740 120 2816 δὴ
150 2746 200 2808 καὶ
232 2747 258 2812 οἱ
290 2743 487 2826 ἐργαζόμενοι
518 2752 572 2818 τῆς
605 2743 800 2820 μεταλλείας
824 2742 954 2814 άσάενῶς
979 2741 1189 2817 ὑπακουούσας
1213 2744 1268 2817 τὴν

88 2851 223 2916 παλαιάν
246 2855 488 2917 ἘΚΒΟΛΑΔΑ
513 2849 566 2914 καί
590 2848 720 2928 σκωρίαν
742 2849 989 2928 άναχιονεύοντες
1013 2843 1144 2926 εύρισκον
1168 2844 1212 2912 ἔτι
1235 2846 1269 2924 ἐξ

88 2955 177 3031 αὐτῆς
210 2956 488 3037 άποιιαύαιρίμενον
521 2953 661 3035 άρχύριον
693 2962 751 3020 τῶν
775 2953 914 3034 άρχοιίιον
937 2954 1067 3034 άπείρνος
1092 2952 1266 3026 καμινευύ·

87 3082 150 3127 των.
184 3062 232 3128 Ne
253 3063 289 3127 hi
313 3060 442 3148 quidem
467 3081 505 3125 ex
529 3062 630 3126 sooria
649 3080 743 3125 omne
762 3063 932 3146 argentum
955 3062 1163 3133 excoxerunt,
1183 3058 1268 3123 unde

87 3172 188 3232 nostra
216 3169 372 3234 memoria
403 3170 419 3243 ἧ
452 3167 579 3232 παλαιά
603 3165 739 3245 ἐκβολάς
762 3164 947 3230 hominibus
968 3164 1135 3230 industriis
1157 3167 1190 3229 et
1211 3170 1267 3237 τῆς

87 3275 274 3348 μεταλλείας
297 3276 410 3360 peritis
432 3293 530 3341 novas
553 3273 684 3339 divitias
707 3271 826 3338 attulit.

129 3481 238 3551 Strabo
269 3506 342 3572 pag.
369 3482 445 3549 684.
493 3482 627 3555 Πίπλιος
653 3481 802 3555 Κλαύδιος
827 3485 971 3562 Ποῦλχερ
996 3479 1136 3558 ἐμπεσὼν
1160 3478 1202 3550 είς
1225 3478 1268 3544 τά

86 3590 208 3671 λρςύρια
238 3591 345 3671 λύτρον
379 3589 556 3668 αἰτούμενος
589 3587 730 3656 deriseris
761 3590 802 3671 τῷ
826 3589 959 3669 βασιλεῖ
978 3587 1117 3665 δεόμενος
1140 3586 1268 3667 πέμψαι
1303 3652 1305 3656 ,

85 3695 136 3760 καὶ
168 3697 332 3763 Ῥύσασύαι
363 3693 469 3762 atriu.
516 3695 588 3761 Non
617 3697 677 3760 hoe
703 3695 832 3780 petebat
862 3692 1014 3780 Clodius,
1046 3693 1100 3759 sed
1134 3697 1172 3758 ut
1195 3714 1269 3758 sea

84 3803 287 3885 praedonibus
310 3804 485 3869 redimeret:
507 3804 610 3891 igitur
632 3800 797 3868 Λύσασύαι
823 3800 926 3868 αύτύν.

128 4010 372 4098 Nonnumquam
402 4013 436 4076 in
459 4010 536 4076 loeis
558 4011 615 4076 ubi
639 4014 786 4077 vetustus
807 4007 904 4086 liber,
929 4008 1014 4073 unde
1036 4009 1268 4082 nostriomnes

83 4123 264 4197 manarunt,
290 4139 437 4205 perroeus
456 4123 523 4184 erat
542 4121 599 4183 eut
619 4115 760 4201 alioquin
780 4119 941 4181 vetustate
961 4119 1143 4201 corruptus,
1165 4134 1266 4180 unum

85 4222 276 4290 et'ulterum
306 4223 499 4291 vocabulum
530 4225 641 4308 periit,
672 4227 711 4286 ut
733 4242 807 4308 pag.
833 4218 909 4286 713.
931 4220 1001 4290 τοὺς
1025 4221 1082 4298 μὲν
1105 4219 1268 4298 ἒντιμοτά·

83 4351 153 4402 τους
185 4331 251 4419 (τῶν
280 4330 450 4414 Γαρμάνοιν
482 4332 516 4394 in
545 4328 649 4410 India)
695 4329 856 4408 ’Τλοβίους
883 4327 978 4412 φνοίν
1015 4326 1266 4420 (Megasthenes)
