<?xml version="1.0" encoding="UTF-8"?>
<!DOCTYPE html PUBLIC "-//W3C//DTD XHTML 1.0 Transitional//EN"
    "http://www.w3.org/TR/xhtml1/DTD/xhtml1-transitional.dtd">
<html xmlns="http://www.w3.org/1999/xhtml" xml:lang="en" lang="en">
 <head>
  <title>
</title>
<meta http-equiv="Content-Type" content="text/html;charset=utf-8" />
  <meta name='ocr-system' content='tesseract 3.04.00' />
  <meta name='ocr-capabilities' content='ocr_page ocr_carea ocr_par ocr_line ocrx_word'/>
</head>
<body>
  <div class='ocr_page' id='page_1' title='image "./miscellaneacrit02cobegoog_0197.png"; bbox 0 0 3034 4970; ppageno 0'>
   <div class='ocr_carea' id='block_1_1' title="bbox 652 237 716 308">
    <p class='ocr_par' dir='ltr' id='par_1_1' title="bbox 652 237 716 308">
     <span class='ocr_line' id='line_1_1' title="bbox 652 237 716 308; baseline 0 -1"><span class='ocrx_word' id='word_1_1' title='bbox 652 237 716 308; x_wconf 78' lang='lat'><em>175</em></span> 
     </span>
    </p>
   </div>
   <div class='ocr_carea' id='block_1_2' title="bbox 102 423 1281 809">
    <p class='ocr_par' dir='ltr' id='par_1_2' title="bbox 102 423 1281 809">
     <span class='ocr_line' id='line_1_2' title="bbox 103 423 1280 518; baseline 0.007 -28"><span class='ocrx_word' id='word_1_2' title='bbox 103 423 294 502; x_wconf 81' lang='grc' dir='ltr'><em>ΜεσσοοίΓνς.</em></span> <span class='ocrx_word' id='word_1_3' title='bbox 322 433 354 494; x_wconf 88' lang='lat' dir='ltr'><strong>et</strong></span> <span class='ocrx_word' id='word_1_4' title='bbox 377 428 462 514; x_wconf 85' lang='lat' dir='ltr'><strong>apud</strong></span> <span class='ocrx_word' id='word_1_5' title='bbox 485 427 590 495; x_wconf 86' lang='lat' dir='ltr'><strong>Schol.</strong></span> <span class='ocrx_word' id='word_1_6' title='bbox 615 429 759 518; x_wconf 76' lang='lat' dir='ltr'><strong>Thucyd.</strong></span> <span class='ocrx_word' id='word_1_7' title='bbox 785 430 840 497; x_wconf 87' lang='lat' dir='ltr'><em>IV.</em></span> <span class='ocrx_word' id='word_1_8' title='bbox 864 431 895 498; x_wconf 88' lang='lat'><em>8.</em></span> <span class='ocrx_word' id='word_1_9' title='bbox 920 432 1009 514; x_wconf 82' lang='grc' dir='ltr'><em>λόχοι</em></span> <span class='ocrx_word' id='word_1_10' title='bbox 1029 431 1280 510; x_wconf 71' lang='grc' dir='ltr'><strong><em>Λακεδαιμονίων</em></strong></span> 
     </span>
     <span class='ocr_line' id='line_1_3' title="bbox 104 532 1281 624; baseline 0.009 -31"><span class='ocrx_word' id='word_1_11' title='bbox 104 532 184 596; x_wconf 83' lang='grc' dir='ltr'><em>πέντε</em></span> <span class='ocrx_word' id='word_1_12' title='bbox 214 534 377 610; x_wconf 80' lang='grc' dir='ltr'><em>Αίδοίλιος,</em></span> <span class='ocrx_word' id='word_1_13' title='bbox 409 536 519 610; x_wconf 78' lang='grc' dir='ltr'><em>Σίννς,</em></span> <span class='ocrx_word' id='word_1_14' title='bbox 549 535 703 613; x_wconf 83' lang='grc' dir='ltr'><em>Σαρίνας,</em></span> <span class='ocrx_word' id='word_1_15' title='bbox 728 539 852 612; x_wconf 78' lang='grc' dir='ltr'><em>Πλόας,</em></span> <span class='ocrx_word' id='word_1_16' title='bbox 880 538 1054 614; x_wconf 80' lang='grc' dir='ltr'><em>Μεσοοίτκς.</em></span> <span class='ocrx_word' id='word_1_17' title='bbox 1105 540 1281 624; x_wconf 80' lang='lat' dir='ltr'>Utrobique</span> 
     </span>
     <span class='ocr_line' id='line_1_4' title="bbox 104 638 1280 731; baseline 0.007 -31"><span class='ocrx_word' id='word_1_18' title='bbox 104 638 288 715; x_wconf 78' lang='grc' dir='ltr'><em>ΜεσσοοίΤης</em></span> <span class='ocrx_word' id='word_1_19' title='bbox 319 642 553 727; x_wconf 87' lang='lat' dir='ltr'><strong>reponendum,</strong></span> <span class='ocrx_word' id='word_1_20' title='bbox 586 664 604 707; x_wconf 85' lang='lat' dir='ltr'><strong>a</strong></span> <span class='ocrx_word' id='word_1_21' title='bbox 633 644 763 730; x_wconf 80' lang='lat' dir='ltr'>regione</span> <span class='ocrx_word' id='word_1_22' title='bbox 786 645 874 709; x_wconf 90' lang='lat' dir='ltr'><strong>urbis</strong></span> <span class='ocrx_word' id='word_1_23' title='bbox 897 643 1046 731; x_wconf 78' lang='lat' dir='ltr'><strong>Spartae,</strong></span> <span class='ocrx_word' id='word_1_24' title='bbox 1072 649 1124 711; x_wconf 90' lang='lat' dir='ltr'><em>cni</em></span> <span class='ocrx_word' id='word_1_25' title='bbox 1148 644 1280 710; x_wconf 86' lang='grc' dir='ltr'><em>Μεσσόα</em></span> 
     </span>
     <span class='ocr_line' id='line_1_5' title="bbox 102 763 217 809; baseline 0.026 -4"><span class='ocrx_word' id='word_1_26' title='bbox 102 763 217 809; x_wconf 91' lang='lat' dir='ltr'><strong>nomen.</strong></span> 
     </span>
    </p>
   </div>
   <div class='ocr_carea' id='block_1_3' title="bbox 104 939 1282 2617">
    <p class='ocr_par' dir='ltr' id='par_1_3' title="bbox 104 939 1282 2617">
     <span class='ocr_line' id='line_1_6' title="bbox 141 939 1280 1028; baseline 0.004 -24"><span class='ocrx_word' id='word_1_27' title='bbox 141 941 215 1028; x_wconf 90' lang='lat' dir='ltr'><strong>Pag.</strong></span> <span class='ocrx_word' id='word_1_28' title='bbox 241 939 316 1004; x_wconf 85' lang='lat'><strong>365.</strong></span> <span class='ocrx_word' id='word_1_29' title='bbox 343 943 368 1006; x_wconf 83' lang='grc' dir='ltr'><em>οί</em></span> <span class='ocrx_word' id='word_1_30' title='bbox 392 942 422 1006; x_wconf 86' lang='grc' dir='ltr'><em>δὲ</em></span> <span class='ocrx_word' id='word_1_31' title='bbox 443 944 594 1026; x_wconf 80' lang='grc' dir='ltr'><em>(Δωριεῖς)</em></span> <span class='ocrx_word' id='word_1_32' title='bbox 617 944 833 1024; x_wconf 74' lang='grc' dir='ltr'><em>κατασχόντες</em></span> <span class='ocrx_word' id='word_1_33' title='bbox 855 947 909 1019; x_wconf 73' lang='grc' dir='ltr'><em>τὴν</em></span> <span class='ocrx_word' id='word_1_34' title='bbox 932 945 1111 1018; x_wconf 64' lang='grc' dir='ltr'><em>Λακωνικὴν</em></span> <span class='ocrx_word' id='word_1_35' title='bbox 1125 955 1196 1010; x_wconf 82' lang='grc' dir='ltr'><em>ΚΑΙ</em></span> <span class='ocrx_word' id='word_1_36' title='bbox 1209 951 1280 1010; x_wconf 79' lang='grc' dir='ltr'><em>κατ’</em></span> 
     </span>
     <span class='ocr_line' id='line_1_7' title="bbox 104 1047 1280 1132; baseline 0.005 -23"><span class='ocrx_word' id='word_1_37' title='bbox 104 1047 195 1126; x_wconf 79' lang='grc' dir='ltr'><em>ιἰρχόιο</em></span> <span class='ocrx_word' id='word_1_38' title='bbox 229 1049 286 1123; x_wconf 82' lang='grc' dir='ltr'><em>μὲν</em></span> <span class='ocrx_word' id='word_1_39' title='bbox 321 1047 523 1128; x_wconf 74' lang='grc' dir='ltr'><em>ἐσωφρόνουν,</em></span> <span class='ocrx_word' id='word_1_40' title='bbox 556 1049 620 1114; x_wconf 82' lang='grc' dir='ltr'><em>ἐπεί</em></span> <span class='ocrx_word' id='word_1_41' title='bbox 654 1052 680 1114; x_wconf 92' lang='grc' dir='ltr'><em>δ’</em></span> <span class='ocrx_word' id='word_1_42' title='bbox 713 1059 801 1115; x_wconf 83' lang='lat' dir='ltr'><em>OTN</em></span> <span class='ocrx_word' id='word_1_43' title='bbox 834 1050 1001 1132; x_wconf 74' lang='grc' dir='ltr'><em>Λυκούργῳ</em></span> <span class='ocrx_word' id='word_1_44' title='bbox 1032 1055 1087 1126; x_wconf 71' lang='grc' dir='ltr'><em>τὴν</em></span> <span class='ocrx_word' id='word_1_45' title='bbox 1123 1052 1280 1116; x_wconf 75' lang='grc' dir='ltr'><em>πολιτείαν</em></span> 
     </span>
     <span class='ocr_line' id='line_1_8' title="bbox 105 1153 1282 1235; baseline 0.005 -20"><span class='ocrx_word' id='word_1_46' title='bbox 105 1153 265 1231; x_wconf 73' lang='grc' dir='ltr'><em>ἐπέτρεψαν</em></span> <span class='ocrx_word' id='word_1_47' title='bbox 297 1158 438 1218; x_wconf 83' lang='grc' dir='ltr'><em>τοσοῦτον</em></span> <span class='ocrx_word' id='word_1_48' title='bbox 475 1155 702 1235; x_wconf 67' lang='grc' dir='ltr'><em>ὑπερεβάλοντο</em></span> <span class='ocrx_word' id='word_1_49' title='bbox 736 1158 805 1227; x_wconf 83' lang='grc' dir='ltr'><em>τοὺς</em></span> <span class='ocrx_word' id='word_1_50' title='bbox 840 1155 973 1234; x_wconf 75' lang='grc' dir='ltr'><em>ἄλλους,</em></span> <span class='ocrx_word' id='word_1_51' title='bbox 1010 1155 1068 1225; x_wconf 66' lang='lat' dir='ltr'><em>cios</em></span> <span class='ocrx_word' id='word_1_52' title='bbox 1106 1157 1188 1235; x_wconf 91' lang='grc' dir='ltr'><em>μόνοι</em></span> <span class='ocrx_word' id='word_1_53' title='bbox 1223 1163 1282 1222; x_wconf 82' lang='grc' dir='ltr'><em>τῶν</em></span> 
     </span>
     <span class='ocr_line' id='line_1_9' title="bbox 105 1259 1282 1349; baseline 0.005 -27"><span class='ocrx_word' id='word_1_54' title='bbox 105 1259 245 1332; x_wconf 78' lang='grc' dir='ltr'><em>Ἑλλήνων</em></span> <span class='ocrx_word' id='word_1_55' title='bbox 278 1259 330 1322; x_wconf 82' lang='grc' dir='ltr'><em>καί</em></span> <span class='ocrx_word' id='word_1_56' title='bbox 362 1267 421 1336; x_wconf 68' lang='grc' dir='ltr'><em>γῆς</em></span> <span class='ocrx_word' id='word_1_57' title='bbox 453 1261 504 1324; x_wconf 80' lang='grc' dir='ltr'><em>καί</em></span> <span class='ocrx_word' id='word_1_58' title='bbox 538 1261 698 1334; x_wconf 82' lang='grc' dir='ltr'><em>θαλοίτπνς</em></span> <span class='ocrx_word' id='word_1_59' title='bbox 731 1261 874 1341; x_wconf 78' lang='grc' dir='ltr'><em>ἐπῆρξαν.</em></span> <span class='ocrx_word' id='word_1_60' title='bbox 922 1263 963 1328; x_wconf 80' lang='lat' dir='ltr'><em>ut</em></span> <span class='ocrx_word' id='word_1_61' title='bbox 996 1284 1045 1328; x_wconf 84' lang='lat' dir='ltr'><strong>res</strong></span> <span class='ocrx_word' id='word_1_62' title='bbox 1068 1266 1137 1349; x_wconf 87' lang='lat' dir='ltr'><strong>ipsa</strong></span> <span class='ocrx_word' id='word_1_63' title='bbox 1158 1269 1190 1328; x_wconf 89' lang='lat' dir='ltr'><strong>et</strong></span> <span class='ocrx_word' id='word_1_64' title='bbox 1214 1285 1282 1330; x_wconf 88' lang='lat' dir='ltr'><strong>ver·</strong></span> 
     </span>
     <span class='ocr_line' id='line_1_10' title="bbox 104 1365 1281 1455; baseline 0.003 -25"><span class='ocrx_word' id='word_1_65' title='bbox 104 1365 206 1430; x_wconf 91' lang='lat' dir='ltr'><strong>borum</strong></span> <span class='ocrx_word' id='word_1_66' title='bbox 228 1368 416 1449; x_wconf 81' lang='lat' dir='ltr'>compositio</span> <span class='ocrx_word' id='word_1_67' title='bbox 439 1365 544 1432; x_wconf 88' lang='lat' dir='ltr'><strong>labem</strong></span> <span class='ocrx_word' id='word_1_68' title='bbox 569 1375 716 1455; x_wconf 88' lang='lat' dir='ltr'><strong>arguunt.</strong></span> <span class='ocrx_word' id='word_1_69' title='bbox 764 1369 920 1455; x_wconf 79' lang='lat' dir='ltr'><strong>Expunge</strong></span> <span class='ocrx_word' id='word_1_70' title='bbox 944 1368 1116 1434; x_wconf 89' lang='lat' dir='ltr'><strong>molestum</strong></span> <span class='ocrx_word' id='word_1_71' title='bbox 1136 1369 1191 1433; x_wconf 86' lang='grc' dir='ltr'><em>καί</em></span> <span class='ocrx_word' id='word_1_72' title='bbox 1207 1389 1281 1434; x_wconf 87' lang='lat' dir='ltr'><strong>cum</strong></span> 
     </span>
     <span class='ocr_line' id='line_1_11' title="bbox 105 1467 1281 1558; baseline 0.005 -24"><span class='ocrx_word' id='word_1_73' title='bbox 105 1467 207 1546; x_wconf 76' lang='lat' dir='ltr'><strong>Sorae,</strong></span> <span class='ocrx_word' id='word_1_74' title='bbox 243 1476 275 1534; x_wconf 88' lang='lat' dir='ltr'><strong>et</strong></span> <span class='ocrx_word' id='word_1_75' title='bbox 310 1472 416 1558; x_wconf 87' lang='lat' dir='ltr'><strong>cogita</strong></span> <span class='ocrx_word' id='word_1_76' title='bbox 451 1493 530 1556; x_wconf 91' lang='lat' dir='ltr'><strong>quae</strong></span> <span class='ocrx_word' id='word_1_77' title='bbox 567 1473 645 1538; x_wconf 91' lang='lat' dir='ltr'><strong>olim</strong></span> <span class='ocrx_word' id='word_1_78' title='bbox 675 1474 772 1537; x_wconf 86' lang='lat' dir='ltr'><strong>fuerit</strong></span> <span class='ocrx_word' id='word_1_79' title='bbox 804 1476 969 1558; x_wconf 90' lang='lat' dir='ltr'><strong>oppositio.</strong></span> <span class='ocrx_word' id='word_1_80' title='bbox 1016 1474 1139 1540; x_wconf 91' lang='lat' dir='ltr'><strong>Notum</strong></span> <span class='ocrx_word' id='word_1_81' title='bbox 1170 1481 1218 1539; x_wconf 88' lang='lat' dir='ltr'><strong>est</strong></span> <span class='ocrx_word' id='word_1_82' title='bbox 1242 1495 1281 1540; x_wconf 84' lang='lat' dir='ltr'><em>ex</em></span> 
     </span>
     <span class='ocr_line' id='line_1_12' title="bbox 104 1575 1282 1664; baseline 0.005 -26"><span class='ocrx_word' id='word_1_83' title='bbox 104 1575 223 1640; x_wconf 82' lang='lat' dir='ltr'><strong>historia</strong></span> <span class='ocrx_word' id='word_1_84' title='bbox 251 1583 324 1641; x_wconf 86' lang='lat' dir='ltr'><strong>ante</strong></span> <span class='ocrx_word' id='word_1_85' title='bbox 353 1576 541 1664; x_wconf 85' lang='lat' dir='ltr'><strong>Lycurgum</strong></span> <span class='ocrx_word' id='word_1_86' title='bbox 573 1577 720 1662; x_wconf 83' lang='lat' dir='ltr'><strong>Spartam</strong></span> <span class='ocrx_word' id='word_1_87' title='bbox 756 1581 858 1644; x_wconf 90' lang='lat' dir='ltr'><strong>turbis</strong></span> <span class='ocrx_word' id='word_1_88' title='bbox 892 1580 1042 1645; x_wconf 84' lang='lat' dir='ltr'><strong>civilibus</strong></span> <span class='ocrx_word' id='word_1_89' title='bbox 1078 1581 1282 1646; x_wconf 82' lang='lat' dir='ltr'><strong>vehementer</strong></span> 
     </span>
     <span class='ocr_line' id='line_1_13' title="bbox 104 1680 1279 1773; baseline 0.005 -29"><span class='ocrx_word' id='word_1_90' title='bbox 104 1680 258 1747; x_wconf 82' lang='lat' dir='ltr'><strong>laborasse.</strong></span> <span class='ocrx_word' id='word_1_91' title='bbox 303 1681 495 1748; x_wconf 82' lang='lat' dir='ltr'><strong>Plutarchus</strong></span> <span class='ocrx_word' id='word_1_92' title='bbox 518 1686 552 1747; x_wconf 92' lang='lat' dir='ltr'><em>in</em></span> <span class='ocrx_word' id='word_1_93' title='bbox 575 1684 701 1768; x_wconf 73' lang='lat' dir='ltr'><strong>Lperrry.</strong></span> <span class='ocrx_word' id='word_1_94' title='bbox 723 1706 789 1770; x_wconf 91' lang='lat' dir='ltr'><strong>cap.</strong></span> <span class='ocrx_word' id='word_1_95' title='bbox 813 1685 843 1752; x_wconf 80' lang='lat'><em>7.</em></span> <span class='ocrx_word' id='word_1_96' title='bbox 865 1692 937 1750; x_wconf 88' lang='lat' dir='ltr'><strong>ante</strong></span> <span class='ocrx_word' id='word_1_97' title='bbox 959 1685 1144 1773; x_wconf 80' lang='lat' dir='ltr'><strong>Lycurgum</strong></span> <span class='ocrx_word' id='word_1_98' title='bbox 1167 1688 1279 1764; x_wconf 83' lang='grc' dir='ltr'><em>οίνομία</em></span> 
     </span>
     <span class='ocr_line' id='line_1_14' title="bbox 105 1787 1281 1869; baseline 0.005 -20"><span class='ocrx_word' id='word_1_99' title='bbox 105 1787 150 1849; x_wconf 80' lang='grc' dir='ltr'><em>καί</em></span> <span class='ocrx_word' id='word_1_100' title='bbox 180 1787 296 1864; x_wconf 79' lang='grc' dir='ltr'><em>οίταξία</em></span> <span class='ocrx_word' id='word_1_101' title='bbox 324 1787 463 1867; x_wconf 77' lang='grc' dir='ltr'><em>κατέσχε</em></span> <span class='ocrx_word' id='word_1_102' title='bbox 488 1791 542 1862; x_wconf 68' lang='grc' dir='ltr'><em>τὴν</em></span> <span class='ocrx_word' id='word_1_103' title='bbox 569 1789 717 1868; x_wconf 81' lang='grc' dir='ltr'><em>Σποίρτκν</em></span> <span class='ocrx_word' id='word_1_104' title='bbox 742 1792 791 1855; x_wconf 83' lang='grc' dir='ltr'><em>ε’πί</em></span> <span class='ocrx_word' id='word_1_105' title='bbox 817 1794 913 1855; x_wconf 84' lang='grc' dir='ltr'><em>πολὺν</em></span> <span class='ocrx_word' id='word_1_106' title='bbox 937 1790 1054 1869; x_wconf 85' lang='grc' dir='ltr'><em>χρόνον.</em></span> <span class='ocrx_word' id='word_1_107' title='bbox 1101 1791 1281 1856; x_wconf 90' lang='lat' dir='ltr'><strong>Herodotus</strong></span> 
     </span>
     <span class='ocr_line' id='line_1_15' title="bbox 104 1891 1280 1978; baseline 0.004 -24"><span class='ocrx_word' id='word_1_108' title='bbox 104 1891 127 1954; x_wconf 89' lang='lat' dir='ltr'><em>l.</em></span> <span class='ocrx_word' id='word_1_109' title='bbox 151 1892 199 1956; x_wconf 84' lang='lat'><em>65.</em></span> <span class='ocrx_word' id='word_1_110' title='bbox 236 1894 499 1978; x_wconf 86' lang='grc' dir='ltr'><em>(Λακεδαιμόνιοι)</em></span> <span class='ocrx_word' id='word_1_111' title='bbox 526 1897 773 1972; x_wconf 68' lang='grc' dir='ltr'><em>κακονομώτατοι</em></span> <span class='ocrx_word' id='word_1_112' title='bbox 795 1892 872 1970; x_wconf 82' lang='grc' dir='ltr'><em>ἦσαν</em></span> <span class='ocrx_word' id='word_1_113' title='bbox 890 1897 1000 1975; x_wconf 80' lang='grc' dir='ltr'><em>σχεδόν</em></span> <span class='ocrx_word' id='word_1_114' title='bbox 1021 1898 1144 1960; x_wconf 90' lang='grc' dir='ltr'><em>ποίντων</em></span> <span class='ocrx_word' id='word_1_115' title='bbox 1164 1896 1280 1969; x_wconf 73' lang='grc' dir='ltr'><em>Ἐλλή-</em></span> 
     </span>
     <span class='ocr_line' id='line_1_16' title="bbox 106 1999 1281 2088; baseline 0.003 -27"><span class='ocrx_word' id='word_1_116' title='bbox 106 2025 152 2062; x_wconf 87' lang='grc' dir='ltr'><em>νων</em></span> <span class='ocrx_word' id='word_1_117' title='bbox 181 1999 262 2064; x_wconf 89' lang='grc' dir='ltr'><em>κατοί</em></span> <span class='ocrx_word' id='word_1_118' title='bbox 292 2025 328 2063; x_wconf 89' lang='grc' dir='ltr'><em>τε</em></span> <span class='ocrx_word' id='word_1_119' title='bbox 353 1999 452 2078; x_wconf 73' lang='grc' dir='ltr'><em>σφέας</em></span> <span class='ocrx_word' id='word_1_120' title='bbox 480 2003 590 2072; x_wconf 82' lang='grc' dir='ltr'><em>αὐτοὺς</em></span> <span class='ocrx_word' id='word_1_121' title='bbox 617 2002 668 2065; x_wconf 82' lang='grc' dir='ltr'><em>καί</em></span> <span class='ocrx_word' id='word_1_122' title='bbox 695 2002 814 2079; x_wconf 77' lang='grc' dir='ltr'><em>ξείνοισι</em></span> <span class='ocrx_word' id='word_1_123' title='bbox 838 2003 1049 2079; x_wconf 72' lang='grc' dir='ltr'><em>ἀπρόσμικτοι.</em></span> <span class='ocrx_word' id='word_1_124' title='bbox 1098 2001 1202 2088; x_wconf 81' lang='lat' dir='ltr'>Reges</span> <span class='ocrx_word' id='word_1_125' title='bbox 1226 2009 1281 2066; x_wconf 82' lang='lat' dir='ltr'><em>aut</em></span> 
     </span>
     <span class='ocr_line' id='line_1_17' title="bbox 104 2105 1281 2194; baseline 0.002 -26"><span class='ocrx_word' id='word_1_126' title='bbox 104 2107 284 2189; x_wconf 78' lang='lat' dir='ltr'><em>impotenter</em></span> <span class='ocrx_word' id='word_1_127' title='bbox 321 2105 585 2190; x_wconf 85' lang='lat' dir='ltr'><em>dominabantur,</em></span> <span class='ocrx_word' id='word_1_128' title='bbox 622 2114 678 2172; x_wconf 86' lang='lat' dir='ltr'><em>aut</em></span> <span class='ocrx_word' id='word_1_129' title='bbox 711 2108 805 2173; x_wconf 82' lang='lat' dir='ltr'><strong>malis</strong></span> <span class='ocrx_word' id='word_1_130' title='bbox 841 2109 962 2174; x_wconf 85' lang='lat' dir='ltr'><strong>artibus</strong></span> <span class='ocrx_word' id='word_1_131' title='bbox 997 2107 1107 2193; x_wconf 93' lang='lat' dir='ltr'><strong>populi</strong></span> <span class='ocrx_word' id='word_1_132' title='bbox 1142 2109 1281 2194; x_wconf 86' lang='lat' dir='ltr'><strong>gratiam</strong></span> 
     </span>
     <span class='ocr_line' id='line_1_18' title="bbox 105 2210 1280 2301; baseline 0.003 -28"><span class='ocrx_word' id='word_1_133' title='bbox 105 2212 261 2294; x_wconf 82' lang='lat' dir='ltr'><strong>captabant</strong></span> <span class='ocrx_word' id='word_1_134' title='bbox 288 2213 322 2294; x_wconf 86' lang='lat'><em>¹).</em></span> <span class='ocrx_word' id='word_1_135' title='bbox 358 2210 454 2275; x_wconf 83' lang='lat' dir='ltr'><strong>Pater</strong></span> <span class='ocrx_word' id='word_1_136' title='bbox 476 2214 543 2296; x_wconf 89' lang='lat' dir='ltr'><strong>ipse</strong></span> <span class='ocrx_word' id='word_1_137' title='bbox 567 2212 710 2301; x_wconf 83' lang='lat' dir='ltr'><strong>Lycurgi</strong></span> <span class='ocrx_word' id='word_1_138' title='bbox 728 2217 762 2278; x_wconf 93' lang='lat' dir='ltr'><em>in</em></span> <span class='ocrx_word' id='word_1_139' title='bbox 782 2216 851 2278; x_wconf 83' lang='lat' dir='ltr'><strong>rixa</strong></span> <span class='ocrx_word' id='word_1_140' title='bbox 870 2214 972 2278; x_wconf 89' lang='lat' dir='ltr'><strong>cultro</strong></span> <span class='ocrx_word' id='word_1_141' title='bbox 991 2235 1156 2298; x_wconf 89' lang='lat' dir='ltr'><strong>percussus</strong></span> <span class='ocrx_word' id='word_1_142' title='bbox 1175 2215 1280 2297; x_wconf 88' lang='lat' dir='ltr'><strong>periit.</strong></span> 
     </span>
     <span class='ocr_line' id='line_1_19' title="bbox 104 2315 1282 2406; baseline 0.003 -26"><span class='ocrx_word' id='word_1_143' title='bbox 104 2315 255 2382; x_wconf 85' lang='lat' dir='ltr'><strong>Plutarch.</strong></span> <span class='ocrx_word' id='word_1_144' title='bbox 288 2317 310 2381; x_wconf 91' lang='lat' dir='ltr'><em>l.</em></span> <span class='ocrx_word' id='word_1_145' title='bbox 335 2317 356 2380; x_wconf 97' lang='lat' dir='ltr'><em>l.</em></span> <span class='ocrx_word' id='word_1_146' title='bbox 389 2316 475 2381; x_wconf 88' lang='lat' dir='ltr'><strong>Hinc</strong></span> <span class='ocrx_word' id='word_1_147' title='bbox 505 2317 598 2383; x_wconf 86' lang='lat' dir='ltr'><strong>facile</strong></span> <span class='ocrx_word' id='word_1_148' title='bbox 630 2319 763 2406; x_wconf 87' lang='lat' dir='ltr'><strong>colligas</strong></span> <span class='ocrx_word' id='word_1_149' title='bbox 794 2323 1023 2404; x_wconf 89' lang='lat' dir='ltr'><strong>oppositionem</strong></span> <span class='ocrx_word' id='word_1_150' title='bbox 1054 2323 1087 2384; x_wconf 90' lang='lat' dir='ltr'><em>in</em></span> <span class='ocrx_word' id='word_1_151' title='bbox 1119 2317 1282 2384; x_wconf 81' lang='lat' dir='ltr'><strong>Strabonis</strong></span> 
     </span>
     <span class='ocr_line' id='line_1_20' title="bbox 104 2419 1280 2507; baseline 0.002 -22"><span class='ocrx_word' id='word_1_152' title='bbox 104 2419 164 2486; x_wconf 88' lang='lat' dir='ltr'><strong>loeo</strong></span> <span class='ocrx_word' id='word_1_153' title='bbox 193 2422 272 2488; x_wconf 84' lang='lat' dir='ltr'><strong>hone</strong></span> <span class='ocrx_word' id='word_1_154' title='bbox 303 2422 382 2488; x_wconf 88' lang='lat' dir='ltr'><strong>olim</strong></span> <span class='ocrx_word' id='word_1_155' title='bbox 413 2423 523 2488; x_wconf 82' lang='lat' dir='ltr'><strong>fuisse:</strong></span> <span class='ocrx_word' id='word_1_156' title='bbox 558 2426 631 2489; x_wconf 88' lang='grc' dir='ltr'><em>κατ’</em></span> <span class='ocrx_word' id='word_1_157' title='bbox 662 2427 766 2507; x_wconf 81' lang='grc' dir='ltr'><em>οίρχόις</em></span> <span class='ocrx_word' id='word_1_158' title='bbox 797 2428 853 2503; x_wconf 79' lang='grc' dir='ltr'><em>μὲν</em></span> <span class='ocrx_word' id='word_1_159' title='bbox 879 2434 963 2489; x_wconf 82' lang='lat' dir='ltr'><em>OTK</em></span> <span class='ocrx_word' id='word_1_160' title='bbox 989 2423 1189 2505; x_wconf 71' lang='grc' dir='ltr'><em>ἐσωφρόνουν,</em></span> <span class='ocrx_word' id='word_1_161' title='bbox 1215 2424 1280 2488; x_wconf 82' lang='grc' dir='ltr'><em>ε’πεί</em></span> 
     </span>
     <span class='ocr_line' id='line_1_21' title="bbox 105 2529 1282 2617; baseline 0.003 -27"><span class='ocrx_word' id='word_1_162' title='bbox 105 2537 155 2591; x_wconf 82' lang='grc' dir='ltr'><em>ΔΕ</em></span> <span class='ocrx_word' id='word_1_163' title='bbox 175 2529 338 2610; x_wconf 75' lang='grc' dir='ltr'><em>Λυκούργῳ</em></span> <span class='ocrx_word' id='word_1_164' title='bbox 363 2529 416 2603; x_wconf 68' lang='grc' dir='ltr'><em>τὴν</em></span> <span class='ocrx_word' id='word_1_165' title='bbox 441 2531 600 2595; x_wconf 84' lang='grc' dir='ltr'><em>πολιτείαν</em></span> <span class='ocrx_word' id='word_1_166' title='bbox 625 2531 820 2611; x_wconf 76' lang='grc' dir='ltr'><em>ἐπέτρεψαν,</em></span> <span class='ocrx_word' id='word_1_167' title='bbox 845 2534 907 2596; x_wconf 87' lang='lat' dir='ltr'><strong>nisi</strong></span> <span class='ocrx_word' id='word_1_168' title='bbox 931 2531 1015 2616; x_wconf 85' lang='lat' dir='ltr'><strong>quod</strong></span> <span class='ocrx_word' id='word_1_169' title='bbox 1037 2552 1093 2617; x_wconf 93' lang='lat' dir='ltr'><strong>pro</strong></span> <span class='ocrx_word' id='word_1_170' title='bbox 1117 2533 1171 2604; x_wconf 76' lang='lat' dir='ltr'><strong>riu</strong></span> <span class='ocrx_word' id='word_1_171' title='bbox 1196 2544 1282 2594; x_wconf 91' lang='grc' dir='ltr'><em>πολι-</em></span> 
     </span>
    </p>
   </div>
   <div class='ocr_carea' id='block_1_4' title="bbox 104 2635 1053 2741">
    <p class='ocr_par' dir='ltr' id='par_1_4' title="bbox 104 2635 1053 2741">
     <span class='ocr_line' id='line_1_22' title="bbox 104 2635 1053 2741; baseline 0.006 -31"><span class='ocrx_word' id='word_1_172' title='bbox 104 2651 178 2714; x_wconf 80' lang='grc' dir='ltr'><em>τείαν</em></span> <span class='ocrx_word' id='word_1_173' title='bbox 202 2651 389 2716; x_wconf 88' lang='lat' dir='ltr'><strong>Strabonem</strong></span> <span class='ocrx_word' id='word_1_174' title='bbox 413 2653 572 2737; x_wconf 78' lang='lat' dir='ltr'><strong>scripsisse</strong></span> <span class='ocrx_word' id='word_1_175' title='bbox 596 2653 651 2722; x_wconf 77' lang='grc' dir='ltr'><em>τδν</em></span> <span class='ocrx_word' id='word_1_176' title='bbox 676 2652 782 2718; x_wconf 88' lang='grc' dir='ltr'><em>πόλΙΝ</em></span> <span class='ocrx_word' id='word_1_177' title='bbox 811 2635 878 2741; x_wconf 82' lang='grc' dir='ltr'><em>(τό)</em></span> <span class='ocrx_word' id='word_1_178' title='bbox 902 2655 1053 2739; x_wconf 89' lang='lat' dir='ltr'><strong>suspicor.</strong></span> 
     </span>
    </p>
   </div>
   <div class='ocr_carea' id='block_1_5' title="bbox 100 2859 1282 4010">
    <p class='ocr_par' dir='ltr' id='par_1_5' title="bbox 100 2859 1282 3368">
     <span class='ocr_line' id='line_1_23' title="bbox 141 2859 1281 2948; baseline -0.001 -22"><span class='ocrx_word' id='word_1_179' title='bbox 141 2861 249 2928; x_wconf 89' lang='lat' dir='ltr'><strong>Strabo</strong></span> <span class='ocrx_word' id='word_1_180' title='bbox 272 2883 347 2948; x_wconf 85' lang='lat' dir='ltr'><strong>pag.</strong></span> <span class='ocrx_word' id='word_1_181' title='bbox 373 2859 452 2928; x_wconf 89' lang='grc'><em>866.</em></span> <span class='ocrx_word' id='word_1_182' title='bbox 478 2883 517 2926; x_wconf 84' lang='lat' dir='ltr'><em>ex</em></span> <span class='ocrx_word' id='word_1_183' title='bbox 539 2861 665 2946; x_wconf 78' lang='lat' dir='ltr'><strong>Ephoro</strong></span> <span class='ocrx_word' id='word_1_184' title='bbox 688 2863 766 2926; x_wconf 86' lang='lat' dir='ltr'><strong>haec</strong></span> <span class='ocrx_word' id='word_1_185' title='bbox 785 2867 909 2926; x_wconf 88' lang='lat' dir='ltr'><strong>narrat:</strong></span> <span class='ocrx_word' id='word_1_186' title='bbox 932 2863 1050 2933; x_wconf 81' lang='grc' dir='ltr'><em>ἐκείνοις</em></span> <span class='ocrx_word' id='word_1_187' title='bbox 1075 2860 1281 2947; x_wconf 77' lang='lat' dir='ltr'><strong>(Eurystheni</strong></span> 
     </span>
     <span class='ocr_line' id='line_1_24' title="bbox 105 2965 1281 3048; baseline 0.002 -19"><span class='ocrx_word' id='word_1_188' title='bbox 105 2973 131 3030; x_wconf 90' lang='lat' dir='ltr'><strong>et</strong></span> <span class='ocrx_word' id='word_1_189' title='bbox 157 2968 273 3048; x_wconf 87' lang='lat' dir='ltr'><strong>Procli)</strong></span> <span class='ocrx_word' id='word_1_190' title='bbox 308 2969 338 3031; x_wconf 79' lang='grc' dir='ltr'><em>δὲ</em></span> <span class='ocrx_word' id='word_1_191' title='bbox 365 2968 476 3047; x_wconf 86' lang='grc' dir='ltr'><em>καίπερ</em></span> <span class='ocrx_word' id='word_1_192' title='bbox 501 2968 630 3037; x_wconf 78' lang='grc' dir='ltr'><em>οίκιςαῖς</em></span> <span class='ocrx_word' id='word_1_193' title='bbox 654 2967 824 3045; x_wconf 68' lang='grc' dir='ltr'><em>γενομένοις</em></span> <span class='ocrx_word' id='word_1_194' title='bbox 848 2967 928 3045; x_wconf 74' lang='grc' dir='ltr'><em>μηδὲ</em></span> <span class='ocrx_word' id='word_1_195' title='bbox 950 2971 1039 3031; x_wconf 85' lang='grc' dir='ltr'><em>τοῦτο</em></span> <span class='ocrx_word' id='word_1_196' title='bbox 1061 2966 1199 3031; x_wconf 77' lang='grc' dir='ltr'><em>δεδόσθαι</em></span> <span class='ocrx_word' id='word_1_197' title='bbox 1224 2965 1281 3034; x_wconf 68' lang='grc' dir='ltr'><em>τότε</em></span> 
     </span>
     <span class='ocr_line' id='line_1_25' title="bbox 100 3073 1282 3158; baseline 0.003 -26"><span class='ocrx_word' id='word_1_198' title='bbox 100 3074 162 3144; x_wconf 78' lang='grc' dir='ltr'><em>τοὺς</em></span> <span class='ocrx_word' id='word_1_199' title='bbox 185 3077 242 3139; x_wconf 69' lang='grc' dir='ltr'><em>ἀπ’</em></span> <span class='ocrx_word' id='word_1_200' title='bbox 266 3076 365 3138; x_wconf 83' lang='grc' dir='ltr'><em>αὐτῶν</em></span> <span class='ocrx_word' id='word_1_201' title='bbox 389 3073 459 3144; x_wconf 79' lang='grc' dir='ltr'><em>τοὺς</em></span> <span class='ocrx_word' id='word_1_202' title='bbox 482 3074 539 3150; x_wconf 77' lang='grc' dir='ltr'><em>μὲν</em></span> <span class='ocrx_word' id='word_1_203' title='bbox 563 3074 799 3153; x_wconf 83' lang='grc' dir='ltr'><em>Εὐρυσθενόδας,</em></span> <span class='ocrx_word' id='word_1_204' title='bbox 831 3073 1020 3152; x_wconf 81' lang='lat' dir='ltr'><strong>(describam</strong></span> <span class='ocrx_word' id='word_1_205' title='bbox 1044 3073 1166 3158; x_wconf 82' lang='lat' dir='ltr'><strong>relique</strong></span> <span class='ocrx_word' id='word_1_206' title='bbox 1188 3078 1226 3136; x_wconf 91' lang='lat' dir='ltr'><em>ut</em></span> <span class='ocrx_word' id='word_1_207' title='bbox 1248 3075 1282 3136; x_wconf 92' lang='lat' dir='ltr'><em>in</em></span> 
     </span>
     <span class='ocr_line' id='line_1_26' title="bbox 105 3173 1252 3264; baseline -0.002 -22"><span class='ocrx_word' id='word_1_208' title='bbox 105 3173 206 3245; x_wconf 82' lang='lat' dir='ltr'><strong>Codice</strong></span> <span class='ocrx_word' id='word_1_209' title='bbox 228 3180 373 3245; x_wconf 88' lang='lat' dir='ltr'><strong>Parisino</strong></span> <span class='ocrx_word' id='word_1_210' title='bbox 397 3189 425 3243; x_wconf 91' lang='lat' dir='ltr'>A</span> <span class='ocrx_word' id='word_1_211' title='bbox 450 3182 567 3264; x_wconf 89' lang='lat' dir='ltr'><strong>scripta</strong></span> <span class='ocrx_word' id='word_1_212' title='bbox 593 3185 667 3243; x_wconf 89' lang='lat' dir='ltr'><strong>sunt</strong></span> <span class='ocrx_word' id='word_1_213' title='bbox 690 3200 765 3244; x_wconf 91' lang='lat' dir='ltr'><strong>cum</strong></span> <span class='ocrx_word' id='word_1_214' title='bbox 789 3177 976 3242; x_wconf 85' lang='lat' dir='ltr'><strong>lacunarum</strong></span> <span class='ocrx_word' id='word_1_215' title='bbox 999 3177 1252 3263; x_wconf 79' lang='lat' dir='ltr'><strong>supplementis).</strong></span> 
     </span>
     <span class='ocr_line' id='line_1_27' title="bbox 106 3281 1112 3368; baseline -0.001 -22"><span class='ocrx_word' id='word_1_216' title='bbox 106 3281 130 3346; x_wconf 86' lang='lat' dir='ltr'><em>l.</em></span> <span class='ocrx_word' id='word_1_217' title='bbox 172 3288 238 3358; x_wconf 81' lang='grc' dir='ltr'><em>τοὺς</em></span> <span class='ocrx_word' id='word_1_218' title='bbox 288 3287 318 3350; x_wconf 74' lang='grc' dir='ltr'><em>δὲ</em></span> <span class='ocrx_word' id='word_1_219' title='bbox 361 3286 540 3364; x_wconf 82' lang='grc' dir='ltr'><em>προκλείδοος</em></span> <span class='ocrx_word' id='word_1_220' title='bbox 584 3288 745 3366; x_wconf 83' lang='grc' dir='ltr'><em>καλεισθαι</em></span> <span class='ocrx_word' id='word_1_221' title='bbox 789 3286 888 3364; x_wconf 85' lang='grc' dir='ltr'><em>(οίλλα</em></span> <span class='ocrx_word' id='word_1_222' title='bbox 933 3307 1001 3354; x_wconf 82' lang='grc' dir='ltr'><em>τους</em></span> <span class='ocrx_word' id='word_1_223' title='bbox 1043 3283 1112 3368; x_wconf 82' lang='grc' dir='ltr'><em>μὲν)</em></span> 
     </span>
    </p>

    <p class='ocr_par' dir='ltr' id='par_1_6' title="bbox 105 3386 1124 4010">
     <span class='ocr_line' id='line_1_28' title="bbox 105 3386 1115 3477; baseline 0 -25"><span class='ocrx_word' id='word_1_224' title='bbox 105 3386 129 3452; x_wconf 85' lang='grc'><em>2.</em></span> <span class='ocrx_word' id='word_1_225' title='bbox 172 3393 319 3470; x_wconf 85' lang='grc' dir='ltr'><em>αγίδας’</em></span> <span class='ocrx_word' id='word_1_226' title='bbox 299 3413 361 3456; x_wconf 89' lang='grc' dir='ltr'><em>απο</em></span> <span class='ocrx_word' id='word_1_227' title='bbox 351 3389 482 3468; x_wconf 86' lang='grc' dir='ltr'><em>αγιδος</em></span> <span class='ocrx_word' id='word_1_228' title='bbox 496 3414 548 3454; x_wconf 87' lang='grc' dir='ltr'><em>του</em></span> <span class='ocrx_word' id='word_1_229' title='bbox 533 3392 748 3468; x_wconf 81' lang='grc' dir='ltr'><em>εὐρυσθίνους</em></span> <span class='ocrx_word' id='word_1_230' title='bbox 762 3415 830 3463; x_wconf 79' lang='grc' dir='ltr'><em>τους</em></span> <span class='ocrx_word' id='word_1_231' title='bbox 845 3390 932 3477; x_wconf 81' lang='grc' dir='ltr'><em>δ(ὲ’</em></span> <span class='ocrx_word' id='word_1_232' title='bbox 903 3388 1029 3470; x_wconf 85' lang='grc' dir='ltr'><em>ενρθποδ</em></span> <span class='ocrx_word' id='word_1_233' title='bbox 1031 3412 1068 3460; x_wconf 79' lang='grc' dir='ltr'><em>ας</em></span> <span class='ocrx_word' id='word_1_234' title='bbox 1081 3391 1115 3475; x_wconf 78' lang='grc' dir='ltr'><em>α)</em></span> 
     </span>
     <span class='ocr_line' id='line_1_29' title="bbox 108 3491 1120 3580; baseline 0.002 -24"><span class='ocrx_word' id='word_1_235' title='bbox 108 3491 133 3558; x_wconf 85' lang='grc'><em>3.</em></span> <span class='ocrx_word' id='word_1_236' title='bbox 174 3501 210 3562; x_wconf 84' lang='grc' dir='ltr'><em>πό</em></span> <span class='ocrx_word' id='word_1_237' title='bbox 231 3501 415 3577; x_wconf 83' lang='grc' dir='ltr'><em>εὐρυπῶντος</em></span> <span class='ocrx_word' id='word_1_238' title='bbox 436 3502 488 3561; x_wconf 82' lang='grc' dir='ltr'><em>τοῦ</em></span> <span class='ocrx_word' id='word_1_239' title='bbox 513 3498 672 3575; x_wconf 79' lang='grc' dir='ltr'><em>προκλέους</em></span> <span class='ocrx_word' id='word_1_240' title='bbox 698 3521 768 3568; x_wconf 82' lang='grc' dir='ltr'><em>τους</em></span> <span class='ocrx_word' id='word_1_241' title='bbox 791 3497 848 3576; x_wconf 90' lang='grc' dir='ltr'><em>μ</em></span> <span class='ocrx_word' id='word_1_242' title='bbox 871 3499 948 3577; x_wconf 83' lang='grc' dir='ltr'><em>(γόιρ</em></span> <span class='ocrx_word' id='word_1_243' title='bbox 971 3496 1120 3580; x_wconf 81' lang='grc' dir='ltr'><em>βασιλεῦ)</em></span> 
     </span>
     <span class='ocr_line' id='line_1_30' title="bbox 106 3599 1122 3688; baseline 0.001 -25"><span class='ocrx_word' id='word_1_244' title='bbox 106 3599 132 3664; x_wconf 81' lang='lat' dir='ltr'><em>l.</em></span> <span class='ocrx_word' id='word_1_245' title='bbox 174 3629 224 3668; x_wconf 93' lang='grc' dir='ltr'><em>σαι</em></span> <span class='ocrx_word' id='word_1_246' title='bbox 258 3605 401 3678; x_wconf 79' lang='grc' dir='ltr'><em>δικαίως,</em></span> <span class='ocrx_word' id='word_1_247' title='bbox 435 3627 503 3674; x_wconf 76' lang='grc' dir='ltr'><em>τους</em></span> <span class='ocrx_word' id='word_1_248' title='bbox 536 3604 566 3668; x_wconf 82' lang='grc' dir='ltr'><em>δὲ</em></span> <span class='ocrx_word' id='word_1_249' title='bbox 600 3602 782 3682; x_wconf 78' lang='grc' dir='ltr'><em>δεξαμένους</em></span> <span class='ocrx_word' id='word_1_250' title='bbox 813 3604 983 3688; x_wconf 72' lang='grc' dir='ltr'><em>ἐπίόλυδας</em></span> <span class='ocrx_word' id='word_1_251' title='bbox 1016 3603 1085 3681; x_wconf 89' lang='grc' dir='ltr'><em>οίνθρ</em></span> <span class='ocrx_word' id='word_1_252' title='bbox 1088 3604 1122 3687; x_wconf 80' lang='grc' dir='ltr'><em>ιθ)</em></span> 
     </span>
     <span class='ocr_line' id='line_1_31' title="bbox 107 3703 1124 3796; baseline -0.001 -23"><span class='ocrx_word' id='word_1_253' title='bbox 107 3703 131 3769; x_wconf 88' lang='lat'>5</span> <span class='ocrx_word' id='word_1_254' title='bbox 174 3733 244 3780; x_wconf 82' lang='grc' dir='ltr'><em>πους</em></span> <span class='ocrx_word' id='word_1_255' title='bbox 280 3709 317 3773; x_wconf 93' lang='grc' dir='ltr'><em>δι’</em></span> <span class='ocrx_word' id='word_1_256' title='bbox 352 3708 470 3774; x_wconf 83' lang='grc' dir='ltr'><em>ἐκείνων</em></span> <span class='ocrx_word' id='word_1_257' title='bbox 500 3709 737 3776; x_wconf 57' lang='grc' dir='ltr'><em>δυναςευσαι.μ</em></span> <span class='ocrx_word' id='word_1_258' title='bbox 726 3733 773 3773; x_wconf 87' lang='grc' dir='ltr'><em>οε</em></span> <span class='ocrx_word' id='word_1_259' title='bbox 742 3711 803 3796; x_wconf 85' lang='grc' dir='ltr'><em>θε(ν</em></span> <span class='ocrx_word' id='word_1_260' title='bbox 836 3709 894 3774; x_wconf 83' lang='grc' dir='ltr'><em>οὐδ’</em></span> <span class='ocrx_word' id='word_1_261' title='bbox 925 3735 961 3789; x_wconf 93' lang='grc' dir='ltr'><em>αρ</em></span> <span class='ocrx_word' id='word_1_262' title='bbox 948 3734 1032 3790; x_wconf 79' lang='grc' dir='ltr'><em>ρχνγ</em></span> <span class='ocrx_word' id='word_1_263' title='bbox 1036 3709 1124 3796; x_wconf 84' lang='grc' dir='ltr'><em>έτας)</em></span> 
     </span>
     <span class='ocr_line' id='line_1_32' title="bbox 108 3808 1118 3903; baseline 0.007 -31"><span class='ocrx_word' id='word_1_264' title='bbox 108 3808 134 3875; x_wconf 88' lang='grc'><em>6.</em></span> <span class='ocrx_word' id='word_1_265' title='bbox 175 3818 362 3892; x_wconf 78' lang='grc' dir='ltr'><em>νομισθῆναι,</em></span> <span class='ocrx_word' id='word_1_266' title='bbox 384 3809 455 3895; x_wconf 87' lang='grc' dir='ltr'><em>όπερ</em></span> <span class='ocrx_word' id='word_1_267' title='bbox 476 3839 569 3878; x_wconf 91' lang='grc' dir='ltr'><em>πασιν</em></span> <span class='ocrx_word' id='word_1_268' title='bbox 592 3815 782 3903; x_wconf 79' lang='grc' dir='ltr'><em>οίποδίδοτα(ι</em></span> <span class='ocrx_word' id='word_1_269' title='bbox 804 3839 866 3888; x_wconf 83' lang='grc' dir='ltr'><em>τοις</em></span> <span class='ocrx_word' id='word_1_270' title='bbox 888 3819 1016 3886; x_wconf 79' lang='grc' dir='ltr'><em>οίκιςαῖι</em></span> <span class='ocrx_word' id='word_1_271' title='bbox 1039 3819 1118 3903; x_wconf 82' lang='grc' dir='ltr'><em>παν)</em></span> 
     </span>
     <span class='ocr_line' id='line_1_33' title="bbox 107 3913 1118 4010; baseline 0.006 -31"><span class='ocrx_word' id='word_1_272' title='bbox 107 3913 134 3979; x_wconf 81' lang='grc'><em>7.</em></span> <span class='ocrx_word' id='word_1_273' title='bbox 175 3921 281 3986; x_wconf 88' lang='grc' dir='ltr'><em>σανίαν</em></span> <span class='ocrx_word' id='word_1_274' title='bbox 312 3944 347 3985; x_wconf 88' lang='grc' dir='ltr'><em>τε</em></span> <span class='ocrx_word' id='word_1_275' title='bbox 378 3927 436 3985; x_wconf 82' lang='grc' dir='ltr'><em>τῶν</em></span> <span class='ocrx_word' id='word_1_276' title='bbox 460 3923 508 4000; x_wconf 86' lang='grc' dir='ltr'><em>εθρ</em></span> <span class='ocrx_word' id='word_1_277' title='bbox 512 3922 624 3986; x_wconf 85' lang='grc' dir='ltr'><em>υποδων</em></span> <span class='ocrx_word' id='word_1_278' title='bbox 647 3919 896 4009; x_wconf 77' lang='grc' dir='ltr'><em>ἓκπεσόν(τα’δ</em></span> <span class='ocrx_word' id='word_1_279' title='bbox 856 3947 878 3986; x_wconf 96' lang='grc' dir='ltr'><em>α</em></span> <span class='ocrx_word' id='word_1_280' title='bbox 897 3923 968 3994; x_wconf 77' lang='grc' dir='ltr'><em>ίκως</em></span> <span class='ocrx_word' id='word_1_281' title='bbox 992 3922 1026 3985; x_wconf 82' lang='grc' dir='ltr'><em>ἐκ</em></span> <span class='ocrx_word' id='word_1_282' title='bbox 1049 3924 1118 4010; x_wconf 76' lang='grc' dir='ltr'><em>τῆς)</em></span> 
     </span>
    </p>
   </div>
   <div class='ocr_carea' id='block_1_6' title="bbox 106 4087 285 4101">
    <p class='ocr_par' dir='ltr' id='par_1_7' title="bbox 106 4087 285 4101">
     <span class='ocr_line' id='line_1_34' title="bbox 106 4087 285 4101; baseline 0.022 -4"><span class='ocrx_word' id='word_1_283' title='bbox 106 4087 285 4101; x_wconf 37' lang='lat'><em>*—</em></span> 
     </span>
    </p>
   </div>
   <div class='ocr_carea' id='block_1_7' title="bbox 138 4174 1283 4252">
    <p class='ocr_par' dir='ltr' id='par_1_8' title="bbox 138 4174 1283 4252">
     <span class='ocr_line' id='line_1_35' title="bbox 138 4174 1283 4252; baseline 0.005 -24"><span class='ocrx_word' id='word_1_284' title='bbox 138 4174 162 4242; x_wconf 80' lang='grc' dir='ltr'><em>Ι)</em></span> <span class='ocrx_word' id='word_1_285' title='bbox 186 4179 301 4230; x_wconf 84' lang='lat' dir='ltr'><strong>Scribitur</strong></span> <span class='ocrx_word' id='word_1_286' title='bbox 323 4181 386 4246; x_wconf 83' lang='lat' dir='ltr'><strong>apud</strong></span> <span class='ocrx_word' id='word_1_287' title='bbox 409 4181 475 4232; x_wconf 90' lang='lat' dir='ltr'><strong>Plut.</strong></span> <span class='ocrx_word' id='word_1_288' title='bbox 501 4183 566 4246; x_wconf 80' lang='grc' dir='ltr'><em>θβρει</em></span> <span class='ocrx_word' id='word_1_289' title='bbox 592 4181 636 4243; x_wconf 73' lang='grc' dir='ltr'><em>μὲν</em></span> <span class='ocrx_word' id='word_1_290' title='bbox 662 4185 710 4229; x_wconf 72' lang='grc' dir='ltr'><em>τῶν</em></span> <span class='ocrx_word' id='word_1_291' title='bbox 735 4182 855 4244; x_wconf 77' lang='grc' dir='ltr'><em>βασιλέων</em></span> <span class='ocrx_word' id='word_1_292' title='bbox 881 4181 922 4232; x_wconf 83' lang='grc' dir='ltr'><em>οθκ</em></span> <span class='ocrx_word' id='word_1_293' title='bbox 944 4179 1061 4252; x_wconf 73' lang='grc' dir='ltr'><em>εὐπειθείᾳ</em></span> <span class='ocrx_word' id='word_1_294' title='bbox 1080 4184 1106 4235; x_wconf 75' lang='grc' dir='ltr'><em>δὲ</em></span> <span class='ocrx_word' id='word_1_295' title='bbox 1125 4192 1174 4236; x_wconf 72' lang='grc' dir='ltr'><em>τῶν</em></span> <span class='ocrx_word' id='word_1_296' title='bbox 1192 4187 1283 4251; x_wconf 83' lang='grc' dir='ltr'><em>θχλων.</em></span> 
     </span>
    </p>
   </div>
   <div class='ocr_carea' id='block_1_8' title="bbox 107 4262 1285 4410">
    <p class='ocr_par' dir='ltr' id='par_1_9' title="bbox 107 4262 1285 4410">
     <span class='ocr_line' id='line_1_36' title="bbox 110 4262 1285 4341; baseline 0.008 -25"><span class='ocrx_word' id='word_1_297' title='bbox 110 4262 162 4328; x_wconf 72' lang='lat'><strong>11⁰3.</strong></span> <span class='ocrx_word' id='word_1_298' title='bbox 183 4267 297 4327; x_wconf 79' lang='grc' dir='ltr'><em>βασιλέων</em></span> <span class='ocrx_word' id='word_1_299' title='bbox 321 4270 444 4338; x_wconf 79' lang='grc' dir='ltr'><em>Ἀπειθείρι</em></span> <span class='ocrx_word' id='word_1_300' title='bbox 468 4269 501 4321; x_wconf 80' lang='grc' dir='ltr'><em>δέ.</em></span> <span class='ocrx_word' id='word_1_301' title='bbox 541 4273 671 4336; x_wconf 85' lang='lat' dir='ltr'><strong>Postquam</strong></span> <span class='ocrx_word' id='word_1_302' title='bbox 696 4279 755 4322; x_wconf 89' lang='lat' dir='ltr'><strong>uoto</strong></span> <span class='ocrx_word' id='word_1_303' title='bbox 779 4271 859 4324; x_wconf 81' lang='lat' dir='ltr'><strong>errore</strong></span> <span class='ocrx_word' id='word_1_304' title='bbox 878 4271 995 4341; x_wconf 71' lang='grc' dir='ltr'><em>εὐπειθείᾳ</em></span> <span class='ocrx_word' id='word_1_305' title='bbox 1015 4275 1131 4340; x_wconf 87' lang='lat' dir='ltr'><strong>scriptum</strong></span> <span class='ocrx_word' id='word_1_306' title='bbox 1147 4281 1183 4325; x_wconf 88' lang='lat' dir='ltr'><strong>est</strong></span> <span class='ocrx_word' id='word_1_307' title='bbox 1199 4277 1285 4341; x_wconf 82' lang='lat' dir='ltr'><strong>uliquis</strong></span> 
     </span>
     <span class='ocr_line' id='line_1_37' title="bbox 107 4348 249 4410; baseline 0.042 -6"><span class='ocrx_word' id='word_1_308' title='bbox 107 4348 144 4399; x_wconf 74' lang='grc' dir='ltr'><em>οὐκ</em></span> <span class='ocrx_word' id='word_1_309' title='bbox 159 4356 249 4410; x_wconf 75' lang='lat' dir='ltr'><strong>auum.</strong></span> 
     </span>
    </p>
   </div>
   <div class='ocr_carea' id='block_1_9' title="bbox 0 0 1524 4970">
    <p class='ocr_par' dir='ltr' id='par_1_10' title="bbox 0 0 1524 4970">
     <span class='ocr_line' id='line_1_38' title="bbox 0 0 1524 4970; baseline 0 0"><span class='ocrx_word' id='word_1_310' title='bbox 0 0 1524 4970; x_wconf 95' lang='lat' dir='ltr'><em> </em></span> 
     </span>
    </p>
   </div>
  </div>
 </body>
</html>
