3096 4972
708 253 772 323 581

152 437 315 530 [θεωρεῖν],
334 441 480 516 οῖσαθτως
499 443 665 528 φαίνονται
685 442 816 516 εθιιοντες
834 449 896 517 τοῖς
918 439 1071 524 ὑμετέροις
1090 441 1228 517 δικαίοις.
1258 441 1337 524 Quis

147 550 337 616 mortalium
359 553 415 635 qui
437 550 537 618 vellet
560 552 680 616 dicere:
705 553 731 616 εῖ
752 550 902 628 βούλεσθε
926 550 960 614 ἐκ
982 551 1042 616 τῶν
1062 555 1204 616 παλαιῶν
1223 549 1337 630 χρόνων

148 656 315 737 ἀρξάμενοι
340 657 473 739 θεωρεῖν,
496 677 534 724 ea
556 657 654 725 verba
676 659 721 722 sio
745 654 939 722 disieoissett
981 655 1177 742 Simpliciter
1199 656 1336 722 dixerat:

148 785 245 828 omnes
267 766 320 851 qui
351 785 439 849 ισοιρι.
464 765 651 848 capessebant
672 781 748 829 mmo
772 765 808 826 αθ
830 763 964 850 antiquis
986 765 1162 848 temporibus
1176 800 1234 849 -‚
1259 763 1338 829 παν·

148 893 199 942 τες
225 871 259 934 εἰς
283 877 342 936 τῶν
364 877 506 937 παλαιῶν
527 869 692 952 οὶρξοθμενοι
715 868 829 950 χρθνων
851 869 995 944 ὡσαύτως
1020 870 1183 954 φαίνονται
1209 870 1271 935 ιιτὲ.

193 1111 276 1199 Peg.
310 1108 387 1176 805.
420 1107 452 1175 7.
483 1112 515 1176 οὐ
548 1109 611 1191 γαρ
636 1109 671 1184 δή
696 1133 773 1183 τινες
798 1110 879 1188 ὑμῶν
903 1107 995 1184 οὕτως
1021 1107 1142 1191 ἔχουσιν
1165 1112 1203 1184 ὡς
1227 1111 1338 1190 προσή·

150 1243 212 1284 κειν
245 1218 302 1297 μὲν
331 1219 419 1282 ταῦθ’
451 1214 543 1290 οὕτως
575 1214 658 1296 ἔχειν
689 1218 727 1288 οῖς
759 1218 819 1295 ἐγὼ
841 1215 942 1295 λέγω,
968 1217 1017 1281 aa
1041 1218 1073 1283 δὲ
1096 1219 1150 1292 τὴν
1175 1217 1339 1282 έπιεθκειοον

148 1327 202 1401 τὴν
228 1325 465 1404 Ἀριςογεθτονος
483 1361 524 1372 -
543 1322 735 1389 ΠΑΡοπτέον
754 1348 784 1386 τι
806 1322 859 1387 καὶ
880 1328 1119 1403 παρανομοῦντα
1139 1320 1242 1387 αὐτόν.
1277 1321 1340 1387 Pro

148 1430 242 1503 οὕτως
275 1428 380 1512 ἔχοντι
410 1429 552 1516 postolat
574 1430 637 1495 1οοὶ
661 1431 817 1495 sententia
840 1427 1021 1510 νομθζοωσιν,
1046 1428 1173 1514 οἴονται,
1197 1429 1339 1506 ὑπολαμ-

148 1537 311 1621 βοθνοοοιν,
345 1541 402 1603 eut
435 1535 542 1601 simile
578 1535 663 1620 qnid.
711 1533 757 1598 Ut
790 1534 869 1600 haec
901 1537 988 1601 notio
1020 1538 1136 1600 existat
1165 1533 1248 1601 adde
1275 1534 1338 1600 duo

148 1644 261 1712 verba:
285 1638 377 1714 οὕτως
400 1640 507 1723 έχουσι
532 1642 599 1728 (τὴν
624 1642 762 1724 γνώμην)
786 1642 823 1712 cio
849 1643 1005 1722 προτιθκΕΙ
1029 1642 1087 1720 μέν
1110 1642 1175 1707 xri.

192 1747 230 1814 In
261 1747 323 1814 fine
351 1746 414 1813 1οοί
445 1748 636 1814 mendosum
667 1754 714 1812 eet
745 1748 928 1827 παροπτέον.
975 1745 1130 1814 Oonfusae
1160 1750 1235 1811 sunt
1258 1745 1339 1810 duae

147 1856 394 1941 praepositiones
417 1875 497 1940 qnae
520 1853 657 1920 assolent
679 1858 712 1920 et
733 1853 984 1919 rescribendum:
1010 1852 1214 1920 ΠΕΡΙοπτέον
1239 1874 1337 1931 παροι-

148 1963 298 2039 νομοῢντοι
322 1960 426 2026 αθτθν.

194 2197 276 2290 Peg.
307 2197 383 2265 805.
416 2198 468 2266 10.
500 2195 544 2266 θτι
569 2200 626 2278 μὲν
649 2200 712 2283 γὰρ
735 2200 858 2283 ποννρθς
877 2239 918 2250 -
937 2198 982 2268 tn
1007 2201 1038 2267 δὲ
1063 2203 1155 2268 0er
1178 2199 1340 2282 χρήσιμος.

148 2309 219 2376 Imo
241 2327 317 2377 vero
340 2307 450 2373 οθδθΝ
472 2306 554 2371 nolti
576 2311 622 2370 rei
644 2307 739 2372 otih‘r.

193 2531 274 2623 Peg.
305 2532 383 2601 805.
418 2531 470 2599 16.
501 2534 533 2599 πθ
562 2533 717 2615 ψήφισμα
749 2533 913 2617 γέγραφεν
945 2529 966 2615 ᾧ
998 2535 1169 2608 πεισθέντες
1194 2533 1281 2613 ὑμεῖς
1305 2532 1338 2600 οὐ

148 2641 245 2707 ποθλιν
276 2649 466 2720 μετανοῆσαι
497 2637 691 2721 sperante?
737 2639 860 2708 Vitiosa
889 2647 965 2706 sunt
989 2641 1123 2717 ultima.
1147 2662 1223 2707 nam
1247 2661 1339 2706 sensu

149 2769 275 2814 cassum
311 2752 358 2813 est
390 2751 590 2829 προαιροῦμαι
626 2753 829 2825 μετανοῆσαι.
884 2746 963 2828 Quis
995 2747 1092 2813 homo
1125 2754 1273 2827 μετανοεῖ
1305 2746 1338 2809 εἰς

149 2852 366 2937 προοιρέσεωςθ
413 2853 497 2936 Quid
528 2856 570 2920 eit
593 2853 827 2920 restituendum
851 2853 923 2921 aliis
945 2853 1160 2939 quaerendum
1185 2851 1335 2935 relinquo.

193 3081 273 3170 Peg.
306 3079 383 3147 805.
417 3079 471 3148 20.
502 3077 577 3145 θτοιν
607 3081 689 3159 ὑμοῖς
721 3079 770 3162 teo
801 3078 1081 3160 ΠΑΡορνισθέντας
1103 3100 1134 3142 τι
1158 3074 1229 3158 πρθς
1251 3097 1337 3150 τινας

149 3187 201 3252 καὶ
233 3191 354 3264 μᾶλλον
385 3191 438 3252 τοῦ
469 3186 583 3259 δέοντος
616 3185 887 3263 ΠΑΡοξονθένπας.
937 3184 1021 3266 Quid
1045 3187 1088 3250 sit
1111 3182 1335 3271 corrigendum

148 3293 292 3359 ostendet
321 3293 409 3360 loous
439 3295 474 3357 in
506 3282 650 3358 Midioen
681 3314 755 3381 pag.
789 3291 864 3378 514.
898 3290 950 3357 10.
979 3285 1219 3368 dispositores
1244 3285 1337 3362 οὕτως

149 3399 277 3482 ὠργίσθη
302 3399 353 3464 καὶ
379 3399 566 3479 παρωξύνθη.
590 3399 674 3464 unde
696 3420 811 3485 repone
833 3397 881 3480 tao
904 3396 1135 3479 Ὀρνιτθέντας.
1183 3394 1338 3462 Adhaesit

147 3509 338 3594 praepositio
373 3527 412 3570 ex
441 3526 486 3590 sq.
519 3506 635 3581 verbo,
669 3505 752 3590 quod
787 3506 891 3572 soriba
924 3501 1051 3570 ένοωιιον
1085 3497 1182 3584 εἶχεν.
1239 3501 1339 3589 Saepe

148 3613 258 3679 eadem
282 3612 321 3679 de
345 3632 439 3678 eausa
461 3613 507 3678 sio
529 3613 653 3698 peooari
675 3611 809 3678 videbis.

192 3837 273 3927 Pag.
306 3836 382 3905 806.
420 3835 450 3901 5.
484 3834 591 3910 θνειδθς
623 3837 700 3916 ἕςιν,
733 3833 838 3917 ἄνδρες
866 3834 1010 3922 irascat,
1035 3835 1078 3902 τὰ
1101 3833 1276 3916 νιννθμενα
1298 3845 1338 3921 τῇ

146 3946 235 4012 τθλει
259 3943 308 4010 eet
333 3949 386 4009 τοῦ
412 3942 569 4022 βήματος.
617 3941 694 4010 Sine
716 3944 930 4010 controversia
952 3951 990 4026 τῇ
1018 3943 1106 4008 πόλει
1132 3965 1207 4009 eum
1232 3943 1338 4021 θνειθος

146 4051 406 4140 coniungendum
429 4054 492 4128 est,
516 4070 579 4115 non
603 4071 677 4116 oum
700 4051 743 4117 τθο
767 4049 951 4129 νιννθμενα.
993 4049 1141 4115 Restitne
1163 4052 1266 4139 igitur
1285 4075 1338 4120 na·

147 4167 238 4227 turae
261 4158 422 4224 ordinem:
447 4166 485 4239 τῇ
507 4154 594 4221 πθλει
618 4155 661 4220 τὰ
685 4155 859 4237 νιννθμενα
882 4156 932 4221 ἐπὶ
957 4160 1010 4221 τοῦ
1033 4156 1190 4235 βήματος.

195 4370 273 4436 Post
299 4388 401 4456 pauca
422 4365 567 4438 Dindorf.
591 4386 630 4432 ex
651 4365 674 4433 S
697 4367 802 4433 dedit:
826 4368 860 4432 οὐ
884 4366 948 4450 yos
971 4368 1119 4447 ε’πιτιμῖιν
1138 4372 1344 4451 -χαλεπὸν
