3034 4968
660 233 703 305 95

181 509 192 517 „
253 411 353 502 ριὲνζ
377 421 607 508 trauainai,
634 426 756 507 απρὲμα
781 437 844 501 σοῖς
869 429 899 493 ἐν
917 427 1069 513 ’δεμνίοις,

276 531 344 614 δρᾷς
370 531 433 611 νοδρ
457 531 540 597 οὐδὲν
565 529 602 597 ὧν
626 532 721 606 δοκεῖς
748 533 828 616 σαφ’
853 533 972 598 εἰδέναι.

143 743 253 809 Restat
276 751 313 808 ut
337 763 438 808 unum
462 743 601 810 Editoris
621 765 758 810 errorem
781 744 966 810 refellamus
984 752 1016 810 et
1035 745 1134 810 simul
1152 767 1285 834 gravem

103 848 249 915 Codicum
281 849 443 916 Strabonis
470 853 616 915 omnium
640 853 738 916 ettam
761 851 967 937 Palimpsesti
989 852 1095 917 labem
1119 853 1286 938 patefacia-

103 977 179 1021 mus.
226 955 321 1021 Initio
348 956 423 1022 libri
445 955 493 1020 IX
516 956 650 1042 legItur:
675 955 886 1037 περιιοδενκόσι
911 957 942 1022 δὲ
963 958 1019 1033 σὺν
1041 958 1284 1038 Πελοπόννησον,

104 1057 134 1134 ἣν
164 1062 282 1142 πρώτην
317 1061 442 1144 ἔφαμεν
476 1062 528 1126 καὶ
565 1063 720 1142 &anxient
751 1071 809 1128 πῶν
839 1065 1027 1128 σννπιθεισῶν
1058 1067 1112 1140 τὴν
1142 1064 1287 1130 Ἑλλάδα

103 1157 291 1248 χερροδήσων.
339 1168 554 1254 Reprehendit
582 1168 694 1234 Editor
723 1168 925 1254 interpretes,
958 1172 1012 1254 qui
1045 1171 1197 1251 ἕλαχίςνν
1218 1192 1287 1237 ver-

102 1279 168 1340 tunt
198 1275 365 1339 'minimam
402 1275 487 1355 „Qui
519 1275 647 1360 (inquit)
684 1276 713 1338 te
742 1275 872 1339 versioni
902 1276 1005 1340 dinone
1036 1276 1063 1338 iz
1089 1278 1287 1361 Peloponneso

102 1385 265 1448 minimam
296 1383 373 1445 detta
388 1381 525 1464 pendente
548 1381 621 1444 dctt'
656 1382 776 1445 Ettocte.
824 1383 881 1445 Mc
912 1403 988 1445 come
1011 1381 1073 1465 pud
1104 1383 1183 1447 diroi
1204 1385 1283 1460 tete,

103 1497 204 1553 mentre
220 1499 264 1552 'ne
288 1486 303 1551 δ
326 1489 356 1550 ta
378 1487 570 1569 mappiore?”
617 1486 773 1573 Magnam
797 1487 878 1552 hanc
903 1486 1123 1552 difficultatem
1147 1510 1204 1574 pro
1228 1511 1286 1556 sua

100 1593 224 1682 linguae
255 1591 393 1660 Graecae
423 1596 538 1679 pontin
569 1597 613 1658 sic
643 1598 804 1659 removet:
837 1592 894 1670 „P
926 1617 1025 1658 errore
1052 1595 1100 1657 dei
1123 1597 1287 1661 treduttori

101 1722 203 1786 necque
227 1700 282 1762 dat
296 1700 429 1783 prender
452 1699 600 1777 ἕλοὶχιςος
625 1700 676 1762 net
696 1700 758 1762 octo
781 1699 947 1784 eiprcifiecto
967 1701 1000 1762 a
1018 1702 1170 1778 minimo;
1194 1722 1286 1766 enon

102 1803 198 1870 αδορνεδ
230 1804 259 1868 d’
290 1803 402 1869 infimo
433 1828 449 1868 e
480 1807 513 1868 a:
543 1809 694 1882 ostrem03
721 1825 829 1888 appare
852 1805 904 1868 tct'
927 1803 942 1868 δ
965 1806 991 1866 u
1011 1809 1175 1887 ον’ρνινρῖσοοο
1197 1809 1288 1872 aucte

104 1901 149 1975 eet
170 1916 361 1994 comparativo
385 1934 400 1974 e
422 1911 474 1973 net
488 1916 635 1994 positivo,
660 1932 736 1973 come
758 1907 774 1972 ὲ
795 1936 813 1973 a
835 1911 938 1974 vedere
956 1916 989 1972 νιν
1008 1910 1136 1973 Heartci
1151 1911 1289 1995 Stephani

105 2019 266 2080 Thesaurus
288 2017 422 2097 Μονριισσ
448 2015 604 2081 Graecae.'’

142 2122 202 2188 Sed
226 2126 357 2188 sicano
381 2121 492 2188 avulso
516 2142 618 2188 errore
641 2141 704 2188 non
728 2119 834 2188 deficit
858 2121 947 2187 alter.
986 2123 1110 2208 Nempe
1133 2122 1287 2210 Pelopon-

100 2249 189 2294 nesus
218 2232 263 2294 sic
279 2230 373 2294 'facta
395 2234 443 2294 est
466 2228 725 2313 paeninsulamm
748 2228 847 2292 simul
864 2234 965 2311 prime
988 2237 1020 2294 et
1043 2237 1185 2308 οσονσνασς
1211 2231 1288 2315 quid

101 2339 197 2423 igitur
223 2336 287 2401 loci
310 2334 440 2418 reliquis
464 2331 640 2419 supererit?
686 2333 777 2398 Nihil
801 2337 916 2398 attinet
937 2335 1014 2399 haec
1037 2338 1117 2400 serio
1140 2335 1285 2400 refutare.

102 2441 182 2506 Sacis
209 2444 374 2527 perspicue
395 2438 520 2504 ‘Strabo
552 2439 675 2504 duobus
706 2438 784 2504 locis
811 2440 934 2504 dixerat
956 2444 989 2504 in
1011 2443 1140 2505 serrendo
1160 2443 1288 2527 paenin-

101 2547 167 2612 sula
191 2553 222 2613 et
238 2553 366 2632 primum
386 2547 539 2610 contineri
563 2551 595 2610 et
618 2545 714 2610 aliam
739 2541 890 2610 Graeciae
914 2553 1055 2632 partem,
1082 2567 1197 2635 agrum
1219 2546 1288 2612 Me

102 2662 279 2741 garennam
312 2655 346 2716 in
378 2657 466 2716 tertio
489 2657 618 2734 primam
650 2659 682 2715 et
712 2653 868 2715 secandam
897 2654 998 2718 inesse
1021 2659 1053 2718 ct
1076 2673 1193 2718 novam
1215 2652 1288 2718 reli·

103 2781 178 2844 quae
205 2757 356 2826 Graeciae
379 2762 504 2842 partem
527 2758 670 2822 Atticam
695 2762 727 2822 et
749 2757 914 2823 Boeotiam
938 2765 969 2823 et
992 2764 1116 2845 partem
1140 2758 1289 2823 Phocidis

101 2867 135 2931 ‘et
165 2866 355 2939 Locrorum,
396 2866 451 2947 qui
485 2863 698 2948 Epicnemidii
732 2862 948 2948 appellantur;
986 2870 1018 2929 et
1052 2867 1099 2930 ita
1133 2865 1288 2950 deinceps.

104 2970 208 3057 ltaque
238 2971 333 3055 culpa
363 2975 479 3034 vacant
513 2967 704 3053 interpretes
732 2973 880 3054 putantes
911 2969 1164 3055 Peloponnesum
1187 2969 1289 3036 solam

106 3097 167 3142 esse
194 3083 333 3142 ννννιονονι
366 3098 463 3161 quam
494 3074 747 3161 Peloponnesum
771 3075 893 3140 adiecta
915 3076 1096 3164 Megaride,
1120 3083 1176 3142 aut
1191 3077 1289 3144 'Pelo-

105 3189 271 3265 ponnesum
304 3203 378 3248 cum
408 3181 595 3270 Megaride,
626 3181 751 3264 Attica,
780 3180 926 3260 Boeotia,
961 3187 993 3246 et
1022 3187 1112 3266 parte
1142 3182 1291 3248 Phocidis

107 3293 136 3352 et
163 3288 343 3354 Locrorum,
393 3289 464 3353 Non
496 3292 619 3373 poterat
652 3292 760 3352 tamen
793 3285 907 3352 Strabo
936 3287 1062 3373 planius
1088 3294 1120 3352 et
1143 3289 1290 3353 disertius

108 3393 201 3460 dicere
217 3407 328 3480 'quam
352 3396 414 3459 sic:
447 3393 531 3459 VIII.
562 3414 633 3480 pag.
655 3391 737 3458 2334.
764 3395 780 3468 ἡ
806 3400 863 3458 σῶν
889 3394 987 3458 τόπων
1013 3395 1091 3465 θέσις
1116 3394 1289 3474 -χερρονή·

109 3523 162 3571 σοις
189 3502 349 3580 μεγάλαις
383 3491 674 3576 διαπεποικιλμένῃ,
708 3495 745 3563 ὦν
779 3500 812 3563 ἐκ
845 3500 989 3581 διαδοχῆς
1022 3503 1173 3566 ἈΤΕΡΑ
1196 3509 1289 3567 ΤΗΝ

109 3606 278 3672 ἙΤΕΡΑΝ
311 3607 398 3688 ἔχει.
433 3604 476 3676 ἔςι
509 3606 540 3670 δὲ
573 3605 674 3687 πρώπνρ
703 3607 760 3682 μὲν
788 3608 804 3682 ἧ
829 3606 1055 3680 Πελοπόννησος
1080 3645 1134 3684 -,
1159 3606 1286 3688 δευτέρα

112 3707 137 3774 δὲ
158 3714 173 3786 ἡ
193 3723 262 3779 ΚΑΙ
287 3721 469 3779 TATTHN
494 3711 612 3793 ἔχουσα
636 3751 698 3795 -,
722 3710 808 3792 πρίτιρ
834 3712 859 3776 δ’
886 3715 902 3788 ἦ
929 3723 999 3776 KAI
1024 3721 1208 3778 TATTHN
1231 3738 1288 3778 πε·

111 3817 244 3898 ριέχονσα
276 3821 342 3885 xri.
367 3823 399 3886 et
422 3819 503 3885 libro
526 3817 584 3883 IX.
607 3838 681 3905 pag.
707 3815 783 3882 390.
807 3819 861 3892 τὴν
886 3819 1130 3893 Πελοπόννησον,
1154 3809 1187 3892 ἣν
1211 3822 1289 3900 πρώ-

111 3945 158 3996 σνν
180 3923 301 4007 ἔφαμεν
326 3925 376 3989 aeri
402 3925 573 4004 ἕλαχίςνν.
587 3962 626 3972 -
643 3920 676 3998 ἦν
701 3923 732 3987 δὲ
755 3923 881 4003 δευτέρα
901 3924 958 4003 μὲν
978 3929 994 4000 ἡ
1022 3929 1288 4006 προστιθεῖσα

111 4037 143 4108 τῇ
176 4031 390 4110 Πελοποννήσῳ
426 4035 480 4105 τὴν
516 4029 705 4109 Μεγαρίδα·
742 4030 828 4110 πρίπιρ
866 4030 891 4094 δ’
929 4033 945 4106 ἦ
982 4040 1092 4096 IIPOC
1124 4040 1288 4097 TATTHI

110 4134 422 4215 ΠΡΟΕλοιμβοὶνουσα
447 4137 501 4209 σὴν
525 4139 671 4211 Ἀττικήν
695 4137 760 4200 xri.
796 4134 908 4221 Itaque
934 4140 950 4212 i
976 4137 1112 4215 ἕλαχίςν
1132 4135 1291 4226 significat

109 4259 224 4327 semper
247 4247 280 4307 et
304 4242 422 4326 ubique
445 4243 549 4325 idem,
575 4244 686 4318 etsie,
709 4241 816 4324 oredo,
836 4241 1069 4327 Peloponnesus
1088 4248 1155 4307 erat
1174 4243 1290 4308 harum

109 4350 246 4412 omnium
265 4347 536 4431 *paeninsularnm
567 4348 703 4424 νοννιοισ,
736 4350 774 4409 ut
803 4350 980 4412 rectissIme
1002 4345 1115 4412 Suebo
1138 4348 1177 4412 de
1199 4347 1290 4415 Pelo-
