3034 4970
794 245 860 313 252
876 231 879 238 ⁴

343 435 393 519 dd
418 434 567 507 Ὀδυσεὺς
590 437 676 500 κοιτόι
700 441 802 516 ιιροῖτοι
826 437 1050 516 καλυψάμενος
1075 435 1147 522 (Od.
1173 435 1220 502 Θ.’
1238 433 1304 524 92.)

275 541 364 608 Iliad.
389 562 423 608 A.
445 539 520 607 567.
545 537 640 607 ἆσσον
660 541 741 607 ίόνό’;
762 541 808 610 ότι
829 543 989 617 Ζηνόδοτος
1010 541 1129 624 γροίφει
1153 539 1276 608 σῖσσον
1298 540 1401 608 ἰόντε.

229 648 283 712 οὐκ
302 645 346 715 ἔτι
367 648 399 712 δὲ
418 649 493 712 ἄλλ’
511 647 579 712 cirri
600 651 654 712 τοῦ
682 650 692 712 ί
699 647 715 712 ό
721 673 810 722 ντος.
841 657 962 738 συγχεῖ
978 647 1009 714 δὲ
1029 648 1082 713 ιιοιί
1101 649 1137 713 τό
1156 649 1229 719 διός.
1260 647 1400 714 Emeuds:

230 752 298 818 όντί
321 757 374 820 τοῦ
402 753 503 819 ίόντΑ.
529 762 651 834 συγχεῖ
670 755 701 819 δὲ
725 755 777 820 aei
801 757 835 822 τὸ
868 755 1021 839 δνίκόν,
1053 775 1128 820 cum
1151 754 1303 819 Bekkero.

274 859 381 924 Facile
409 864 539 946 apparot
560 879 670 925 omnes
692 860 749 926 has
772 860 923 927 Zenodoti
946 862 1119 944 scripturas
1142 861 1274 925 vitiosas
1295 877 1356 923 esse
1376 860 1403 920 et

228 984 405 1051 perversas,
437 965 491 1030 sed
520 985 583 1030 non
614 968 676 1052 ipsi
706 965 864 1033 Zenodoto
895 966 1116 1052 imputandas,
1149 966 1203 1031 aed
1226 965 1316 1029 libris
1337 983 1403 1048 quos

229 1071 435 1155 sequebatur,
468 1070 502 1134 id
531 1089 654 1156 quoque
684 1074 761 1136 satis
792 1093 940 1159 apparere
964 1073 1109 1138 arbitror.
1156 1071 1229 1137 Non
1251 1069 1306 1134 ille
1326 1070 1403 1134 bonis

229 1175 420 1241 lectionibus
451 1175 552 1240 malas
581 1178 807 1262 componebat,
833 1179 887 1243 sed
909 1199 973 1244 non
995 1178 1133 1243 habebat
1155 1176 1312 1242 meliores.
1354 1174 1405 1238 Re

229 1281 422 1366 prehendere
452 1289 561 1346 autem
590 1282 787 1348 Zenodotum
818 1284 903 1370 quod
928 1284 987 1349 illa
1007 1288 1136 1349 vetusta
1158 1283 1314 1348 librorum
1336 1281 1406 1346 vitia

229 1407 294 1452 non
316 1387 448 1452 sustulit
470 1387 599 1472 perinde
623 1394 671 1453 est
694 1409 729 1454 ac
752 1390 780 1454 si
803 1393 874 1475 quis
896 1389 995 1456 vellet
1017 1388 1214 1455 Zenodotum
1241 1391 1406 1472 vituperare
1503 1415 1504 1420 1

231 1492 314 1578 quod
336 1512 399 1558 non
423 1498 504 1558 esset
526 1494 737 1559 Aristarchus.
772 1495 884 1581 Itaque
904 1495 1066 1569 Ζηνόδοτος
1086 1495 1204 1575 νοοίφει
1227 1493 1309 1559 nihil
1329 1490 1406 1557 aliud

230 1596 389 1685 significat
420 1619 516 1684 quam
545 1599 589 1663 οἰο
611 1601 751 1684 corbeton
774 1624 834 1666 ecce
856 1605 891 1666 in
913 1601 1065 1668 Zenodoti
1088 1602 1225 1667 editione
1249 1621 1288 1665 ox
1308 1598 1405 1672 libris,

231 1707 286 1789 qui
314 1703 372 1770 illa
401 1709 504 1770 aetate
533 1706 759 1790 suppetebant,
782 1693 966 1792 composita.
1015 1706 1131 1772 Omnia
1153 1707 1232 1772 haec
1255 1702 1406 1770 οιιιιιιόονίί

230 1810 433 1877 Aristarchus
464 1815 496 1874 et
526 1810 617 1876 libris
647 1811 742 1898 longe
774 1812 919 1896 pluribus
949 1819 982 1878 et
1011 1812 1198 1879 melioribus
1230 1812 1354 1878 adiutus
1381 1813 1407 1872 et

230 1937 308 1981 usus
338 1916 396 1981 illa
425 1915 607 1981 admirabili
635 1918 805 2002 ιὶγχινοίρο,
837 1919 939 2004 quah's
962 1923 1183 2005 praeterquam
1208 1920 1243 1982 in
1265 1930 1406 1984 nonnemo

230 2025 266 2087 in
286 2021 377 2087 nullo
401 2019 464 2086 alio
486 2042 641 2106 umquam
665 2023 738 2090 furt.

276 2127 314 2192 In
341 2146 405 2191 uno
429 2131 557 2191 tantum
579 2126 656 2192 libri
678 2132 777 2215 primi
800 2129 869 2195 loco
890 2130 1092 2196 Aristarchus
1115 2129 1310 2196 Zenodoteae
1331 2129 1405 2194 lecti·

231 2235 299 2297 onis
332 2232 586 2298 emendationem
619 2235 783 2322 ingeniose
817 2240 850 2300 et
884 2240 976 2301 acute
1008 2237 1100 2300 instit
1126 2237 1151 2300 't
1186 2237 1293 2323 magis
1325 2253 1406 2320 quam

231 2337 372 2424 perfecit.
419 2337 511 2402 Iliad.
535 2357 567 2422 a.
595 2337 691 2404 129.-

431 2520 434 2526 ,
856 2447 884 2514 εί
905 2447 940 2514 κέ
963 2452 1029 2514 ποόι
1055 2447 1132 2520 Ζεός

458 2553 529 2632 δῷσι
554 2551 641 2618 πόλιν
664 2554 774 2633 Τροίην
798 2556 954 2637 εὐτείχεον
977 2552 1191 2631 ἐξολοποίξοιι.

277 2656 364 2723 Audi
393 2657 631 2724 Aristarchum:
663 2661 694 2738 (η
718 2662 812 2737 διπλῆ
836 2659 1065 2740 περιετιγριίνη)
1088 2657 1133 2725 ότι
1160 2658 1323 2732 Ζηνόδοτος
1344 2655 1408 2738 γρό-

232 2769 287 2844 φει
320 2762 484 2842 Τροίην,
513 2764 551 2835 ὥς
579 2763 628 2827 ἐπί
653 2766 708 2838 την
728 2765 822 2831 Ἴλιον
845 2765 1029 2844 βουλόμενος
1054 2765 1198 2843 γενέσίοιι
1224 2768 1279 2840 την
1303 2768 1408 2846 οένιιΦο·

231 2869 297 2951 ροὶν.
328 2866 492 2960 οὶπιόοόνοος.
527 2865 637 2943 ἄδηλον
667 2870 731 2950 γόιρ
755 2866 788 2945 ἦν
812 2872 837 2936 εί
863 2872 980 2936 ἓλοῦσιν
1005 2871 1112 2946 adria.
1138 2867 1199 2938 ἔςιν
1224 2868 1273 2937 οὖν
1293 2873 1308 2936 ό
1329 2868 1408 2948 λόγος

233 2973 299 3054 περ)
331 2977 408 3052 μιᾶς
443 2973 560 3046 πόλεως
589 2982 647 3040 τῶν
678 2978 841 3057 περιοίκων.
865 2977 987 3048 τούτοις
1011 2976 1073 3056 γόιρ
1097 2977 1214 3055 ἐπόρθει
1239 2972 1409 3059 Ἀχιλλεύς.

231 3080 275 3146 διδ
307 3080 358 3144 aad
391 3080 427 3144 ἕν.
445 3089 555 3146 TPICI
580 3082 761 3161 συλλαβαῖς
787 3081 1046 3160 ἀναγινώσκεται.
1094 3081 1183 3148 Haeo
1207 3084 1409 3159 Aristonicus,

233 3189 288 3270 qui
313 3185 401 3252 addit
424 3185 464 3250 ad
487 3207 534 3253 vs.
562 3185 638 3253 164.
1085 3273 1088 3277 ⁴

860 3293 973 3362 ὁππότ’
1000 3295 1129 3376 Ἀχοιιοί

455 3400 565 3481 Τρώων
587 3399 750 3479 ἕκπέρσωσ’
772 3403 964 3479 εὐνοιιόμενον
988 3403 1171 3482 πτολίεόρον.

235 3503 265 3594 (ἡ
289 3506 397 3590 διπλῆ)
428 3503 473 3570 ότι
501 3505 631 3588 φοινερδν
656 3507 689 3570 εἰς
713 3506 821 3571 τούτου
846 3509 883 3579 ὡς
908 3509 960 3572 καί
986 3509 1016 3572 ἐν
1040 3516 1101 3581 τοῖς
1127 3507 1229 3573 ἕποίνο
1255 3507 1408 3590 περίτονος

1500 2234 1506 2310 ί

232 3619 291 3678 τῶν
315 3613 488 3694 περιχώρων
512 3612 555 3680 ἐτί
581 3610 697 3678 πόλεσιν
721 3612 735 3676 ό
759 3611 862 3690 λόγος.
909 3614 1084 3679 Aristarchi
1108 3617 1333 3680 correctionem
1350 3628 1410 3698 pro
1500 3624 1504 3701 ᾗ

233 3717 323 3783 bavit
353 3722 385 3782 et
410 3738 492 3784 novo
517 3724 706 3805 argumento
729 3718 888 3786 stabilivit
910 3718 1112 3784 Herodianus
1136 3720 1175 3785 ad
1198 3741 1247 3787 vs.
1274 3717 1346 3784 129.
1367 3714 1410 3780 hu
1503 3778 1504 3795 ¹

233 3822 356 3888 verbis:
388 3823 550 3902 Tpoiae:
578 3820 671 3896 οὕτως
697 3822 882 3905 Ἀρίςοορχος
914 3825 1218 3907 τρισυλλάβως
1235 3827 1293 3892 ⁴arati
1318 3818 1411 3888 ἑνίόδε

235 3927 286 3992 aad
312 3928 342 3990 ἐν
366 3935 404 4008 τῇ
429 3937 458 3992 Λ
483 3938 538 4003 της
560 3929 745 4001 Ὀδυσσείας
771 3929 876 4018 (510.)

370 4032 433 4108 ἤτοι
457 4029 503 4098 i'r’
527 4035 613 4116 ἀμφὶ
640 4035 728 4102 πόλιν
751 4038 896 4116 Τροίην
919 4037 1114 4118 φραζοίμεθα
1137 4037 1268 4116 βονλοίς.

234 4136 286 4202 nat
318 4136 440 4211 ἐπείσθη
473 4142 556 4220 abaci
589 4142 606 4215 η
640 4141 819 4221 ποιροόδοσις.
852 4140 897 4210 ἔτι
928 4145 959 4209 δὲ
991 4147 1043 4208 xci
1068 4142 1103 4207 τό
1126 4152 1183 4219 τῆς
1205 4146 1342 4226 χρήσεως
1365 4143 1412 4210 τός
1505 4125 1506 4128 ¹

234 4246 402 4324 Ὁμηρικῆς
427 4243 540 4323 ίδιόνροοο
564 4246 796 4344 ποιροιφνλοίξοιι
821 4245 913 4320 οὕτως
933 4252 971 4320 cie
992 4245 1037 4314 ότι
1059 4248 1145 4315 είπου
1165 4243 1411 4329 asperserat

236 4349 339 4438 (Τροίη
364 4349 442 4442 leg.)
469 4350 668 4432 δισυλλάβως
691 4352 833 4420 οὐδέποτε
859 4354 996 4437 ἐπιφέρει
1019 4355 1054 4420 τὸ
1086 4356 1205 4431 πόλις
1236 4351 1310 4423 οἷον·
