3034 4970
802 231 867 300 its

289 421 368 512 Peg.
384 422 460 490 378.
485 423 520 488 τὸ
541 423 757 500 Ὀλυμπίασιν
777 419 924 498 οὶνύύνμα
938 415 1082 497 Κυψέλου
1094 416 1294 498 σφυρήλατος
1305 421 1420 500 χρυσοῦς

245 528 367 608 ἀνδριὰς
388 529 569 606 εὐμεγέθης.
607 529 664 594 Vir
683 529 795 593 doctus
812 529 948 592 coniecit
968 524 1092 604 ἀνδριὰς
1113 521 1187 594 Διύς
1208 545 1246 589 ex
1263 545 1332 612 pag.
1351 523 1420 600 353,

245 656 307 718 quo
338 640 473 702 minime
504 657 592 722 opus.
640 634 875 700 Obversabatur
907 631 1057 698 Straboni
1090 632 1292 717 epigramma
1312 634 1345 695 in
1365 631 1424 696 basi

244 743 434 828 inscriptum
464 744 548 829 apud
575 741 729 807 Photium
752 762 785 806 v.
832 740 1011 818 Κυψελιδῶν
1034 736 1184 812 ἀνύύνμα
1209 736 1262 820 (ex
1284 736 1422 820 Boetho:

429 857 520 914 e1M1
544 847 605 926 ἐγὼ
628 850 760 928 χρυσοῦς
785 844 986 926 σφυρήλατος
1010 844 1074 919 siret
1100 839 1267 918 κολοσσός,

580 950 695 1027 ἐξώλης
720 950 764 1023 εἴν
788 951 967 1031 Κυψελιδῶν
991 948 1097 1027 reret.

245 1058 303 1121 ubi
322 1059 464 1124 nondum
483 1079 537 1123 me
555 1059 697 1142 poenitet
716 1056 794 1121 olim
811 1057 1009 1123 emendasse:
1025 1065 1064 1120 el
1076 1063 1142 1120 ΜΗ
1155 1055 1217 1132 ἐγὼ
1229 1057 1358 1136 χρυσοῦς
1369 1053 1424 1118 ari.

292 1264 419 1330 Siliano
454 1286 528 1353 pag.
565 1263 640 1333 378.
677 1286 806 1330 narrans
844 1266 882 1329 de
916 1260 1090 1329 Corinthiis
1126 1264 1346 1330 meretricibus
1373 1283 1426 1328 non

249 1369 419 1455 illepidum
452 1375 547 1436 scorti
578 1373 699 1437 dictum
730 1374 904 1436 memoriae
938 1370 1097 1454 prodidit:
1133 1370 1358 1446 μνημονεύεται
1388 1391 1426 1438 τιι

252 1476 360 1554 ἑταίρα
385 1475 457 1557 πρὸς
478 1478 532 1549 τὴν
553 1478 751 1556 ὀνειδίζουσαν
773 1475 819 1540 ύτι
838 1480 871 1541 ού
891 1477 1041 1556 Φύλερχος
1062 1473 1107 1548 εἴη
1129 1475 1188 1540 οὐδ’
1210 1476 1290 1554 ε’ριίυν
1312 1473 1427 1542 ύπτοιτι

251 1583 367 1646 εἰπεῖν·
389 1584 450 1660 ἐγὼ
475 1583 577 1659 μέντοι
604 1586 620 1658 ἡ
645 1583 772 1655 τοιαύτιρ
796 1591 876 1661 τρεῖς
901 1581 955 1658 ἤδη
981 1582 1121 1646 καθεῖλον
1146 1582 1227 1652 locis
1263 1583 1293 1645 ἐν
1324 1582 1429 1662 βραχεῖ

249 1686 345 1768 χρόνῳ
377 1688 484 1769 τούτῳ.
531 1688 714 1756 Meinelrius
745 1690 801 1772 qui
829 1710 862 1753 se
885 1689 996 1752 scribit
1028 1687 1164 1773 (Virdio.
1193 1708 1269 1775 pag.
1303 1687 1357 1772 42)
1382 1687 1427 1764 „de

246 1794 453 1859 nitidioribus
483 1795 611 1859 trimetri
636 1792 765 1875 tepitor”
792 1814 866 1858 cum
890 1794 1093 1860 Lachmanno
1125 1815 1285 1859 sermones
1310 1795 1426 1867 habere.

247 1921 309 1965 non
340 1901 477 1967 habebat
507 1899 718 1966 diiudicandis
744 1904 776 1964 et
809 1900 956 1964 notandis
990 1901 1133 1964 numeris
1168 1903 1371 1965 exercitatam
1402 1901 1427 1962 et

247 2007 412 2071 subactam
440 2027 568 2083 aurem,
594 2008 622 2070 si
646 2007 775 2090 quidem
797 2007 973 2070 orationem
996 2006 1077 2071 hanc
1100 2005 1275 2087 πεζοτύτνν
1299 2005 1427 2070 numeris

248 2111 384 2198 ligatam
417 2133 483 2177 esse
507 2115 588 2177 serio
611 2111 745 2176 credidit
768 2131 979 2195 numerosque
1010 2114 1142 2176 amissos
1165 2111 1286 2176 scilicet
1309 2113 1427 2175 minime

247 2237 415 2283 numerose
441 2217 480 2281 de
510 2238 567 2281 suo
598 2218 774 2282 substituit.
809 2217 1050 2282 Eiusdemmodi
1080 2239 1230 2283 numeros
1261 2222 1427 2282 innumeros

249 2323 392 2388 vidimus
423 2322 605 2406 Hauptium
636 2322 770 2387 Stobaeo
802 2322 952 2389 XXVIII.
984 2320 1037 2388 17.
1065 2325 1289 2398 obtrudentem
1311 2344 1370 2390 non
1389 2341 1427 2384 re

248 2433 412 2515 pugnante
435 2428 598 2494 Meinelrio
621 2432 655 2493 in
678 2431 815 2494 Adiecit.
840 2449 914 2516 pag.
939 2428 1023 2494 LXI.

292 2536 467 2600 Annotavit
491 2538 577 2600 enim
601 2537 641 2600 ad
664 2535 697 2600 h.
717 2534 740 2600 l.
764 2533 932 2600 Meiueke:
954 2559 1035 2613 „roca
1055 2536 1329 2602 animadverterunt
1349 2552 1428 2618 oeque

248 2640 422 2723 interpreter
457 2641 609 2705 Strabonis
643 2663 735 2725 reque
775 2641 990 2705 Valckenarius
1025 2644 1068 2705 od
1108 2643 1259 2708 Theocriti
1297 2640 1426 2708 Arioniae.
1503 2725 1504 2728 Ἴ

248 2767 280 2830 p.
307 2743 382 2835 338.
403 2753 549 2830 postremo
572 2747 661 2810 aerbo
683 2747 882 2811 ciotiambicio
909 2747 1042 2811 cerritus
1065 2748 1183 2811 iccirco
1206 2771 1286 2814 aare:

476 2852 589 2916 εἰπεῖν·
614 2852 675 2929 ἐγὼ
697 2853 800 2930 μέντιι
826 2855 993 2927 ἡτοιαύτη
1019 2863 1098 2933 τρεῖς
1124 2853 1178 2928 ἤδη

476 2959 614 3021 καθεῖλον
640 2960 721 3030 istie
747 2958 777 3021 ἕν
799 2958 923 3039 βραχεῖ
943 2958 1041 3040 χρόνῳ
1063 2958 1192 3042 τούτῳ.”

295 3063 379 3129 Satis
409 3064 444 3127 in
473 3064 532 3128 hoc
556 3085 670 3150 genere
693 3071 878 3149 peccaverat
901 3063 1128 3130 Valckenarius
1152 3087 1255 3150 quum
1277 3067 1317 3132 ad
1340 3063 1427 3129 Theo·

249 3172 322 3235 criti
353 3169 499 3233 Arioniae.
531 3190 605 3256 pag.
640 3168 716 3233 261.
747 3169 991 3235 lamentabilem
1028 3173 1196 3257 epistolam
1233 3172 1426 3237 LaconIcam:

249 3275 322 3356 ἔρρει
354 3275 396 3338 τοι
428 3277 523 3338 κοῖλα.
573 3274 725 3354 Μίνδαρος
753 3275 924 3340 ἀπεσσούα.
950 3284 1086 3342 πεινῶντι
1112 3275 1249 3358 τῶνδρες.
1277 3276 1426 3356 strepitust

250 3376 267 3444 i
294 3404 324 3445 rr
355 3383 416 3460 χρὴ
440 3379 527 3460 δρῆν,
553 3379 677 3445 duobus
700 3379 920 3446 choliambicis
944 3385 1089 3449 versibus
1111 3385 1271 3451 inclusam
1297 3404 1359 3451 esse
1379 3401 1427 3465 pu·

250 3491 332 3552 taret
355 3487 457 3553 hisce:

432 3589 503 3672 ἔρρει
527 3591 570 3656 τοὶ
594 3589 691 3655 καλοί.
738 3590 890 3672 Μίνδαρύς
916 3591 951 3670 χ’
976 3592 1148 3660 ύπέσσονα.

432 3704 568 3763 πεινῶντι
591 3698 734 3776 τύνδρες·
759 3699 929 3779 ύποριῶριες
955 3697 986 3775 i,
1012 3725 1042 3764 τι
1065 3702 1126 3784 χρὴ
1150 3703 1232 3780 trio.

293 3802 431 3868 Dabisnc
462 3804 545 3868 mihi
566 3802 624 3868 hoe
646 3804 819 3870 versiculos
844 3805 986 3870 eiusdem
1010 3808 1130 3886 farinae
1154 3829 1221 3873 esse
1246 3814 1337 3892 atque
1355 3801 1426 3868 Mei·

249 3909 399 3974 nekianos
423 3916 455 3974 et
476 3907 698 3994 Hauptianosl
743 3909 884 3996 Uterque
909 3918 1018 3978 nutem

477 4013 584 4087 ἄλλοις
608 4016 638 4077 ε’ν
663 4016 779 4086 ε’σύλοῖς
800 4015 881 4081 τάνδ’
906 4019 1077 4083 ἀπωθεῖται
1101 4016 1212 4099 φύγον.

294 4120 492 4208 Intelligitur
523 4127 631 4186 autem
664 4143 703 4186 ex
734 4122 784 4187 his
808 4143 904 4207 quam
929 4125 970 4187 sit
994 4123 1117 4190 lubrica
1140 4145 1190 4191 res
1214 4126 1247 4189 io
1270 4123 1427 4190 subtiliores

248 4226 377 4290 trimetri
409 4227 485 4306 tepea
506 4229 683 4311 inquirere,
708 4248 785 4312 quas
809 4229 873 4293 fere
897 4229 1020 4294 videbis
1043 4235 1099 4295 aut
1123 4253 1162 4296 ex
1184 4234 1306 4298 vitiosis
1327 4228 1427 4294 lectio

248 4335 344 4398 nibus
368 4337 424 4397 aut
447 4350 486 4396 ex
509 4332 707 4396 eruditorum
732 4331 889 4399 erroribus
913 4355 979 4400 esse
1002 4342 1102 4402 nates.
