3086 4968
816 237 882 312 508

248 447 287 498 ex
309 426 378 498 loeo
400 429 549 521 Dionysii
571 432 678 500 Helio.
701 434 737 500 in
757 432 868 501 libello
891 435 928 497 de
950 429 1154 496 Demosthenis
1174 427 1343 517 eloquente
1363 447 1423 516 psg.

250 536 337 604 1127
360 537 471 605 Reisk.
497 541 555 606 nbi
577 544 684 606 namot
707 539 955 606 Demosthenem
978 537 1078 604 solere
1101 543 1227 610 πολλοῖς
1252 534 1375 616 eulpae
1395 534 1425 599 τὸ

246 644 322 709 οοῦτδ
359 649 497 726 τρώγμοο
521 647 649 722 δηλοῦν,
673 649 705 711 et
729 644 874 731 exempla
894 645 971 710 haeo
995 643 1100 710 affert:
1125 643 1178 708 τὸν
1204 643 1330 717 Μηδίου
1348 648 1425 724 (Μεν-

247 749 327 838 δίονν)
359 755 465 816 τοῦτον
489 753 541 818 οὔκ
565 752 648 824 εἰδώς
677 748 740 824 ὔςνς
764 753 834 818 τοτ’
858 751 919 820 ἐς1ν
943 751 1010 816 οὐδὲ
1033 744 1195 836 γιγνώσκω
1221 749 1423 838 (γιγνώσκων).

132 868 135 873 ’
248 861 296 923 et:
321 866 376 932 τῆς
401 858 543 941 οίδελφνῖς
567 857 699 924 ἐνοιντίον
724 857 811 938 κώμης
835 854 879 923 ἔσο
905 856 957 922 eol
979 855 1088 928 τοωδδς
1108 853 1209 931 οὔσης.
1245 855 1344 921 Vides
1360 855 1424 920 hseo

245 965 432 1028 memoriter
463 981 503 1030 ex
532 968 639 1030 nostro
662 963 732 1030 looo
755 963 873 1041 offerri,
900 963 955 1029 sed
979 962 1077 1028 libros
1100 961 1344 1042 Demosthenis,
1366 961 1424 1045 qni·

244 1067 304 1134 bns
326 1067 500 1156 Dionysius
518 1071 688 1148 utebatur,
709 1089 772 1135 non
790 1068 896 1134 multo
915 1067 1064 1134 meliores
1083 1067 1180 1133 firisse
1200 1088 1298 1151 quom
1316 1072 1426 1134 nostros

246 1171 326 1238 olibi
349 1173 521 1262 diligenter
544 1176 719 1242 ostendam.
755 1175 864 1240 Dtiem
884 1173 965 1240 nlter
982 1173 1072 1240 loous
1091 1194 1131 1238 ex
1150 1173 1295 1238 Μῖώῖανιω
1314 1177 1426 1240 sumtus

247 1282 294 1343 est
316 1299 391 1366 pag.
417 1278 483 1345 540
507 1277 538 1347 5.
563 1277 633 1347 εἶτον
657 1291 713 1358 τῆς
738 1282 879 1364 ώδελφνῖς
904 1277 946 1345 ἐτ’
970 1277 1048 1345 ἐνδον
1071 1279 1161 1354 οὔσης
1184 1279 1257 1345 τότε
1283 1280 1337 1344 noel
1365 1300 1425 1343 τοι·

246 1382 295 1454 δὸς
327 1383 417 1461 οὔσης
447 1386 532 1468 κῦονο
565 1387 717 1466 ἐναντίον,
749 1388 807 1453 nbi
836 1385 950 1453 melior
979 1389 1027 1478 est
1056 1384 1204 1473 Dionysii
1228 1385 1344 1452 leetio:
1366 1378 1425 1449 είτω

245 1493 299 1561 τοῖς
324 1490 466 1575 οίδελφῆς
490 1493 624 1558 ἐνοιντίον
649 1491 735 1574 κώμης
759 1490 804 1558 ἐτι
827 1492 880 1558 sel
905 1492 1013 1566 τοωδδς
1037 1491 1136 1567 οὔσης.

290 1699 370 1790 Pag.
405 1699 481 1768 540.
513 1702 545 1768 8.
574 1703 629 1776 την
660 1702 781 1784 μητέρος
811 1703 895 1781 uest
926 1701 979 1768 κον)
1010 1701 1134 1774 τοίντοοο
1166 1704 1250 1779 ἡμᾶς
1282 1700 1359 1782 ῥητοὶ
1380 1697 1423 1764 κοί

246 1806 362 1890 ώορητω
391 1809 476 1874 κακοὶ
505 1807 663 1879 ἘΞεῖτον.
710 1809 784 1875 Non
814 1809 962 1897 intelligo
983 1810 1068 1875 unde
1090 1807 1228 1874 moleste
1248 1808 1425 1893 praepositio

243 1917 331 1981 nssoi
352 1917 510 2001 potnerit,
533 1914 588 1980 sed
606 1913 666 1979 hoo
685 1916 748 1979 seio
768 1936 840 1981 eom
860 1917 1039 1986 sinemore
1060 1913 1158 1980 deleri
1178 1923 1331 1999 oportere.
1355 1909 1425 1978 (lor-

198 2031 201 2036 '
245 2025 366 2086 stanter
388 2040 497 2086 omnes
520 2041 560 2086 ex
581 2022 651 2105 ipse
673 2021 720 2084 rei
743 2025 857 2086 nature
879 2022 976 2088 verbo
995 2020 1135 2106 simplioi
1154 2019 1342 2098 utebantur,
1357 2014 1424 2100 ῥητοὶ

245 2125 297 2190 sal
330 2123 449 2205 ἄρρητον
479 2125 584 2204 λέγενν
618 2123 704 2203 τονοί,
735 2125 779 2191 τοί
810 2123 939 2208 ἔσχοντο
974 2127 1131 2202 ώλλήλους
1165 2124 1270 2204 λέγενν
1299 2130 1331 2190 et
1360 2125 1421 2189 sim

244 2229 363 2297 Nullus
384 2231 480 2298 verbo
505 2233 681 2316 composito
705 2229 875 2312 ἐξωγορεῦω
898 2235 934 2298 in
957 2231 1015 2298 toli
1037 2245 1071 2298 re
1093 2230 1184 2296 loeus
1206 2250 1273 2296 esse
1294 2231 1403 2316 potnit.

288 2438 368 2526 Peg.
402 2437 478 2504 543.
512 2437 564 2504 19.
598 2437 710 2519 ώτνμον
741 2440 906 2515 Ἀίηνωίων
929 2438 984 2508 ἐνω
1006 2437 1084 2507 είνοω
1108 2440 1156 2506 δεῖ
1177 2440 1231 2505 κοοί
1254 2440 1337 2519 μήτε
1357 2461 1423 2514 συγ·

242 2544 368 2623 γνώμης
391 2547 484 2623 μητθ
506 2553 653 2611 ΛΟΓΟΤ
676 2546 758 2623 μήτε
783 2547 948 2618 ἐπιεικείας
973 2547 1129 2626 μηδεμνοῖς
1151 2554 1273 2627 τυχεῖν.
1319 2543 1423 2612 Veram

240 2650 411 2717 lectionem
434 2651 530 2716 hobet
553 2650 575 2717 S
595 2654 630 2716 in
654 2655 800 2740 margine
824 2677 874 2734 γρ.
899 2652 995 2719 ἐλέου.
1042 2649 1204 2739 (tompore
1227 2652 1335 2719 locum
1355 2670 1419 2736 pag·

243 2753 321 2823 547.
358 2759 388 2823 l.
424 2738 518 2831 οὐδείς
550 2756 613 2839 γοίρ
645 2758 690 2828 ἐςν
723 2757 1040 2844 δίκοονοςτυγχοίνειν
1074 2757 1191 2825 ἐλέου
1226 2764 1285 2824 σοῖν
1317 2753 1422 2836 μηδὲνν

241 2862 403 2929 ἐλεούντων
435 2862 501 2928 οὐδὲ
534 2861 723 2942 συγγνώμης
755 2870 813 2930 τῶν
843 2863 1102 2944 ἀσυγγνωμόνων.
1136 2869 1168 2932 et
1197 2884 1272 2952 pag.
1302 2860 1372 2928 549.
1392 2858 1418 2925 2.

241 2969 320 3041 τίνος
352 2970 539 3047 συγγνώμης
573 2969 700 3044 ἐςτίνος·
726 2969 841 3036 ἐλέου
872 2971 995 3044 δοκοοίως
1018 2968 1164 3047 τεῦξετοω
1188 2969 1261 3051 παρ’
1284 2969 1373 3046 ὑμών;
1392 2969 1421 3030 el

240 3094 313 3161 pag.
347 3072 423 3140 581.
455 3072 510 3139 24.
543 3069 571 3139 εί
601 3099 648 3148 τις
682 3076 764 3154 ὑμῶν
794 3083 851 3142 τών
885 3083 1005 3143 πολλῶν
1025 3114 1066 3125 -
1086 3078 1128 3148 είς
1154 3077 1321 3156 δίκονςνίμον
1343 3071 1417 3138 είσίον

242 3179 477 3260 πεπληρωμένον
501 3181 535 3244 ἐκ
557 3180 671 3247 τούτων
695 3181 774 3254 τίνος
794 3181 982 3261 συγγνώμης
1003 3182 1020 3258 ἢ
1043 3181 1121 3255 τίνος
1145 3183 1300 3246 ἘΛΕΟΤ
1319 3184 1415 3258 τυχεῖν

213 3329 216 3332 -
242 3285 283 3354 ἂν
304 3287 416 3364 οίεσῦες
440 3284 491 3351 Sio
515 3285 591 3352 libri
614 3307 722 3353 omnes
745 3292 870 3372 praeter
893 3286 936 3366 S,
960 3287 1044 3354 unde
1067 3286 1162 3366 λόγου
1185 3292 1344 3372 receptum
1360 3285 1411 3358 est,

240 3393 295 3458 sed
318 3390 341 3457 S
362 3413 446 3458 nuno
470 3392 601 3477 quidem
624 3390 760 3459 (lritioos
785 3392 911 3459 fefellit.

282 3500 393 3570 Ἔλεος
425 3501 457 3563 et
485 3498 657 3576 συγγνώμη
691 3519 783 3585 saepe
813 3501 858 3564 sio
888 3501 1056 3566 ooniunots
1086 3501 1297 3585 reperiuntur.
1346 3492 1416 3560 vide

240 3625 313 3692 pag.
340 3603 417 3671 423.
442 3601 501 3683 18,
525 3625 599 3693 pag.
624 3604 701 3671 431.
725 3603 787 3691 22,
808 3626 882 3693 pag.
905 3603 981 3674 794.
1005 3606 1044 3671 11
1066 3609 1099 3671 et
1117 3603 1161 3671 27
1167 3652 1176 3685 ,
1196 3627 1272 3694 pag.
1287 3601 1355 3670 610.
1367 3595 1411 3666 21.

284 3813 366 3901 Peg.
400 3810 476 3878 543.
508 3811 564 3878 24.
597 3814 699 3889 ἐπειδὴ
733 3814 885 3894 ἠτίμωσεν
914 3813 945 3880 ὃν
970 3815 1118 3894 ἐβουλήθη
1144 3814 1196 3879 nol
1220 3818 1303 3880 τοῦτ’
1324 3807 1412 3892 ἐχωρί-

242 3921 336 3984 σοοσίε
367 3921 451 4000 ωὔτῷ
482 3919 534 3984 eal
558 3920 613 3993 την
636 3922 745 3998 ovaret
768 3924 906 4000 γνώμην,
933 3917 1081 4003 tratre
1105 3928 1294 4000 τροοωρεῖτοω
1316 3919 1409 3986 τοοεῖν,

240 4024 404 4100 ἐνέπλησεν
436 4026 569 4112 [ωὑτοῦ].
618 4027 681 4094 Pro
708 4028 898 4112 ε’χονρίσοοσῦε
924 4028 1024 4108 οοῦτῷ,
1050 4025 1410 4111 quod'perversissimum

241 4131 303 4210 est,
338 4131 500 4198 Dobroeus
535 4133 710 4215 ἐχαρίσασθ’
748 4135 831 4216 αὐτῷ
866 4133 1046 4220 reponebat.
1104 4130 1178 4196 Non
1211 4131 1342 4197 memini
1369 4141 1410 4190 mo

240 4237 347 4325 legere
370 4238 467 4318 ἑωυτῷ
491 4238 698 4320 χαρίσασθον,
722 4260 779 4306 neo
803 4238 925 4326 plsoet;
952 4239 1006 4304 ssd
1028 4235 1258 4322 nihilrepsrio
1281 4233 1358 4322 quod
1377 4229 1411 4294 sil

240 4341 367 4409 melius.
412 4341 451 4406 ln
478 4362 544 4428 sqq.
569 4343 652 4409 nihil
678 4344 890 4412 desiderarem
915 4347 944 4411 si
966 4344 1143 4431 legeretur:
1168 4342 1223 4408 sel
1247 4345 1299 4419 την
1320 4335 1410 4406 ώνωδί
