3052 4970
256 441 288 503 et
317 434 451 518 Φύοιιοιι,
468 439 582 500 natura
613 416 804 519 producunl'
822 435 980 521 primam,
1013 435 1068 499 sed
1089 439 1165 503 noto
1189 459 1250 503 usu
1271 433 1404 520 Epicurum

257 563 349 628 saepe
374 552 430 607 Ar
455 545 487 606 et
510 549 564 606 ΦΤ
588 541 656 605 ictu
681 539 834 606 destituta
858 544 933 605 sunt
955 560 1011 625 pro
1036 545 1199 628 correptis.
1222 552 1260 609 Ε.
1283 537 1344 606 140.

348 647 435 712 ἀλλὰ
458 647 544 712 κοντοὶ
566 645 703 725 ςοιθμοὺι
728 646 890 724 δύεται,
915 645 958 711 τὰ
983 645 1008 710 δ’
1034 647 1133 726 ἐρῆμον
1156 649 1313 730 Φοβεῖτιοι.

303 762 343 819 0.
367 750 443 817 345.

347 857 417 923 lule
440 856 492 923 κοιὶ
516 854 586 921 lule
610 854 764 937 Φέβοντο,
788 856 928 923 δύοντο
952 856 983 921 δὲ
1007 864 1112 937 τεῖχος
1137 859 1272 940 ἀνάγκῃ.

300 963 438 1030 Suborta
466 966 569 1051 igitur
598 965 775 1048 suspicione
804 962 896 1028 facile
928 962 1035 1028 δύσετο
1069 965 1274 1050 subrepebat,
1302 963 1334 1027 de
1362 974 1406 1042 qut

255 1070 438 1158 ambigebat
460 1089 564 1134 nemo.

810 241 875 313 424

245 1337 249 1346 .
302 1276 360 1342 Od.
386 1277 411 1342 l.
437 1272 514 1340 359.
1495 1252 1496 1310 l

485 1378 522 1455 ὦς
546 1383 651 1448 ιειιιὼν
674 1381 787 1460 δεσμὸν
809 1382 877 1456 elain
902 1380 991 1459 μένος
1015 1381 1189 1463 ἩΦσιΙςοιο.

255 1490 322 1552 imo
345 1507 420 1553 vero
443 1486 561 1565 δεσμῶν
585 1487 677 1563 dulae,
702 1508 764 1572 qno
788 1486 886 1552 simul
910 1491 1051 1552 metrum
1075 1492 1108 1552 et
1130 1489 1283 1554 sententia
1300 1483 1411 1550 restitui·

256 1597 320 1658 tur.
366 1592 438 1658 Non
461 1596 547 1659 anim
569 1594 691 1659 οιίοοιιῐιι
715 1595 846 1672 luceru,
871 1593 925 1665 sed
949 1595 1089 1659 irretitos
1112 1594 1252 1659 liberauit
1270 1589 1390 1658 vinealia.

303 1800 363 1869 Od.
388 1803 415 1869 l.
443 1801 520 1869 580.

814 1908 1029 1972 ἐπεκλώσαντο
1054 1905 1079 1971 δ’
1102 1905 1218 1988 ὄλεθρον

460 2011 638 2097 ἀνθρώποις,
663 2009 712 2079 ἵνσι
738 2010 787 2095 ᾖσι
812 2013 865 2077 ueri
893 2011 1095 2090 ἐσσομένοισιν
1120 2013 1217 2086 aterbii.

303 2115 368 2186 Gur
398 2118 518 2184 diutius
541 2119 679 2184 feramus
701 2118 872 2184 molestam
894 2119 1101 2197 χιισμωδίοιν,
1126 2140 1227 2205 quum
1250 2118 1288 2183 ad
1308 2129 1414 2182 manum

259 2227 302 2290 sit
324 2224 496 2290 Homerica
519 2224 621 2290 forma
644 2221 678 2290 ἵν’
698 2221 812 2309 ”earet

304 2431 362 2498 Od.
388 2455 408 2497 ι.
433 2430 509 2497 419.
1033 2499 1037 2506 ,

394 2534 469 2602 οὕτω
493 2535 556 2617 γάρ
580 2535 638 2601 τού
662 2536 699 2615 μ’
725 2537 836 2614 ἤλπετ’
862 2535 902 2602 ἐν)
928 2535 1018 2618 φρεσὶ
1044 2537 1146 2612 νῆτιον
1171 2534 1258 2602 εἷνοιι.

304 2642 432 2709 Veteres
454 2641 548 2708 ἀοιδοί
573 2663 636 2708 non
660 2642 723 2709 alia
745 2643 848 2709 forma
869 2664 967 2728 quam
989 2641 1138 2722 σὲλιισμοιι
1162 2645 1339 2711 utebantur.
1369 2639 1418 2704 An·
1499 2691 1500 2702 .

257 2751 348 2836 tiqua
370 2750 472 2837 igitur
496 2749 652 2833 scriptura
673 2748 802 2814 videtur
824 2748 901 2814 haec
924 2749 1038 2814 fuisse:

529 2850 604 2919 οὕτω
629 2852 691 2934 γάρ
716 2855 748 2918 τί
772 2854 805 2930 μ’
831 2854 967 2919 ἕνέλιιετ’
993 2853 1033 2918 ἐνὶ
1058 2853 1161 2935 <beart

257 2961 313 3028 sed
335 2960 483 3045 rhapsedi
505 2960 632 3024 hiatum
656 2981 695 3024 ex
719 2961 888 3025 omissione
909 2965 961 3024 τοῦ
984 2959 1135 3037 δι’γσιιιμσι
1154 2964 1268 3026 natum
1286 2957 1354 3026 οὕτω
1371 2949 1420 3034 yle

259 3071 352 3146 τιμε
379 3065 495 3142 ἤλπετο
519 3068 688 3132 sarcientes
711 3066 880 3154 vulgatam
904 3067 1148 3132 substituerunt.

305 3274 362 3340 Od.
388 3301 418 3341 ιι.
446 3274 522 3340 109.

440 3373 466 3446 οἳ
490 3381 521 3446 δὲ
545 3379 754 3462 νιοισκῐοὶμενοιΙ
774 3382 979 3465 προσεφώνεον
1004 3378 1037 3446 ἔκ
1062 3382 1091 3446 τ’
1118 3381 1229 3463 ἐρέοντο

442 3482 523 3558 ὅστις
548 3487 634 3551 τῶνδ’
661 3486 705 3561 εἴν
730 3485 882 3565 βασιλεὺς
908 3488 958 3552 eet
985 3495 1073 3553 Τοῖσι
1097 3488 1251 3554 σοινοὶσσοι.

306 3591 499 3658 Mendosum
530 3597 578 3657 est
607 3613 780 3678 pronomen
812 3600 906 3662 τοῖσι,
940 3593 1024 3678 quod
1047 3595 1086 3660 ab
1108 3593 1172 3660 lcei
1195 3595 1342 3659 sententia
1362 3585 1423 3652 alie

259 3718 339 3762 num
371 3704 427 3764 est.
475 3697 602 3764 Dicitur
632 3699 709 3764 haee
742 3720 808 3764 esse
840 3700 1042 3765 Aristarchea
1072 3703 1228 3785 scriptura
1254 3702 1286 3764 in
1307 3692 1422 3764 scholio:

260 3802 294 3866 rb
327 3803 356 3869 δὲ
389 3799 490 3870 οἶσιν
522 3805 705 3884 Ἀοίςοιρχος
738 3805 790 3870 διὰ
814 3809 866 3870 τοῦ
891 3829 911 3868 τ
936 3805 1003 3869 κσιὶ
1028 3813 1161 3870 τοῖσιν
1185 3792 1421 3871 attrectant

259 3913 313 3973 τοῦ
348 3908 472 3975 τίνοι.
526 3910 611 3976 Fieri
645 3929 708 3974 non
742 3915 866 3995 potest,
902 3931 1040 3996 namque
1074 3911 1243 3978 manifesto
1275 3923 1422 3996 pronomen

259 4017 432 4098 requiritur
464 4017 556 4101 quale
588 4021 636 4081 est
665 4019 699 4080 in
732 4011 794 4088 ὅτις
826 4015 870 4090 εἴη
896 4015 1066 4103 ζβιισιλεύς.
1112 4017 1225 4102 Itaque
1246 4011 1421 4084 scribendum

261 4118 314 4183 νισιὶ
339 4121 472 4187 Ὀτέοισι
495 4123 639 4188 σοινσὶσσοι
663 4124 757 4185 utin
779 4121 871 4186 Iliad.
898 4131 937 4188 Ο.
962 4120 1038 4187 491.

533 4228 618 4307 ἠμὲν.
632 4226 756 4292 ὁτέοισιν
780 4227 864 4302 κῦδος
893 4265 912 4278 -
925 4227 1119 4312 ἐγγυαλίξῃ,

534 4335 579 4412 ᾖδ’
603 4331 704 4405 laevae
727 4332 875 4418 μινύθῃσι.
