3096 4972
734 265 798 335 541

215 455 295 545 Pag.
322 455 398 525 672.
425 453 455 521 5.
480 457 515 522 in
538 455 561 522 S
581 454 720 544 legitur:
740 452 803 522 tea
825 455 1002 538 ἐξηλέγχθη
1024 462 1161 540 φανερῶς
1182 461 1217 526 σύ
1237 463 1362 544 πρώγρι’

170 563 219 628 ἐπ’
239 565 427 645 αὐτοφώρῳ.
461 569 590 630 annotat
619 562 764 629 Dindorf.
793 612 811 642 „
821 565 1001 650 αὐτοφώρῳ]
1030 565 1064 629 in
1088 563 1111 630 S
1132 569 1361 653 ιιιρινισνιροίιιιιι

169 672 283 754 κίρκοιο
314 672 532 736 annotationem
563 671 596 734 n'n
628 670 761 752 nornine
782 670 913 754 positam
936 679 1119 748 nomtrone,
1144 695 1232 757 qnon
1254 677 1364 742 addere

171 776 280 840 obiitne
303 784 346 842 eet
369 775 541 840 ὐίὐοονύαι.”
575 775 689 841 Dicam
714 775 791 861 quid
815 776 973 842 acciderit.
1011 775 1148 864 Signum
1174 786 1363 870 superscrip-

170 884 243 944 tum
275 886 307 948 et
337 885 371 947 in
401 885 546 970 margine
573 883 746 968 repetitum
771 887 827 946 aut
850 885 973 949 vanam
998 883 1168 950 lectionem
1188 885 1285 952 hahet
1307 895 1364 955 aut

172 991 288 1052 veteris
312 989 461 1056 vocabuli
484 989 788 1073 interpretationem.
824 988 875 1053 Ad
898 990 947 1052 ἐπ’
968 989 1134 1072 αὐτοφώρῳ
1155 991 1364 1081 adscripserat

171 1090 287 1177 aliquis
309 1101 457 1177 φανερῶς.
506 1094 569 1176 Qui
591 1091 741 1159 Oodicem
764 1091 788 1158 S
810 1094 967 1161 scribebat
988 1102 1126 1178 φανερῶς
1149 1118 1189 1162 ex
1212 1118 1266 1163 ora
1289 1100 1362 1166 libri

170 1202 291 1286 recepit
321 1203 356 1265 in
386 1206 513 1267 textum
544 1205 576 1267 et
605 1202 639 1264 in
671 1197 848 1280 αὐτοφώρωι
881 1200 1012 1286 reliquit
1043 1204 1190 1290 signum,
1216 1207 1269 1269 cui
1292 1210 1362 1271 tum

171 1307 255 1372 nihil
284 1308 501 1393 respondebat.
549 1306 652 1388 Quam
680 1305 789 1371 futiles
812 1310 844 1371 et
866 1308 1009 1393 imperiti
1032 1312 1107 1374 eunt
1129 1309 1180 1374 illi
1202 1311 1362 1391 hominen,

172 1414 288 1499 quihus
311 1413 457 1480 nonnulli
479 1415 587 1480 omnia
609 1412 763 1479 credenda
786 1433 853 1477 esse
872 1411 1058 1498 opinanturl
1095 1414 1158 1495 Qui
1177 1415 1365 1483 Demosthe-

171 1542 247 1586 nem
280 1520 467 1587 lectitabant
501 1521 578 1607 quid
613 1523 695 1585 esset
726 1519 775 1582 ἐπ’
808 1521 973 1601 αὐτοφώρῳ
1006 1523 1085 1586 scire
1115 1521 1227 1588 debere
1256 1529 1360 1609 putes.

171 1627 244 1692 Non
274 1628 424 1694 videntur
454 1629 584 1693 scivisse
607 1630 640 1690 et
662 1626 882 1709 interpretatio
906 1625 1105 1692 adscribitur.
1155 1627 1260 1708 Quam
1282 1630 1364 1696 nihil

172 1737 281 1798 autem
300 1735 510 1822 cogitabatis
530 1736 741 1819 quittassent
763 1733 864 1816 ipsius
883 1731 1107 1799 Demosthenis
1129 1755 1196 1800 esse
1216 1737 1363 1821 opinatus

171 1842 291 1925 recepit
320 1843 355 1905 in
384 1844 519 1905 textum.
568 1838 663 1905 Solus
688 1841 835 1903 omnium
858 1837 882 1904 S
905 1839 965 1906 hac
988 1841 1116 1906 macula
1136 1840 1273 1907 infectus
1296 1846 1362 1927 eet,

172 1946 288 2011 caenri
311 1946 427 2013 mendo
447 1951 563 2013 carent.

216 2153 297 2243 Pag.
330 2152 406 2222 672.
439 2155 492 2221 10.
527 2156 659 2222 πείθουσι
692 2158 743 2222 τὸν
775 2153 973 2238 Ἀρτάβαζον
1005 2161 1059 2221 τοῦ
1085 2157 1143 2235 μὲν
1166 2159 1362 2237 τιμωρεῖσθαι

172 2263 224 2328 τὸν
248 2261 421 2343 Χαρίδημον
444 2265 612 2342 αφεῖσθιιι,
638 2265 806 2333 terreant
824 2264 851 2328 δ’
872 2261 1066 2329 ὑπόσπονδον.
1100 2264 1221 2330 Vitiosa
1240 2264 1363 2331 dictum

171 2375 219 2434 est
252 2369 401 2433 πείθουσιν
432 2369 591 2450 ώφεῖσθαι.
639 2368 822 2435 Perfectum
853 2371 887 2433 in
918 2369 977 2436 tali
1007 2371 1138 2464 reponi
1161 2376 1360 2457 nonpotest.

169 2475 257 2562 Lege
282 2473 421 2557 ὐφὲσθαι
448 2479 486 2540 ut
509 2476 686 2543 οὐποςεῖλαι.
729 2475 914 2542 Promisere
937 2480 971 2540 in
994 2476 1086 2542 libris
1106 2478 1255 2543 scribitur
1274 2479 1366 2557 ὐφίε-

170 2583 260 2660 σθαι,
286 2581 425 2663 sareon
449 2587 482 2647 et
503 2582 664 2664 ἀφεῖσθαι.
712 2582 797 2663 Quid
822 2585 865 2647 sit
887 2583 1006 2669 ubique
1028 2605 1143 2650 verum
1162 2586 1244 2649 ratio
1264 2584 1365 2650 docet.

215 2790 296 2879 Pag.
331 2787 407 2857 675.
442 2790 495 2857 12.
526 2799 627 2869 μῆνας
661 2789 743 2855 intret
776 2789 929 2867 διήγαγεν
961 2792 1044 2867 ἡμᾶς
1081 2796 1233 2871 πολεμῶν.
1279 2792 1364 2857 Faex

172 2894 404 2962 Graeculorum
432 2896 557 2964 dicebat
592 2903 739 2972 πολεμεῖν
774 2893 859 2973 τινα,
896 2915 959 2961 non
993 2895 1230 2963 Demosthenes.
1277 2897 1365 2985 Lege

170 3003 272 3090 (πρὸς)
304 3006 388 3081 ἡμᾶς
423 3007 573 3082 πολεμῶν.
623 3000 828 3066 Ostendimus
863 2999 925 3066 alio
960 3000 1029 3067 loco
1065 3023 1161 3087 quam
1199 3024 1290 3089 saepe
1325 3025 1365 3069 ex

169 3110 262 3176 libris
280 3106 503 3178 Demosthenis
522 3111 713 3195 praepositio
732 3108 803 3188 πρός
823 3106 1009 3193 compendio
1027 3109 1144 3194 scripte
1155 3110 1362 3175 interciderit.

167 3317 171 3323 ’
215 3317 296 3406 Pag.
323 3317 399 3386 678.
424 3318 456 3386 2.
483 3318 681 3400 ἐψηφίσασθε
704 3317 861 3400 ψήφισμα
884 3315 1065 3391 Γλαύκωνος
1086 3317 1222 3389 είπθντος
1241 3315 1363 3392 ἑλέσθαι

169 3423 315 3506 πρέσβεις
340 3424 414 3490 δίκα
438 3423 549 3506 ἄνδρας
573 3423 609 3501 ἐξ
633 3425 716 3503 ἡμῶν
740 3432 909 3489 ΑΤΤΩΝ.
946 3423 1024 3504 Quis
1047 3425 1106 3490 hoc
1130 3425 1210 3491 ferra
1234 3428 1267 3490 et
1291 3444 1363 3490 con·

169 3551 303 3615 coquere
333 3529 458 3617 potest?
490 3530 524 3607 ἐξ
549 3533 631 3608 ὑμῶν
655 3532 762 3595 αὐτῶν.
812 3529 861 3594 Dx
885 3530 1000 3616 quihus
1024 3530 1153 3597 tandem
1177 3529 1250 3595 aliis
1276 3536 1363 3615 pote-

168 3641 242 3704 rant
272 3637 395 3726 legatos
425 3635 577 3704 mittere?
622 3636 671 3701 llx
701 3642 808 3702 vetere
831 3635 970 3724 formula
993 3634 1114 3701 ἑλέσθαι
1141 3635 1174 3714 ἐξ
1197 3636 1363 3710 Ἀθηναίων

170 3741 319 3808 ὐποίντινν
350 3744 583 3808 emendandum
613 3746 662 3807 est
691 3741 726 3819 ἐξ
758 3742 840 3820 ὐμών
872 3745 1074 3807 ἈΠΑΝτωκ
1122 3740 1209 3806 Inest
1242 3744 1277 3807 in
1311 3743 1362 3808 hie

169 3851 276 3918 verbis
300 3852 398 3916 etiam
422 3847 510 3915 aliud
532 3851 663 3917 vitium.
709 3846 807 3913 Recte
831 3847 949 3913 dicitur
972 3847 1093 3912 ἑλέσθαι
1117 3847 1260 3928 πρέσβεις
1285 3847 1362 3913 δίκα

168 3962 202 4022 et
234 3956 356 4022 ἑλέσθαι
391 3956 465 4021 δέκα
498 3953 627 4037 ἄνδρας,
661 3954 716 4020 sed
743 3975 807 4020 non
837 3958 1020 4039 utrumque.
1066 3953 1285 4020 Resecandum
1314 3960 1362 4020 est

168 4060 327 4144 πρέσβεις.

214 4276 293 4362 Peg.
329 4273 406 4341 680.
443 4273 495 4340 12.
529 4274 645 4354 ‘Opitre
668 4271 721 4337 nni
746 4269 864 4337 συνίετε
887 4272 942 4346 την
966 4271 1108 4350 πονηρίαν
1131 4271 1185 4336 καὶ
1209 4273 1264 4348 την
1287 4276 1360 4340 απι-

165 4381 251 4453 ςίαν.
298 4380 510 4448 Vehementer
532 4381 632 4445 miror
655 4381 691 4444 in
716 4378 775 4445 tali
798 4399 832 4444 re
856 4378 926 4460 ὐρῖιν
951 4376 1002 4443 καὶ
1024 4377 1155 4445 συνιέναι
1175 4381 1358 4462 coniuncta,
