3080 4972
826 243 870 316 52

260 437 414 502 servanda
455 458 531 503 vera
564 435 701 502 lectione
736 438 771 501 in
814 435 991 522 Obpatdicco
1024 437 1066 504 lI.
1101 459 1175 525 pag.
1211 437 1265 504 21.
1305 437 1356 504 16.
1386 437 1433 502 ubi

261 539 393 608 Codices
424 563 533 608 omnes
563 543 603 608 ad
632 563 735 607 unum
765 542 847 607 hanc
878 545 1070 626 scripturam
1103 544 1270 609 exhibent:
1296 547 1334 618 ὠς
1361 539 1432 610 cirac

262 647 319 725 μὲν
341 647 434 726 λόγος
458 648 495 713 riu
520 651 586 732 οὶπῇ
609 648 652 713 τόο
677 647 857 730 πρόγμοτο
882 646 1019 725 μότοιόν
1041 673 1072 713 τι
1096 649 1245 730 octana
1270 651 1323 714 aci
1347 645 1432 717 κενόν.

261 752 386 831 μόλιςοι
415 755 447 820 δὲ
479 756 492 820 ό
523 754 611 836 πορόι
644 764 699 830 τῆς
732 753 884 834 ἡμετέοος
915 753 1051 828 πόλεως·
1085 750 1142 836 όοςο
1174 764 1251 820 ΓΛΡ
1276 753 1434 832 ἑτοιμότατ’

259 861 345 940 adipi
377 860 521 937 δοκοῦμεν
554 859 687 941 χρῆσθαι
719 859 853 940 τοσούτῳ
885 863 1008 937 μᾶλλον
1039 861 1185 930 όπιςοῦοι
1214 861 1329 934 πόντος
1352 857 1433 938 adad.

260 964 345 1044 Quid
367 965 514 1031 falsarius
536 963 664 1031 noster?
686 987 760 1053 pag.
787 963 863 1030 158.
890 965 943 1030 16.
970 966 1104 1032 eandem
1128 968 1319 1032 sententiam
1342 964 1435 1051 paucis

258 1076 384 1136 tantum
418 1072 524 1138 verbis
555 1073 690 1136 mutatis
721 1073 755 1135 in
785 1092 881 1135 usum
905 1091 1002 1136 suurn
1025 1075 1197 1137 convertit:
1223 1074 1260 1143 ὡς
1284 1068 1369 1144 ἄπιος
1390 1066 1436 1146 μέν

260 1177 304 1245 ἕςι
329 1175 423 1255 λόγος
446 1175 582 1253 μότοιιος
607 1177 744 1257 πρόξεων
768 1176 890 1257 ἄμοιρος
917 1176 1099 1256 γενόμενος,
1123 1177 1255 1258 τοοοότςο
1277 1177 1308 1242 δὲ
1327 1175 1435 1256 μόλιςο

260 1283 274 1347 ό
307 1283 404 1361 rapa
426 1290 482 1356 τῆς
513 1282 665 1363 ἡμετέροις
698 1283 816 1354 πόλεως
847 1279 904 1363 όοῳ
936 1284 1082 1361 δοκοῦμεν
1113 1286 1197 1364 οότῷ
1222 1284 1435 1364 προχειρότοτο

258 1389 391 1468 χρῆσθαι
424 1395 481 1454 τῶν
512 1387 616 1455 ἄλλον
646 1389 811 1464 Ἑλλήνων.
861 1385 994 1455 Certum
1026 1395 1074 1454 est
1097 1391 1182 1456 hunc
1205 1389 1313 1455 locum
1333 1411 1371 1456 ex
1390 1387 1436 1454 illo

259 1513 420 1560 manasse:
444 1498 555 1582 negari
577 1495 612 1560 id
635 1515 698 1560 non
716 1500 829 1582 potest.
879 1495 965 1583 Ergo
985 1496 1060 1561 hinc
1082 1497 1251 1562 manifesto
1271 1497 1437 1584 agnoscitur

259 1620 374 1665 manus
416 1600 557 1666 Oratoris
591 1606 730 1667 correcto
764 1600 830 1666 levi
865 1622 968 1667 errore
1004 1607 1036 1666 et
1070 1609 1227 1687 expuncto
1261 1603 1437 1668 emblemate

258 1704 385 1785 μόλιςιι
421 1707 452 1771 δὲ
486 1708 500 1772 ό
536 1708 622 1788 πορόι
654 1716 709 1782 τῆς
743 1707 894 1786 ἡμετέρος
925 1707 1044 1782 πόλεως
1077 1704 1134 1789 dap
1168 1717 1240 1772 ΚΑΙ
1275 1706 1437 1786 ἑτοιμότοτ’

260 1815 344 1893 abaci
370 1814 514 1891 δοκοῦμεν
538 1815 684 1895 χρῆοόοι.
711 1811 760 1879 01.
785 1814 929 1878 Mnemon
958 1812 1056 1880 1675.
1082 1835 1155 1902 pag.
1183 1813 1260 1879 424.
1285 1835 1329 1899 sq.

301 1919 479 2005 Perpetuus
514 1919 739 1985 Demosthenis
773 1920 919 1983 imitator
953 1919 1108 1985 Libanius
1149 1922 1183 1984 in
1223 1919 1437 2010 declamatione

257 2045 359 2109 nuper
391 2028 535 2112 primum
566 2025 652 2090 edita
687 2023 824 2111 (Ηοιιιιοο
856 2021 944 2091 1874
987 2047 1061 2112 pag.
1094 2023 1163 2112 29.)
1195 2063 1237 2072 -
1263 2025 1438 2107 asperatam

258 2134 312 2194 τοῦ
344 2129 465 2202 πόντος
499 2131 556 2207 μὲν
587 2132 784 2209 ἐνοχλοῦντος
811 2129 887 2204 τοὺς
905 2131 1145 2210 εὐδοκιμοῦντος
1168 2131 1300 2214 φθόνον,
1325 2133 1437 2211 μόλιτο

260 2233 290 2300 δὲ
314 2231 371 2318 όοςο
395 2236 447 2300 κο1
472 2235 592 2315 atym
617 2238 691 2303 δοκῶ
715 2237 876 2318 κοτορόοῦν
899 2235 965 2314 ἐμὲ.

609 2451 841 2515 ἘΠΙΟΤΟΛΗ
867 2459 1090 2518 ΦΙΛΙΠΠΟΤ.

300 2663 451 2748 Sequitur
470 2661 598 2735 inierat
621 2662 795 2736 Φιλίππου,
817 2682 914 2747 quam
935 2682 998 2726 non
1013 2665 1121 2750 magis
1130 2662 1303 2748 Philippus
1314 2661 1437 2728 Macedo

254 2770 381 2853 scripsit
413 2789 510 2854 quam
540 2776 596 2833 aut
627 2773 680 2845 tu,
715 2771 770 2853 qui
802 2768 880 2832 haec
912 2766 1013 2854 legis,
1047 2773 1104 2832 aut
1134 2789 1204 2855 ego.
1259 2767 1439 2834 Rectissime

252 2875 410 2940 iudicavit
453 2873 610 2960 'Paylorus
642 2874 726 2958 apud
760 2871 961 2939 Dindorfium
990 2873 1030 2938 ad
1060 2873 1092 2937 h.
1118 2872 1139 2937 1.
1174 2874 1282 2951 „illiti
1311 2875 1440 2938 citantor

250 2982 386 3067 profecto
417 3003 479 3044 οιινιι
514 2980 637 3065 epicteto
669 2980 825 3063 Philippi,
851 2979 1030 3043 temeratio
1054 2978 1440 3048 adcascriomattaatto

253 3089 290 3151 dc
320 3086 418 3150 οοιιιόι
450 3086 592 3168 οόόιῖμιιοο
616 3107 676 3149 cecc
700 3109 733 3150 ιο
758 3092 924 3168 tempestate
947 3092 1035 3170 otqoc
1058 3085 1256 3170 antiquitate,
1282 3109 1355 3172 qous
1369 3105 1440 3170 prce

251 3215 282 3258 ιο
302 3194 425 3278 ferant.
474 3191 596 3257 Eadem
624 3195 672 3256 est
703 3188 858 3256 Dindorfii
889 3193 1046 3256 sententia
1078 3194 1278 3258 assentientis
1313 3197 1353 3259 iis
1376 3189 1440 3276 »1ιί

251 3301 328 3362 Isaac
358 3298 510 3382 epistolum
542 3298 578 3361 ab
608 3319 676 3377 repe
706 3318 765 3360 πονο
796 3295 889 3377 anapia
911 3296 1051 3382 scriptam
1074 3320 1134 3360 earo
1157 3298 1340 3364 crediderint
1362 3319 1439 3385 qaam

251 3429 326 3490 quac
349 3404 480 3469 orationi
504 3403 542 3468 de
566 3399 689 3468 Corona
710 3409 780 3465 scot
802 3403 933 3466 incertae
954 3402 1083 3466 οόιοοόοιιι
1103 3404 1253 3487 ομόοόοόοο.
1296 3403 1439 3470 Orationis

252 3513 329 3575 οπόιιι
362 3512 441 3574 color
471 3508 694 3592 crycmcatiqce
726 3507 877 3572 tractandi
904 3509 983 3572 ratio
1013 3508 1166 3592 replictae,
1191 3512 1283 3575 ιιιιοόόο
1313 3510 1433 3576 admittor

254 3625 296 3680 est
317 3639 405 3701 qaum
427 3614 519 3697 repi.''

296 3719 391 3806 Apud
422 3742 475 3785 me
507 3740 631 3804 quoque
653 3717 744 3784 nulle
768 3724 815 3784 est
840 3718 999 3784 dubitatio
1022 3722 1099 3804 quin
1123 3741 1162 3785 ex
1186 3721 1296 3786 eadem
1321 3721 1435 3787 officina

251 3832 283 3892 et
325 3825 459 3910 epistola
498 3830 530 3890 et
572 3826 673 3890 oratio
712 3825 897 3910 prodierint.
945 3823 1036 3904 Quod
1071 3831 1180 3891 autem
1215 3827 1435 3892 commemorat

250 3931 401 4017 Sophista
430 3930 594 4015 complura
620 3931 791 3996 hominum
822 3935 854 3995 et
885 3930 1028 3995 locorum
1059 3933 1207 4009 nomina,
1241 3953 1321 4017 quae
1344 3930 1434 4016 vulgo

249 4041 451 4127 ignorantur,
484 4035 589 4100 facilis
625 4043 672 4101 est
706 4038 887 4103 coniectura
921 4039 1029 4101 omnia
1063 4036 1141 4102 haec
1175 4059 1214 4102 ex
1244 4036 1433 4124 Theopompi

250 4148 446 4214 Φιλιππικοῖς
477 4161 544 4207 esse
576 4147 692 4206 sumta.
741 4142 824 4207 Sunt
855 4143 941 4208 enim
971 4142 1048 4206 haec
1071 4145 1178 4226 spuria
1200 4146 1385 4230 perantiqua
1406 4143 1433 4204 et

248 4273 267 4318 a
296 4247 495 4316 Callimacho
524 4248 560 4311 in
584 4247 709 4312 tabulas
733 4247 952 4313 Bibliothecae
976 4246 1209 4313 Alexandrinae
1233 4251 1359 4317 redacta
1382 4246 1430 4332 (εἰς

246 4356 315 4430 τοὺς
340 4355 473 4430 πίνοιιος
498 4353 742 4440 incapabilem)
767 4355 835 4419 eine
857 4352 926 4419 ulla
949 4355 1127 4439 suspicione
1151 4355 1283 4422 fraudis.
1328 4355 1429 4438 ltaque
