3034 4970
795 221 860 296 172

229 439 312 499 τερος
345 416 457 499 ὑπῆρξε
488 414 641 495 τίλεμος·
665 415 766 498 τρίτον
792 415 900 483 δέννος)
924 413 1071 496 τέτορτον
1093 414 1225 491 συςῆνωί
1247 420 1356 498 Φσσνν,
1377 409 1401 478 b

228 519 250 606 ᾧ
275 523 493 600 κατελύθησαν
516 523 628 596 τελέως
651 525 676 588 οἱ
695 525 873 611 Μεσσήνιον.
909 522 1016 610 Negat
1034 521 1210 588 Kramerus
1230 521 1403 588 Strabonem

227 633 388 717 scripsisse
418 630 556 702 Ἠλείους
588 634 620 695 et
650 635 800 715 ευερίοονί
829 651 862 696 se
892 629 971 694 dicit
997 651 1069 712 „pro
1095 628 1233 702 Ἠλείους
1253 629 1404 716 antiquita

227 738 370 822 septum
392 737 499 823 febre
528 735 713 817 Ἀρκοίδος.”
749 733 965 803 Oorreotiones
998 734 1220 800 huiuscemodi
1253 756 1317 802 non
1342 738 1404 800 sunt

227 844 295 910 ullo
326 843 421 910 modo
445 842 677 920 admittendae,
702 863 742 908 ne
765 863 815 908 ars
838 838 957 908 Oritios
979 842 1014 905 in
1036 841 1287 921 μστουοτεχνίον
1310 841 1404 917 abeat,

227 954 449 1036 praeterquam
470 951 505 1013 in
527 950 569 1013 iis
587 946 680 1032 loeis,
701 948 759 1012 ubi
776 948 980 1034 perspicuum
1000 950 1032 1012 et
1050 946 1184 1032 planum
1204 953 1252 1014 est
1270 947 1405 1014 laonnam

226 1058 344 1123 veteris
374 1054 450 1120 libri
480 1075 499 1120 a
528 1052 625 1118 soiolo
658 1055 765 1139 inepte
795 1073 862 1118 esse
894 1051 1074 1139 suppletam
1098 1052 1137 1118 de
1158 1073 1233 1133 suo;
1258 1056 1348 1119 ouius
1368 1054 1408 1117 rei

228 1161 393 1246 complura
411 1158 558 1245 exempla
577 1181 616 1224 ex
634 1157 762 1225 Stobaei
781 1159 944 1241 Floritepio
962 1158 1166 1244 protulimus.
1198 1159 1237 1224 ln
1256 1158 1407 1225 Strabonis

228 1267 296 1332 looo
328 1265 455 1331 nullum
485 1269 534 1330 est
567 1265 664 1330 huius
698 1266 819 1332 bandis
852 1267 1038 1354 vestigium.
1085 1267 1226 1351 Apparet
1263 1263 1407 1347 Ἀρκάδος

199 1442 201 1448 ,
228 1372 470 1439 commemorari
493 1370 622 1447 debere,
646 1371 702 1436 sed
727 1371 866 1443 Ἠλείους
884 1372 1065 1438 retinendos
1085 1393 1151 1437 essa
1172 1392 1293 1456 censeo.
1329 1370 1409 1452 Quod

230 1499 292 1565 quo
323 1476 450 1560 facilius
477 1477 609 1562 probem
632 1477 775 1544 refutabo
798 1480 942 1564 primum
964 1477 1112 1544 Krameri
1134 1483 1340 1566 argumenta,
1363 1474 1409 1542 vel
1507 1467 1508 1470 '

228 1586 336 1671 potius
368 1587 482 1667 testes,
514 1603 592 1668 quos
614 1585 781 1669 produxit,
807 1584 978 1650 destruam.
1021 1583 1161 1662 „Etenim
1181 1586 1313 1671 (inquit)
1331 1583 1410 1648 Είοοε
1508 1617 1509 1620 ¹

228 1690 546 1757 burdemontem
565 1689 628 1773 ipso
647 1691 723 1754 detto
742 1689 892 1754 οιίίυοίνεο
908 1695 971 1772 ipse
989 1695 1096 1752 narrat
1117 1711 1209 1772 συρνο
1227 1710 1303 1778 pag.
1325 1687 1410 1755 355.”

229 1794 266 1863 Si
297 1796 357 1862 hoo
387 1815 500 1861 verum
527 1800 575 1860 est
598 1815 692 1861 eausa
715 1794 823 1861 oeoidi.
870 1794 1047 1860 Audiamus
1069 1796 1311 1860 testimonium:
1335 1794 1411 1860 συνί-

229 1899 352 1984 σροοξοιν
370 1900 401 1965 δὲ
420 1900 472 1966 καὶ
493 1902 519 1966 οί
537 1899 774 1978 ratramnum
793 1901 869 1988 (τοῖς
883 1900 1026 1988 Ἠλείοις)
1040 1901 1126 1979 μετὰ
1138 1902 1411 1977 τὴνἘΕΧΑΤΗΝ
1510 1937 1511 1946 ³

231 2011 406 2083 terrimotu
435 2013 493 2072 τῶν
520 2007 700 2082 Μεσσηνίων
727 2009 978 2088 συμμοχησοοσον
1002 2009 1119 2079 αὐτοῖς.
1146 2045 1188 2055 -
1213 2008 1267 2073 καί
1294 2009 1344 2074 ἐστὶ
1367 2033 1412 2073 το-

230 2113 337 2182 σοῦτίν
361 2139 399 2194 γε
425 2111 617 2194 συνέσροοξοον
640 2109 698 2181 diss
717 2113 772 2186 την
790 2115 894 2194 χώρου
915 2109 1046 2178 έίτοισοιν
1065 2113 1120 2187 την
1139 2112 1234 2193 μέχρι
1255 2116 1413 2188 Μεσσήνης

229 2221 358 2288 Ἠλείων
388 2224 510 2301 ῥηίῆνοιν
538 2218 591 2285 κοί
625 2218 779 2296 δοσομεῖνοιο
812 2222 905 2299 μέχρι
937 2225 1005 2296 νῦν,
1038 2226 1181 2285 Πνσοοτῶν
1211 2220 1242 2284 δέ
1273 2259 1315 2270 -
1347 2219 1413 2298 μηδ’
1512 2269 1513 2272 ¹

229 2327 324 2405 ίνομσ
355 2327 528 2406 astatium.
575 2323 660 2391 Satis
691 2329 738 2390 est
772 2345 958 2412 componere
992 2325 1099 2392 looum
1130 2323 1296 2392 Strabonis
1325 2346 1414 2413 supra

108 2437 110 2441 ’
231 2434 436 2519 descriptum¹
456 2430 494 2496 de
518 2430 601 2496 bello
625 2438 743 2517 quarto,
768 2432 799 2496 ἕν
821 2427 843 2513 ᾧ
867 2429 1083 2505 κατελύθησαν
1106 2438 1219 2504 τελέως
1242 2434 1268 2497 oi
1290 2434 1412 2504 Μεσσί-

231 2563 301 2616 ννον,
325 2544 364 2602 ut
387 2537 496 2603 videas
519 2558 537 2602 a
559 2537 715 2604 Kramero
738 2538 888 2604 confundi
911 2543 1071 2622 tempora,
1096 2543 1128 2602 et
1151 2539 1236 2623 qnod
1258 2541 1292 2603 in
1315 2538 1414 2604 υίιίννο

229 2638 458 2710 οοΠοίοοίιΠω
481 2649 563 2708 esset
587 2644 626 2709 ad
648 2647 807 2708 οοουοιίοοο
829 2644 948 2709 referri.
995 2643 1157 2709 Ponamus
1179 2647 1323 2730 primum
1347 2643 1415 2709 dili·

229 2755 342 2839 genter
371 2751 469 2834 primi
499 2769 535 2814 ao
556 2751 686 2815 secundi
709 2749 787 2816 belli
808 2751 941 2813 initium
965 2770 1000 2814 ao
1021 2748 1131 2816 finem.
1179 2748 1329 2815 Primum
1353 2748 1416 2815 bol·

228 2855 298 2921 lum
328 2861 493 2941 peractum
524 2861 572 2921 est
596 2854 657 2919 έτεν
680 2855 786 2936 τροίτορ
810 2861 865 2928 τῆς
889 2853 1039 2935 τετοίρτης
1063 2854 1115 2920 κοί
1140 2855 1274 2932 δεκέτης
1299 2858 1416 2934 Ὀλυμ-

230 2958 336 3034 τοσίδος
357 2959 506 3046 (Pausan.
524 2959 578 3026 IV.
601 2959 653 3025 13.
669 2959 713 3046 7.)
724 2965 854 3048 gestum
865 2981 922 3045 per
934 2981 1030 3026 annos
1041 2960 1116 3026 XX.
1127 2961 1215 3027 Audi
1226 2960 1415 3050 Tyrtaeum:

412 3066 516 3147 ’ΛμΦ’
540 3068 637 3142 αὐτὴν
663 3066 689 3131 δ’
713 3067 865 3147 ἐμάχοντ’
890 3064 974 3132 έννέον
997 3066 1050 3131 κοοί
1075 3064 1136 3133 δέκ’
1159 3064 1214 3142 ἔτη

366 3172 542 3252 νωλεμέως,
567 3172 627 3238 aiei
651 3174 871 3254 τοιλοοσίφρονω
895 3174 987 3250 ίυμὸν
1008 3170 1133 3255 ἔχοντες

409 3277 569 3359 οοίχμητοοί
595 3278 734 3360 ποτέρων
758 3278 908 3359 ἡμετέρων
933 3277 1075 3359 τοντέρες.

366 3386 470 3464 einos&
494 3385 521 3450 δ’
545 3385 571 3450 οἱ
594 3386 651 3462 μέν
673 3383 760 3450 eard
783 3384 874 3449 eriora
898 3382 976 3465 ἔργον
999 3383 1140 3459 λοτίντες

406 3494 525 3573 φεῦγον
548 3491 715 3567 Ἰθωμαίων
738 3491 772 3555 ένο
794 3490 945 3570 μενοίλων
969 3489 1067 3573 ίρέων.

228 3600 296 3668 uid.
318 3598 454 3663 Pansan.
477 3596 531 3662 IV.
557 3595 611 3662 15.
638 3595 678 3682 2,
703 3601 734 3662 et
756 3595 810 3663 IV.
837 3596 889 3662 13.
915 3594 947 3661 6.

222 3755 225 3764 .
274 3705 390 3791 Erupit
409 3702 530 3768 bellum
549 3703 724 3768 seeundum
744 3702 806 3770 ἔτερ
825 3703 973 3784 τροοκοςῷ
992 3701 1045 3766 κοί
1066 3699 1164 3781 ἕνοίτῳ
1184 3703 1271 3779 μετὰ
1292 3701 1418 3780 ’lictum

230 3809 361 3888 ἅλωσιν,
384 3811 521 3892 τετοίρτῳ
547 3810 577 3875 δὲ
601 3819 657 3885 τῆς
680 3810 783 3890 τρίτης
808 3810 1023 3885 Ὀλυμτνοίδος
1049 3808 1101 3872 sai
1126 3809 1264 3887 είκοςῆς,
1292 3813 1419 3875 amatore

229 3918 388 3983 Pausania
412 3915 479 3997 (IV.
502 3914 553 3980 15.
582 3917 640 4001 l.),
666 3937 728 4003 quo
752 3922 832 3982 teste
856 3916 921 4002 (tv.
947 3913 1001 3980 23.
1026 3914 1071 4000 4.)
1092 3914 1106 3978 i
1127 3915 1263 3994 δεύτερος
1284 3911 1419 3989 τίλεμος

230 4024 319 4092 τέλος
351 4020 444 4101 ἔσχεν
474 4019 534 4087 ἔτει
565 4021 671 4103 τροίτῳ
699 4033 753 4099 τῆς
778 4021 886 4100 ὀγδόης
912 4046 947 4087 τε
971 4021 1024 4086 κοί
1049 4022 1166 4096 steorte
1190 4016 1417 4096 Ὀλυμσνοέδος.

229 4127 322 4199 Nihil
351 4129 454 4215 igitur
482 4129 618 4215 impedit
649 4150 711 4215 quo
742 4131 850 4194 minus
881 4128 1046 4194 credamus
1074 4125 1212 4199 Ἠλείους
1235 4124 1421 4190 insecundo

228 4235 313 4302 bello
335 4232 567 4301 Messeniorum
592 4239 690 4302 sooios
713 4237 747 4301 in
769 4243 875 4322 ρυονίο
899 4255 918 4300 a
940 4232 1103 4319 Spartanis
1126 4233 1263 4298 stetisse.

275 4341 454 4410 Audiamus
476 4340 614 4426 alterum
636 4346 881 4429 argumentum:
905 4345 1078 4424 „praeterea
1095 4335 1298 4405 acerbissime
1315 4331 1422 4398 inimi-
