3096 4972
780 243 846 317 578

217 436 280 506 ε’ςδν
303 433 349 502 ίτι
372 434 427 508 τὴν
450 435 551 516 α’ρχὶρν
571 429 605 511 iio
624 435 741 518 ἔλαχεν
761 436 1035 517 άπεδοκιμάσατε;
1056 435 1131 502 άλλ·
1151 433 1198 502 άτι
1221 433 1408 514 παρανθμων

218 545 316 608 αὐτοῦ
347 542 542 620 κατθννωτες
576 543 653 610 άλλ’
685 539 730 608 ὅτι
762 541 855 609 πέντε
886 543 1048 610 ταλάντων
1076 542 1339 625 προςετιμιίσατε;
1363 541 1412 606 Βιι

217 647 269 713 his
298 648 476 714 Dinarchus
506 648 524 734 β
556 649 609 716 12.
641 653 694 715 οὐκ
725 649 940 730 Ἀριςθθείτων
971 650 1035 718 ε’τίν
1066 650 1079 715 ὃ
1109 649 1194 715 κατὰ
1218 656 1274 722 τῆς
1297 646 1410 727 ἱερείας

216 761 272 828 τῆς
308 754 484 835 Ἀρτέμιδος
518 763 574 832 τῆς
610 758 798 837 Βραυρωνίας
831 758 883 822 καὶ
916 757 975 820 τῶν
1003 755 1117 820 οίιιείων
1148 755 1245 828 αὐτοῖς
1277 755 1410 816 τοιαῦτα

220 857 350 940 ρράψας
384 860 436 925 καὶ
467 860 662 940 ψευσάμενος
686 859 754 927 ὥσθ’
780 863 864 941 ὑμᾶς
888 862 991 936 ἐπειδὴ
1014 863 1069 936 τθρν
1094 862 1240 937 ιἰλιίθειαν
1263 858 1410 923 ἐπύθεσθε

222 966 310 1045 παρά
333 971 391 1031 τῶν
414 968 593 1048 κατηγόρων
615 967 709 1033 πέντε
728 968 891 1034 ταλάντων
910 977 1041 1046 τιμῆσαι
1063 970 1177 1048 τούτῳ;

266 1069 445 1137 Dinarchus
467 1073 485 1157 ὅ
511 1073 562 1138 13.
586 1076 618 1139 οὐ
643 1075 677 1139 τὸ
701 1083 879 1142 τελευταῖον
903 1071 986 1146 οὗτος
1011 1072 1174 1154 ἐνδειχθεὶς
1199 1072 1257 1136 ὑπὸ
1276 1070 1412 1149 Λυκούρ-

217 1177 352 1253 ysaaci
386 1176 584 1260 ἐξελεγχθείς
617 1182 749 1263 ὀφείλων
779 1183 821 1262 τῷ
849 1181 980 1261 δημοσίῳ
1012 1177 1116 1257 λέγειν
1146 1180 1201 1242 οὐκ
1226 1176 1291 1255 ἕξδν
1323 1179 1410 1257 αὐτῷ

217 1280 270 1346 καὶ
299 1282 478 1363 παραδοθεὶς
509 1295 572 1358 τοῖς
604 1283 712 1352 ἕνδεκα
742 1287 829 1352 κατά
859 1287 931 1358 τοὺς
958 1284 1066 1363 νόμους
1093 1289 1269 1363 περιπατῶν
1296 1279 1412 1361 ἔμπρο-

217 1387 285 1451 σθεν
313 1397 371 1454 τῶν
408 1391 586 1472 δικαςθίίων
618 1392 670 1456 καί
703 1393 746 1464 είς
776 1394 831 1466 τίον
862 1391 1019 1472 προεδρίαν
1047 1397 1106 1454 τῶν
1137 1389 1313 1470 πρυτάνεων
1337 1388 1412 1454 ἐκά-

216 1493 304 1576 θιζεν.
350 1498 423 1563 Non
454 1503 501 1562 est
528 1499 711 1563 mirandum
739 1519 758 1563 a
783 1498 943 1564 Dinarcho
973 1497 1077 1563 solum
1103 1502 1318 1562 accusatorem
1342 1497 1410 1582 Ly-

216 1625 354 1694 curgum
373 1606 532 1669 nominari
552 1609 584 1669 et
603 1604 849 1691 subscriptorem
867 1605 1066 1692 Hyperidem
1087 1603 1214 1670 silentio
1230 1607 1410 1690 praeteriri.

216 1717 328 1799 Neque
357 1712 443 1797 onim
474 1714 541 1775 orat
572 1730 650 1796 opus
681 1716 714 1775 et
743 1712 824 1776 forte
860 1713 889 1775 is
927 1710 1013 1776 solus
1056 1731 1202 1775 accusare
1243 1711 1412 1776 dicebatur

148 1863 151 1868 -
217 1822 273 1907 qui
301 1838 417 1883 nomen
458 1815 634 1881 detulisset.
693 1813 864 1882 Caeterum
905 1816 980 1880 hinc
1021 1821 1150 1901 apparet
1191 1837 1253 1881 non
1289 1819 1413 1883 iniuria

143 1951 146 1957 ·
217 1907 370 1991 metuisse
393 1919 595 2010 Hyperidem
617 1944 656 1988 ns
688 1927 769 1988 esset
800 1921 904 2001 μάτην
939 1921 1168 2002 ἐρραψῳδηκθς.
1214 1921 1412 1988 Manifestus

216 2036 303 2099 enim
334 2050 406 2094 reus
438 2034 471 2092 et
501 2028 669 2093 damnatus
702 2033 751 2093 est
781 2033 814 2094 et
843 2034 952 2094 tamen
981 2048 1097 2114 poenas
1120 2048 1183 2093 non
1202 2028 1308 2112 dedit,
1333 2033 1412 2114 quia

217 2140 377 2205 coniectus
419 2135 454 2198 in
488 2153 645 2200 carcerem
680 2137 791 2200 statim
826 2137 962 2200 emissus
997 2127 1147 2212 ἔμπροσθε
1182 2138 1240 2197 τῶν
1282 2133 1412 2210 διακεν-

216 2244 282 2325 ρίαν
313 2241 434 2326 insigni
463 2238 664 2322 impudentia
694 2239 925 2306 obambulavit.
972 2239 1093 2305 Hodem
1124 2241 1285 2323 pertinent
1311 2241 1413 2306 verba

216 2345 369 2415 Dinarchi
399 2345 417 2428 ᾖ
450 2342 505 2407 14.
538 2335 569 2406 δν
600 2344 743 2426 Φωλάξαι
777 2345 838 2411 οὔθ’
873 2347 898 2410 oi
931 2342 1037 2410 ἕνδεκα
1072 2343 1247 2418 δεδθνιινται
1277 2343 1349 2410 οὔτε
1374 2348 1410 2411 ri

217 2451 429 2529 δεσμωτήριον.
476 2448 545 2528 Quo
576 2455 668 2536 pacto
699 2454 839 2536 potuerit
866 2452 962 2517 homo
993 2453 1208 2535 nequissimus
1232 2451 1412 2519 damnatio

215 2581 289 2628 nem
319 2556 402 2622 nihil
432 2576 541 2622 curare
569 2561 601 2622 et
622 2559 740 2623 iactare
765 2578 797 2622 se
819 2559 855 2622 in
877 2557 1004 2643 publico
1027 2577 1091 2622 non
1112 2555 1330 2644 intelligimus
1354 2563 1411 2644 qui

213 2672 248 2735 in
270 2668 351 2732 bene
373 2665 505 2729 moratis
528 2665 714 2729 civitatibus
737 2667 840 2728 vitam
864 2665 1009 2751 agimus,
1034 2664 1169 2729 Athenis
1192 2684 1288 2730 nemo
1311 2669 1411 2732 mira·

212 2778 317 2842 batur.
364 2769 457 2834 Plato
490 2769 635 2835 deridens
665 2768 893 2834 democratiam
927 2768 976 2856 (de
1006 2770 1081 2852 Βορ.
1113 2790 1188 2856 pag.
1214 2767 1291 2834 558.
1306 2773 1353 2855 s.)
1377 2773 1411 2836 σι’

214 2883 246 2948 δὲ
279 2882 295 2954 οἱ
328 2875 462 2960 πραότης
494 2876 574 2940 ἐνίων
603 2876 663 2940 τῶν
689 2873 889 2940 δικασθέντων
912 2875 945 2938 οὐ
970 2877 1096 2955 κομψάς
1122 2876 1139 2952 ἢ
1164 2874 1248 2940 οὔπω
1272 2872 1354 2949 εἶδες
1378 2879 1408 2941 ἐν

214 2984 342 3065 τοιαθτρ
380 2980 523 3064 πολιτεία
554 2980 712 3061 άνθράπων
742 2980 1043 3062 καταψηφισθέντων
1079 2981 1210 3046 θανάτου
1245 2981 1262 3056 ἢ
1300 2987 1407 3064 Φνριῑς

214 3094 295 3160 οὐδὲν
325 3087 413 3166 ἦττον
445 3089 544 3151 αὐτῶν
576 3085 724 3164 μενόντων
748 3111 784 3152 τε
808 3087 861 3150 καί
885 3087 1141 3168 άναςρεφομίνων
1166 3089 1196 3152 ἕν
1219 3087 1323 3170 μέσως
1355 3089 1406 3153 καί

216 3203 255 3273 ὡς
285 3197 355 3262 οθτε
385 3191 592 3274 Φροντίζοντος
622 3191 684 3258 οὔθ’
718 3193 838 3272 δρῶντος
870 3191 985 3266 οὐδενὸς
1017 3202 1169 3272 περινοςεῑ
1188 3191 1289 3274 ὥσπερ
1316 3193 1404 3274 ἥρωος

218 3305 271 3371 καὶ
303 3299 436 3372 πολλούς
458 3323 512 3378 γε,
537 3296 610 3379 ἔφη.
659 3299 902 3364 Eiusdemmodi
926 3299 1003 3383 quid
1026 3298 1202 3387 Hyperidis
1226 3304 1334 3367 animo
1355 3302 1405 3366 ob-

216 3409 403 3479 versabatur
424 3425 498 3493 pag.
524 3403 600 3472 797.
626 3404 656 3469 1.

262 3512 441 3583 Dinarchus
471 3511 490 3596 ᾖ
521 3511 574 3576 16.
608 3517 671 3583 πῶς
694 3506 743 3574 οὖν
767 3511 871 3575 ἐκεῖνοι
895 3511 1044 3595 (maiores
1066 3510 1179 3597 nostri)
1204 3511 1403 3594 περὶτούτων

219 3622 424 3704 ε’νίμνωσιιον;
456 3623 572 3697 πρῶτον
602 3617 658 3695 μὲν
691 3615 761 3680 καθ’
794 3614 908 3692 ἕκάςιρν
940 3615 1120 3704 (ἐκκλησίαν
1151 3616 1245 3707 adde)
1277 3610 1402 3700 δημοσίᾳ

218 3730 296 3812 σίράς
327 3725 497 3802 ποιούμενοι
528 3723 613 3788 κατά
644 3729 702 3787 τῶν
733 3728 873 3803 πονηρῶν.
923 3721 973 3786 Hx
1003 3722 1063 3787 hoc
1094 3723 1238 3788 dirarum
1270 3726 1401 3790 carmine

219 3837 336 3903 sumsit
362 3830 544 3918 Hyperides
575 3851 655 3915 quae
678 3829 760 3895 dixit
782 3850 858 3916 pag.
885 3827 960 3894 794.
985 3826 1038 3892 24.
1064 3827 1078 3890 θ
1101 3829 1345 3910 τρισκατάρατος
1362 3865 1399 3876 -

220 3939 277 4023 θτῳ
304 3941 386 4018 μήτε
411 3943 455 4015 νῆ
479 3935 563 4018 Φθροι
588 3935 704 4015 καρπὸν
725 3935 801 4012 μήτ’
827 3933 1020 4000 άποθανθντα
1045 3933 1176 4010 δέξαιτο.

264 4044 443 4112 Dinarchus
466 4044 484 4127 ξ
509 4040 562 4106 19.
586 4038 644 4110 oisc
666 4041 701 4106 σθ
725 4041 878 4113 πολλάκις
902 4039 1070 4118 λερθμενον
1093 4041 1205 4114 cantes
1229 4043 1325 4108 είπεΐν
1344 4039 1397 4108 aa

222 4149 266 4218 ίτι
299 4152 365 4230 περὶ
398 4149 455 4225 μὲν
486 4147 593 4212 τούτου
627 4147 878 4234 (Aristogitonis)
918 4148 974 4221 rba
1005 4152 1112 4228 ψῆφον
1147 4148 1238 4225 ὑμεῖς
1272 4148 1395 4228 μέλλετε

220 4258 337 4342 φέρειν,
362 4255 429 4334 περὶ
454 4253 480 4318 δ’
505 4253 588 4331 ὑμῶν
611 4255 636 4317 οἷ
659 4254 870 4334 περιεςιικάτες
891 4253 944 4318 καί
964 4254 990 4317 οἱ
1010 4251 1102 4318 άλλοι
1123 4251 1251 4330 πάντες.
1286 4255 1394 4320 hisdem

218 4363 375 4432 sententia
402 4358 583 4444 Hyperides
614 4359 713 4425 semel
743 4365 775 4425 et
805 4361 925 4426 iterum
951 4378 1030 4424 usus
1052 4363 1101 4424 est
1123 4381 1226 4446 neque
1248 4383 1286 4428 ea
1307 4383 1325 4426 a
1344 4357 1394 4425 De
