3026 4970
645 217 710 285 343

97 433 190 479 omnes
222 414 400 478 constanter
430 405 562 486 ἔπαιξα,
596 406 790 484 πέπαικται,
823 407 1009 487 πεπαίχθω,
1046 409 1264 489 συμπαίκτωρ,

96 524 314 600 θκφοπαικτεῖν
338 522 520 602 caeteraque
544 516 651 580 omnia
673 514 725 578 his
748 517 962 600 congruentia.
1009 513 1126 582 Sedulo
1148 515 1183 580 id
1209 517 1266 579 ατ-

96 626 198 696 τικιςαί
228 645 339 691 omnes
368 644 431 688 uno
462 643 515 687 ore
545 625 710 686 testantur.
759 619 879 684 Moeris
911 627 1067 685 Παῖσαι
1097 619 1266 695 Ἀττικῶς,

96 731 228 808 παῖξαι
263 733 522 806 Ἑλληνικῶς.-ωί
554 729 813 805 Ἐπαίσαμεν
841 728 1006 804 Ἀττικῶς,
1034 725 1268 804 ἐπαίξαμεν

95 839 274 914 Ἑλληνικῶς.
320 834 540 924 Phrynichus:
565 831 722 909 Παΐξαι
753 841 876 912 Δωριεῖς
901 833 951 897 δια
975 832 1009 896 τὸ
1034 832 1071 912 ξ,
1097 834 1110 898 ί
1136 833 1168 897 δὲ
1194 832 1266 897 Ἀτ-

95 945 163 1017 κικίς
187 952 354 1020 παῖσαι,
380 943 432 1008 καί
456 941 637 1006 παίσατε
662 940 714 1003 καί
739 941 979 1016 σνμπαιςνίς
1003 939 1054 1004 δια
1074 946 1126 1006 τοῦ
1147 940 1267 1019 σέρεῖς.

95 1049 209 1116 Similia
226 1051 278 1115 his
297 1049 464 1126 Timaeus,
485 1046 682 1133 Hesychius,
704 1043 837 1121 Suidas,
856 1043 996 1109 Thomas
1015 1044 1172 1132 Magister
1184 1065 1268 1110 com-

94 1160 267 1222 memorant.
304 1152 470 1240 (lopiosius
492 1152 682 1218 Eustathins
705 1151 745 1217 ad
769 1150 880 1238 Odyss.
903 1161 947 1226 Θ,
968 1149 1045 1215 251.
1068 1171 1141 1240 pag.
1168 1150 1266 1216 1594.

94 1262 170 1326 τὸδὲ
205 1262 387 1328 παίσατε
415 1258 484 1324 σίνσί
508 1263 561 1323 τοῦ
594 1256 775 1334 παίξατε
807 1256 869 1322 απὸ
894 1262 947 1322 τοῦ
972 1257 1102 1339 παίζω
1126 1259 1267 1324 παίσω.

94 1361 146 1430 ίθεν
168 1368 221 1432 καί
243 1369 259 1442 ἡ
285 1365 542 1445 σνμπαίςρια
566 1363 618 1428 καὶ
644 1363 657 1427 ὃ
682 1364 926 1441 συμπαίςωρ
951 1363 1267 1442 Ἀττικῶς-λέγει

94 1471 119 1536 a
149 1474 199 1539 acl
234 1473 388 1554 Ἡρόδοτος
426 1467 532 1549 ,οὗτος
569 1470 624 1548 μὲν
657 1470 670 1533 θ
702 1469 795 1546 λόγος
826 1468 930 1540 ἄλλως
967 1470 1171 1539 πίπαιςαι
1209 1470 1266 1536 ὑπὸ

93 1579 267 1656 ‘Bariana'
312 1579 360 1644 De
389 1577 552 1642 Herodoto
590 1574 730 1645 fallitur,
766 1574 850 1660 apud
884 1595 979 1658 quem
1014 1575 1066 1640 IV.
1105 1575 1158 1644 77.
1193 1575 1268 1642 libri

92 1685 228 1751 meliores
248 1685 398 1750 exhibent
418 1682 522 1754 ἄλλως
542 1681 762 1757 πέπΛΑΕται,
782 1682 972 1758 rectissime;
998 1703 1073 1746 nam
1093 1682 1267 1746 πέπαισται

93 1794 133 1854 est
159 1793 238 1856 risus
267 1790 402 1854 movendi
432 1811 520 1852 σσασα
543 1790 720 1871 steterat,
745 1785 829 1870 quod
852 1807 926 1850 cum
948 1785 1011 1850 loci
1034 1791 1190 1852 sententia
1210 1810 1267 1873 pu-

92 1903 161 1980 gnat
181 1917 284 1981 neque
302 1916 376 1960 cnm
397 1894 500 1964 ἄλλως
522 1894 601 1959 bene
620 1894 830 1977 componitur.
872 1890 1008 1976 Reliqua
1026 1912 1101 1958 vera
1125 1908 1157 1957 et
1183 1897 1268 1958 certa

92 2008 172 2081 sunt,
204 2003 259 2068 sed
289 2002 408 2067 formae
438 2000 496 2064 hae
527 2002 674 2083 antiquae
705 1998 848 2063 diversae
877 1998 995 2081 abiis,
1020 1998 1136 2083 quibus
1159 2017 1268 2063 omnes

91 2109 179 2196 vulgo
209 2091 399 2191 utebantur,
431 2108 466 2169 in
495 2110 648 2190 perpetuo
677 2103 818 2189 periculo
843 2107 1009 2169 versantur
1030 2126 1069 2169 ne
1092 2109 1211 2170 temere
1234 2107 1269 2168 in

90 2213 229 2301 vulgares
260 2217 494 2279 convertantur.
542 2210 658 2275 Editur
688 2209 791 2274 adhuc
821 2210 855 2271 in
889 2209 1069 2292 Cyropaedic
1100 2210 1125 2274 I.
1158 2207 1267 2275 e.14.

92 2319 136 2383 καί
166 2321 283 2390 παῖδας
314 2319 345 2382 δέ
378 2340 423 2382 σοι
456 2316 698 2395 σομπαίΚτοραο
723 2311 863 2393 παρέξω,
888 2315 945 2380 ubi
968 2317 1002 2379 in
1026 2315 1097 2381 aliis
1120 2321 1168 2380 est
1190 2339 1268 2393 σνμ-

91 2426 236 2508 πίοτορας
270 2431 302 2491 et
332 2424 566 2502 συμπαίςορας,
598 2421 681 2506 quod
712 2425 760 2486 est
790 2422 882 2485 unice
913 2442 1034 2486 verum.
1082 2420 1157 2487 Sine
1187 2424 1268 2488 vitio

91 2533 230 2598 scribitur
250 2534 285 2596 in
310 2529 478 2618 (Platonis)
501 2526 611 2593 libello
634 2529 670 2590 de
692 2527 770 2608 Leqe
789 2547 862 2613 pag.
885 2523 960 2590 319.
982 2545 1012 2592 a.
1032 2527 1193 2605 συμπότην
1215 2525 1266 2592 καί

91 2639 321 2715 σνμπαιςίιν
347 2674 388 2686 -
412 2639 465 2700 τοῦ
498 2631 580 2706 Διίς.
636 2633 787 2698 Mendose
821 2632 905 2717 apud
936 2632 1104 2699 Platonem
1120 2683 1122 2690 .
1139 2635 1268 2719 Εαθίιριθ.

90 2761 156 2829 pag.
188 2742 262 2810 278.
293 2759 320 2807 o.
346 2743 487 2827 optimus
510 2741 655 2804 omnium
679 2742 770 2803 testis
794 2736 942 2812 παῖξαι
966 2738 1036 2818 πρὸς
1061 2738 1096 2803 σί
1120 2741 1215 2804 habet
1239 2747 1271 2806 et

89 2854 155 2931 post
183 2869 282 2935 pauca
310 2869 384 2935 pag.
410 2843 486 2913 278.
511 2864 542 2910 a.
567 2843 771 2909 πεπαίσθω
795 2864 851 2929 pro
875 2845 1045 2910 πεπαίσθω.
1093 2846 1269 2912 Emendate

90 2955 120 3018 iu
150 2958 286 3020 Phaedro
309 2955 459 3021 scribitur
482 2972 555 3038 pag.
580 2950 657 3016 265.
682 2967 708 3014 o.
741 2950 952 3016 πεπαίσθω
983 2956 1015 3016 et
1037 2973 1109 3039 pag.
1136 2949 1212 3017 278.
1238 2971 1268 3018 Β.

91 3060 140 3135 ἤδη
170 3061 381 3127 πεπαίσθω
415 3059 542 3138 μετρίως
575 3059 662 3136 ἡμῖν,
695 3057 750 3122 sed
773 3059 886 3122 vitiose
908 3060 943 3121 in
967 3057 1270 3141 Τίιοοιιιορθονθαααοθσ
1321 3119 1323 3126 ,

89 3186 133 3234 rs.
157 3166 252 3235 1227.
276 3167 444 3234 Ravennas
465 3166 578 3229 unicus
601 3165 692 3228 testis
714 3164 915 3248 caeteroquin
936 3165 1078 3249 optimus
1100 3167 1222 3229 servat:

376 3271 464 3337 ῶλλίι
495 3270 680 3339 πίπνςαι
714 3270 842 3350 μετρίως
868 3272 950 3347 ἡμῖν.

88 3379 143 3444 ubi
162 3378 318 3446 Kusterus
341 3377 530 3453 πέπαικται,
551 3397 666 3450 verum
690 3379 723 3440 et
744 3377 890 3440 Atticum
915 3374 1069 3443 πίπαιςαι
1089 3373 1269 3440 Brunckius

89 3491 229 3571 reposuit.
264 3486 303 3552 In
325 3486 416 3550 Ρθαθο
438 3504 484 3550 vs.
512 3481 610 3548 1056.
635 3482 742 3560 βούλει
764 3481 814 3545 aa
836 3478 944 3562 χρίνον
966 3480 1038 3559 πρός
1057 3506 1099 3560 με
1119 3487 1269 3556 παῖσαι;

87 3592 120 3655 in
152 3591 263 3659 (lodice
297 3589 417 3656 Veneto
451 3588 627 3674 multisque
661 3587 731 3652 aliis
767 3585 879 3662 παῖξαι
913 3586 1043 3675 legitur.
1095 3587 1272 3652 Emendata

88 3695 177 3766 lectio
207 3705 255 3766 est
284 3699 366 3761 Itan.
399 3693 474 3760 390.
510 3695 625 3760 παῖσαί
656 3718 691 3757 τε
719 3693 770 3758 καί
793 3697 955 3772 χορεῦσαι,
983 3699 1014 3757 et
1037 3714 1084 3759 vs.
1111 3691 1176 3758 194
1200 3693 1272 3758 παί·

89 3827 184 3870 σαντα
211 3804 262 3871 καὶ
288 3806 478 3886 σκώψαντα,
503 3806 541 3888 et
558 3804 613 3865 Aa.
637 3798 713 3864 ool.
738 3797 788 3863 ίνα
810 3799 970 3876 παίσωμεν
994 3801 1065 3876 μετ’
1086 3799 1216 3878 ἐκείνης,
1241 3804 1273 3865 et

90 3909 249 3996 Τθοοιαορθ.
275 3908 353 3975 992.

309 4015 489 4094 παίσωμεν,
513 4009 534 4079 ὦ
559 4019 723 4097 γυναῖκες,
748 4006 854 4093 οίοίπερ
879 4011 979 4090 νίμος.

89 4125 120 4187 et
139 4129 217 4212 recta
237 4121 451 4201 σομπαιςρίας
470 4126 634 4188 servatum
653 4124 701 4184 est
720 4121 755 4182 in
778 4119 877 4182 Bacis
901 4117 977 4183 413.
1004 4117 1185 4184 Admonent
1206 4142 1276 4188 ma.

90 4228 180 4312 gistri
198 4230 236 4296 ad
254 4231 337 4295 Rea.
359 4227 436 4294 399.
462 4236 617 4303 παῖσαι,
644 4221 716 4304 ὅπερ
739 4227 826 4303 ἡμεῖς
851 4223 1064 4309 παῖξαι,’ωί
1084 4228 1128 4291 sic
1152 4231 1277 4313 saepius

91 4331 174 4398 alibi.
218 4336 352 4404 Formae
375 4333 505 4401 Atticae
528 4339 560 4399 et
584 4331 668 4418 apud
691 4327 860 4396 Platonem
883 4351 1109 4417 nonnunquam
1132 4333 1275 4420 integrae
