3096 4972
800 227 865 306 566

238 421 335 504 νόμον
365 421 472 492 δίκαιοί
500 426 580 505 ἐσιν,
613 425 669 492 sed
698 426 856 494 reddideris
885 429 957 508 μετ’
987 431 1063 508 ἐμοῦ
1094 431 1138 498 πδ
1167 432 1275 498 δίκαια
1307 425 1427 516 ἰσχυροὶ

235 534 299 602 iso
322 533 458 601 absurdo
480 537 513 598 et
534 552 628 600 sensu
651 553 738 600 sesso
758 534 860 600 exibit
881 537 993 603 oratio.

282 639 405 706 Eadem
436 643 504 705 eret
529 638 666 706 Dobreei
685 643 842 706 sententia
860 647 1033 727 praeeunte
1055 641 1207 730 Teyloro:
1231 643 1321 710 idem
1342 644 1430 732 ¹vidit

237 750 392 814 oorreetor
414 745 540 812 Codicis
561 754 600 811 A.
625 746 680 812 sed
702 746 847 813 Editores
868 768 932 815 non
954 749 1100 816 audiunt.

278 1024 360 1110 Peg.
392 1016 470 1086 771.
503 1014 535 1081 5.
561 1017 587 1082 οί
610 1013 785 1092 δικάσοντες
810 1018 896 1096 ὑμεῖς
920 1017 1010 1094 ἥκετε
1034 1021 1158 1096 μᾶλλον
1181 1022 1266 1097 ἡμῶν
1290 1026 1350 1084 τῶν
1370 1043 1428 1085 κα·

235 1127 370 1208 πηγόροον
393 1123 506 1196 είδόπεο
525 1131 597 1188 ΚΑΙ
618 1121 786 1201 όΦείλοντα
804 1126 846 1204 τῷ
866 1122 998 1203 δημοσίῳ
1018 1128 1124 1189 τοῦτον
1143 1133 1216 1190 ΚΑΙ
1236 1126 1427 1210 ἐγγεγραμ-

234 1235 323 1317 μένον
348 1233 378 1297 έν
402 1227 565 1308 οὶκροπόλει
588 1234 660 1291 ΚΑΙ
684 1229 737 1293 οὐκ
761 1227 826 1304 ἐξδν
850 1230 934 1310 αὐτῷ
958 1229 1071 1307 λέγειν.
1108 1229 1156 1295 De
1175 1233 1280 1296 tribus
1301 1233 1428 1318 copulis

234 1361 299 1409 une
323 1343 371 1404 est
392 1337 509 1404 vitiose
532 1337 565 1399 et
587 1333 805 1420 expungendo.
838 1332 990 1399 Reiskius
1012 1337 1143 1401 tertiam
1164 1338 1298 1415 eximit,
1328 1360 1427 1424 quem

234 1443 379 1514 Dindorf.
402 1442 554 1526 sequitur.
591 1437 653 1503 sed
677 1436 833 1504 soloeoem
857 1441 1032 1505 orationem
1054 1440 1176 1507 feoinnt
1195 1445 1428 1531 coniungentes

234 1555 279 1617 sio
302 1549 476 1614 necessario
499 1543 610 1616 εἰδότες
635 1549 739 1609 τοῦτον
762 1543 868 1620 λέγειν
888 1566 945 1630 pro
965 1544 1111 1624 λέγονποι.
1158 1543 1428 1631 11111111111111

235 1655 372 1724 secunda
402 1658 435 1718 et
464 1653 510 1716 sie
539 1650 757 1716 scribendum:
789 1649 901 1723 εἰδότες
933 1650 987 1716 καὶ
1019 1651 1188 1733 όφείλοντα
1218 1651 1261 1730 πῷ
1291 1651 1427 1734 δημοσίῳ

234 1767 340 1830 τοῦτον
371 1754 631 1838 ἐγγεγραμμένον
663 1755 693 1818 έν
722 1755 884 1835 οὶκροπόλει
915 1756 967 1821 καὶ
1003 1757 1057 1821 οὔκ
1092 1757 1157 1832 ε’ξδν
1187 1757 1273 1836 αὐτῷ
1305 1756 1426 1834 λέγειν.

234 1869 318 1935 Ordo
349 1870 397 1931 est
426 1863 540 1936 εἰδότες
564 1866 670 1926 τοῦτον
693 1862 953 1940 ἐγγεγραμμένον
977 1863 1145 1943 ὀφείλοντα
1168 1863 1210 1926 πῶ
1235 1863 1369 1942 δημοσίῳ
1394 1869 1427 1928 11

236 1975 347 2045 εἰδότες
379 1972 433 2036 οὐκ
465 1966 530 2044 ἐξόν
561 1967 644 2047 αὐτῷ
679 1966 795 2045 λέγειν.
841 1967 942 2034 Recte
977 1969 1077 2034 oratio
1111 1972 1159 2033 est
1194 1968 1423 2047 ἐγγέγραπται

235 2081 367 2163 όφείλοον
389 2078 432 2158 τῷ
456 2073 588 2154 δημοσίῳ
614 2075 667 2137 καὶ
693 2073 745 2137 οὐκ
769 2071 867 2145 ἐξεςιν
891 2075 974 2156 αὐτῷ
997 2073 1115 2157 λέγειν,
1130 2073 1192 2138 ,sed
1214 2074 1273 2139 ubi
1294 2076 1341 2139 sie
1360 2075 1424 2140 duo

234 2186 403 2275 participia
435 2183 625 2246 eonourrunt
655 2177 913 2258 ἐγγεγραμμένος
944 2178 1093 2256 melreo,
1124 2183 1163 2242 ut
1185 2179 1282 2244 m0d0
1305 2180 1346 2245 ad
1372 2181 1424 2243 γη.
1543 2219 1544 2226 ,

234 2297 408 2356 οοοοιοιοοοι
438 2285 639 2360 notavimus,
669 2285 818 2370 magistri
849 2290 905 2349 ent
935 2286 990 2348 καί
1019 2289 1076 2350 ent
1100 2283 1131 2348 δέ
1154 2286 1362 2370 interponunt
1385 2285 1423 2350 de

235 2419 304 2465 suo.
352 2392 425 2458 Mos
455 2394 522 2455 eret
553 2393 591 2452 ut
622 2407 731 2452 eornm
762 2391 817 2474 qui
838 2387 906 2453 fisoi
929 2389 1086 2456 debitores
1108 2394 1212 2456 essent
1234 2393 1366 2457 nomine
1388 2393 1421 2455 in

234 2499 344 2569 tebnle
374 2497 483 2584 lignee
513 2495 599 2581 (pag.
633 2490 711 2560 791.
748 2492 803 2580 11)
834 2495 867 2558 in
890 2515 960 2560 1111
983 2497 1086 2580 posite
1108 2495 1153 2575 (ἐν
1177 2496 1342 2574 οὶκροπόλει
1366 2501 1421 2562 ent

233 2606 319 2687 ηεαρδ
351 2612 389 2686 τῇ
421 2602 475 2682 όεῷ
507 2620 582 2686 pag.
615 2596 691 2666 778.
725 2598 780 2686 15)
813 2606 1077 2685 proponerentur,
1112 2601 1209 2688 idque
1242 2601 1421 2687 appelletur

234 2708 460 2793 έγγέγραπταί
489 2730 537 2778 τις
565 2707 696 2786 όΦείλιον
720 2706 761 2786 τῷ
787 2704 929 2786 δημοσίῳ.
976 2705 1087 2792 Itaque
1108 2707 1226 2792 triplex
1248 2708 1325 2773 hino
1347 2711 1419 2774 nete

234 2825 282 2887 est
312 2816 462 2884 orationis
492 2812 595 2877 forme
627 2816 683 2877 aut
715 2810 936 2890 ἐγγέγραπται
968 2811 1100 2894 όφείλιον
1134 2815 1176 2893 τῷ
1208 2813 1342 2895 δημοσίῳ
1364 2818 1418 2878 sut

234 2924 353 3008 όφείλει
376 2921 417 3000 τῷ
442 2917 573 2998 δημοσίῳ
598 2922 654 2983 eut
673 2915 914 3000 ἐγγέγραπται,
934 2921 972 2982 ut
988 2929 1064 3005 pe'g.
1089 2915 1164 2983 791.
1187 2917 1241 2984 23.
1266 2919 1416 2985 Dicebant

233 3033 332 3098 etiam
364 3022 585 3104 ἐγγέγραπται
617 3042 691 3087 oum
722 3024 903 3089 eoeusetivo
925 3022 1019 3086 debiti
1040 3045 1180 3087 ενιιοοιοιοιιι
1202 3023 1414 3112 significante,

229 3141 268 3200 ut
301 3152 375 3218 pag.
412 3127 488 3195 791.
525 3125 577 3191 19.
613 3128 638 3191 οι*
674 3127 818 3208 δραχμὴν
853 3127 1107 3208 ἐγγεγραμμένοι
1141 3128 1245 3206 μόνην.
1280 3131 1335 3196 sed
1363 3128 1412 3194 καὶ

231 3227 350 3324 όῴείλει
374 3237 416 3316 τῷ
441 3232 572 3312 δημοσίῳ
596 3231 647 3297 καί
673 3232 894 3312 ἐγγέγραπται
920 3234 950 3297 ἐν
973 3233 1410 3314 οόκροπόλει11111111111111111

231 3352 279 3413 est
310 3343 460 3429 quoniam
491 3331 668 3423 numquam
698 3339 757 3402 hoe
788 3340 855 3403 sine
887 3337 945 3404 illo
976 3341 1110 3427 eogitari
1132 3345 1237 3425 potest
1260 3346 1293 3406 et
1314 3361 1410 3406 neces

232 3454 314 3518 serio
338 3449 352 3513 ό
376 3451 433 3525 μὲν
455 3445 586 3527 ὀφείλων
611 3441 848 3529 ἐγγέγραπται,
873 3443 887 3507 ό
911 3443 936 3508 δ’
959 3444 1217 3526 ἐγγεγραμμένος
1240 3445 1366 3528 όφείλει.

277 3705 359 3791 Peg.
395 3698 470 3768 771.
502 3695 556 3765 26.
587 3698 640 3763 πδν
668 3697 717 3763 eis)
743 3697 931 3777 βουλόμενον
951 3695 1027 3764 εἶναι
1051 3699 1174 3780 πονηρόν
1198 3701 1407 3782 παιδοτριβεῖν.

231 3809 461 3896 Popularitetis
490 3825 600 3871 emens
630 3821 809 3870 1111111111
831 3802 946 3871 multis
968 3805 1131 3872 vocabulis
1152 3808 1259 3870 utitur
1281 3828 1320 3872 ex
1341 3825 1407 3890 qno·

231 3921 352 3985 tidiano
384 3915 505 3979 civium
535 3932 679 3977 sermone
706 3913 840 3985 sumtis,
864 3911 980 3995 quibus
1003 3910 1233 3978 Demosthenes
1254 3912 1405 3978 fastidiose

233 4025 380 4091 abstinet.
427 4017 519 4084 ’11111
548 4022 623 4082 sunt
652 4015 861 4096 παιδοτριβεῖν
891 4037 948 4103 pro
978 4001 1086 4084 οδσιιεῖν
1114 4038 1189 4104 psg.
1221 4015 1297 4084 772.
1323 4015 1352 4082 6.
1373 4010 1406 4078 όν

232 4129 325 4208 μέρος
368 4123 419 4188 καί
456 4131 635 4194 τελευταῖος
671 4121 724 4186 καί
760 4121 875 4202 πρῶτός
912 4124 973 4192 ἐςιν
1006 4119 1103 4194 οὗτος.
1138 4143 1213 4210 pag.
1251 4120 1324 4191 778.
1358 4116 1404 4184 17.

233 4228 523 4311 ἀπεσχοινισμένος,
555 4249 630 4316 pag.
666 4225 742 4294 782.
776 4226 830 4294 25.
862 4227 1134 4309 διαβαπτίζεοόαι.
1161 4248 1236 4315 pag.
1264 4225 1336 4295 784.
1356 4221 1405 4289 22.

234 4335 414 4407 ἀνασείσας.
434 4353 508 4420 pag.
531 4331 606 4400 785.
631 4333 661 4398 5.
682 4333 870 4416 μοσχεύητε.
891 4354 966 4422 pag.
984 4330 1057 4399 788.
1072 4332 1127 4400 24.
1147 4329 1402 4417 τεταριχευμένος·
