3034 4970
801 223 865 294 176

238 415 270 482 8.
317 413 430 488 νίκείας
455 416 486 480 ἕν
508 423 558 493 riis
582 421 682 501 Φυνῆι
706 414 859 493 σνντρίξαι
882 413 989 505 adstes
1014 415 1100 481 κατὰ
1125 420 1185 482 τῶν
1211 415 1334 504 sonoris)

239 521 270 588 9.
317 546 374 600 νου
397 520 504 599 κίμων.

283 629 319 694 Ιυ
348 629 399 694 his
429 627 554 696 Codicis
582 632 663 697 vitia
686 634 761 695 sunt
783 628 899 708 ιύνίδας
922 649 979 714 pro
1004 626 1178 705 Ἀγιάδας,
1204 635 1237 695 et
1259 630 1421 711 εὐρύπιδας

239 773 280 784 -
302 737 466 817 εὐρυπυδῶν
485 757 543 822 pro
562 735 798 816 Εὐρυπωντίδας
819 772 862 783 -
883 736 1129 816 Εὐρυπωντιδῶν.
1152 757 1229 800 nam
1247 739 1293 802 sic
1316 737 1422 816 Ἀριαί-

236 842 292 914 δαι
324 847 356 907 et
385 842 619 921 Εὐρυπωντίδας
649 841 876 929 Spartanorum
903 841 1009 928 Reges
1038 839 1213 926 appellatos
1235 841 1334 908 finisse
1358 844 1422 910 dili·
1508 886 1509 930 ρ

236 952 347 1035 genter
369 948 566 1014 ostendimus
584 951 619 1013 in
636 949 783 1024 'Macaron
811 945 902 1012 1860
925 967 999 1033 pag.
1025 945 1092 1011 292
1115 967 1182 1032 sqq.
1508 943 1509 960 ¹

283 1054 320 1118 ln
352 1056 483 1119 caeteris
514 1054 660 1119 indicabo
691 1072 728 1118 ea
758 1052 814 1117 ubi
838 1073 856 1117 a
877 1051 1027 1118 Krameri
1048 1051 1184 1118 lectione
1207 1045 1422 1139 supplementa
1509 1083 1510 1122 1

236 1180 310 1225 mea
329 1159 518 1245 discrepant.
541 1181 588 1226 vs.
611 1159 641 1224 3.
662 1158 815 1223 Kramer:
836 1157 906 1231 τοὺς
924 1157 981 1236 μὲν
994 1156 1069 1243 (γὰρ
1082 1157 1281 1244 δυναςεύ)σαι
1294 1161 1421 1234 δικαίως.

239 1265 425 1334 Δυναςεύειν
458 1266 576 1331 dicitur
605 1266 644 1331 de
673 1264 826 1348 impotenti
854 1264 1055 1350 dominatione
1062 1312 1071 1341 ,
1103 1267 1211 1350 itaque
1235 1265 1421 1343 βασιλεῦσαι
1510 1282 1511 1320 ι

237 1370 359 1444 δικαίως
395 1373 558 1437 substitui.
604 1369 762 1438 Continuo
797 1374 940 1456 sequitur
973 1370 1158 1439 δυναςεῦσαι
1194 1391 1231 1437 ea
1267 1394 1331 1458 qua
1361 1375 1422 1440 dixi

237 1475 478 1565 significatione.
1511 1535 1512 1552 .

282 1583 334 1649 Vs.
362 1583 394 1650 6.
441 1584 500 1649 Kr.
524 1587 619 1648 πῶσιν
639 1582 831 1664 ὐπιδιδιτα(ι
855 1580 1012 1671 υίκιςαίρ).
1038 1582 1145 1648 addidi
1164 1583 1340 1652 anticulum
1364 1597 1422 1659 τιίς

238 1693 377 1762 υίκιςαῖς.

280 1797 334 1862 Vs.
372 1794 402 1863 7.
459 1796 517 1862 Kr.
563 1793 748 1880 ε’κπεσίν(τα
763 1840 930 1860 ........
967 1795 1036 1879 τῆς)
1073 1794 1196 1870 αἰκείας.
1256 1795 1420 1883 Supplevi:

239 1901 409 1967 ἐκπεσόντα
434 1902 544 1974 ὐδίκως
567 1904 601 1966 ἐκ
625 1910 680 1974 τῆς
706 1899 830 1973 υίαείας.
1513 1876 1514 1952 ί

282 2008 337 2074 Vs.
364 2007 395 2073 8.
443 2007 500 2074 Kr.
526 2007 676 2084 συντάξαι
700 2004 806 2087 adstes
830 2006 986 2072 κατανοῶ
1007 2007 1219 2088 Λυκυύρ)ρνυ,
1243 2007 1340 2088 κίμων
1359 2011 1418 2076 κτὲ.

236 2114 318 2195 Quia
336 2135 399 2180 non
417 2113 605 2201 Lycurgum
624 2112 809 2179 insimulare
827 2118 967 2199 poterat,
987 2115 1041 2180 sed
1059 2113 1204 2202 Lycurgi
1222 2114 1333 2203 leges,
1353 2136 1421 2200 sup·

235 2220 343 2306 plevi:
368 2218 455 2297 λόγον
480 2220 564 2284 aava
590 2226 648 2285 τῶν
671 2219 849 2297 Λυκούργου
874 2219 978 2297 νίμων.
1514 2221 1515 2224 ’

229 2371 234 2380 ·
282 2325 443 2390 Ultimum
467 2324 530 2390 loci
554 2332 677 2411 partem
701 2346 764 2391 non
787 2326 928 2412 expedio.

282 2431 449 2497 Praeterea
475 2431 664 2497 manifestus
686 2451 771 2497 error
794 2433 826 2495 in
850 2432 956 2497 verbis
980 2431 1163 2497 Παυσανίαν
1186 2439 1245 2498 τῶν
1267 2435 1421 2513 Εὐρυπων-

237 2538 342 2614 τιδῶν,
374 2540 449 2624 quia
478 2542 600 2604 certum
632 2543 680 2603 est
710 2543 768 2602 τῶν
798 2537 955 2613 Ἀγιαδῶν
989 2559 1065 2604 eum
1100 2537 1213 2617 fuisse,
1250 2542 1295 2605 sic
1329 2540 1422 2606 eximi

237 2665 327 2731 posse
350 2645 477 2710 videtur
499 2649 536 2709 ut
558 2644 738 2710 retrahatur
761 2665 800 2708 ex
822 2643 901 2731 iuga
923 2646 1113 2730 praepositio
1137 2651 1169 2709 et
1187 2647 1234 2710 ita
1255 2648 1420 2712 scribatur:

237 2753 419 2820 Παυσανίαν
450 2775 485 2815 τε
517 2753 614 2815 ’ΤΠΟ
643 2757 701 2814 τῶν
725 2751 961 2826 Εὐρυπωντιδῶν
987 2748 1157 2814 ἐκπεσόντα
1182 2751 1292 2826 ὐδίκως
1316 2755 1350 2817 ἐκ
1370 2759 1422 2824 πῶς

238 2857 361 2928 ιίκείας.
416 2855 464 2921 De
505 2855 680 2922 Pausaniae
713 2856 834 2921 iudicio
868 2858 1061 2941 paucissima
1094 2860 1222 2921 tantum
1254 2861 1424 2924 memoriae

236 2964 362 3050 prodita
393 2967 477 3027 sunt.
509 2960 640 3029 Constat
670 2984 746 3042 eum
775 2963 809 3025 in
841 2963 944 3046 priore
966 2962 1085 3027 iudicio
1110 2963 1165 3026 vix
1190 2963 1372 3030 absolutum
1394 2969 1425 3029 et

236 3073 322 3159 regis
352 3069 465 3157 Agidis
496 3071 651 3134 sententia
680 3070 868 3133 damnatum
899 3087 975 3133 esse.
1022 3066 1159 3132 Pausan.
1191 3067 1248 3132 111.
1283 3069 1313 3134 5.
1339 3070 1368 3135 2.
1392 3072 1425 3133 in

237 3177 373 3244 secundo
404 3175 567 3240 absentem
597 3174 842 3240 condemnatum
867 3177 998 3238 semmae
1021 3172 1135 3238 solum.
1183 3173 1331 3260 Xenoph.
1354 3175 1425 3240 Hel

237 3286 295 3349 ίαν.
327 3281 384 3348 ΙΠ.
409 3279 439 3345 5.
464 3279 519 3345 25.
567 3279 731 3346 Plutarch.
757 3278 886 3360 Ιιριαιιιί.
914 3280 967 3345 50.
1014 3279 1150 3344 Pausan.
1172 3277 1228 3343 ΠΙ.
1256 3279 1286 3346 5.
1313 3280 1343 3348 6.
1387 3279 1425 3345 In

236 3392 297 3457 hoc
316 3388 412 3457 exilio
432 3387 582 3453 adversus
601 3387 745 3474 Lycurgi
762 3384 851 3471 leges
870 3388 1043 3450 orationem
1062 3386 1281 3470 conscripsisse
1300 3388 1425 3454 dicitur.

282 3599 362 3686 Pag.
398 3576 479 3661 369.
506 3591 560 3659 εἶθ’
593 3595 607 3660 b
632 3595 799 3675 Σαρωνικδρ
824 3594 952 3666 κίλπσς·
977 3594 1001 3657 oi
1027 3592 1057 3656 δὲ
1083 3589 1191 3656 πίντιν
1217 3590 1357 3669 λέγουσιν
1386 3589 1427 3674 [υἱ

238 3704 270 3769 δὲ
302 3705 421 3786 πίρυν],
454 3702 521 3768 καθ’
552 3697 565 3766 ὃ
594 3701 646 3764 καί
671 3701 811 3780 πέλαγος
836 3701 967 3779 λέγεται
992 3696 1171 3777 Σαρωνικί.
1218 3698 1330 3763 Exime
1356 3716 1427 3760 em·

238 3810 345 3876 blema
368 3829 406 3873 ex
428 3808 646 3894 dittographia
668 3814 791 3873 natum.
834 3807 983 3873 Refertur
1003 3809 1088 3871 enim
1108 3808 1175 3869 καθ’
1197 3795 1211 3868 δ
1233 3802 1321 3869 adid
1339 3800 1430 3886 quod

238 3916 387 3982 continuo
415 3913 638 3999 praecedebat,
666 3916 774 3999 itaque
803 3914 1011 3980 manifestum
1045 3917 1092 3977 est
1122 3911 1233 3976 referri
1264 3909 1302 3975 ad
1330 3907 1358 3970 ιὶ
1399 3907 1431 3972 δὲ

238 4028 425 4088 ΠΟΝΤΟΝ
458 4016 620 4097 λέγουσιν,
652 4040 789 4106 namque
818 4021 878 4086 hac
909 4020 947 4084 de
971 4039 1065 4085 causa
1091 4019 1189 4084 etiam
1214 4014 1347 4090 πέλανοι
1382 4013 1432 4078 di·

240 4129 380 4194 sebatur.

281 4233 402 4300 Deinde
431 4231 558 4319 supple:
590 4238 735 4299 καλεῖται
766 4231 797 4296 δὲ
830 4229 1011 4321 (orme)
1043 4233 1106 4303 πῶς
1138 4229 1152 4294 i
1185 4226 1341 4294 συνιίπτων
1371 4224 1430 4292 πί·

240 4365 286 4424 ρας
311 4365 376 4409 κτε.
