3034 4970
812 235 877 310 192

294 423 374 518 Pag.
407 425 484 494 629.
519 435 626 497 narrat
656 430 771 498 Strabo
800 431 960 498 Romanos
989 435 1133 500 nationes
1162 437 1198 500 in
1219 435 1298 502 Asia
1318 437 1429 503 minore

248 535 293 613 μὴ
330 536 415 600 κιττοὶ
445 542 536 618 Φῦλο
566 539 690 609 διελεῖν.
723 539 798 603 ἀλλ’
826 537 925 618 ἕτερον
948 538 1056 618 τρύπον
1080 539 1229 616 διοιτούξιιι
1254 543 1312 612 τοὶς
1335 542 1430 616 διοικύ·

247 665 331 720 σεις,
377 643 407 706 ἐν
442 638 492 716 οἷς
528 644 587 716 τοὶς
623 647 823 724 ύμοροιιῸΤΕ
858 651 1012 710 ποιοῦνται
1045 648 1097 711 nai
1133 649 1191 720 τοὶς
1229 649 1429 722 δικοιοδοσύος.

247 749 333 830 Quos
356 749 497 816 Romani
519 752 630 817 dicunt
653 759 812 816 conamine
835 753 995 831 icridicor,
1020 752 1133 820 Strabo
1158 755 1315 831 διοικήσεις
1335 755 1430 842 appel-

247 854 304 920 lat.
350 855 461 941 Itaque
490 858 658 942 scripserat
680 852 730 930 οἷς
755 858 814 928 ricc
838 860 972 940 οὶγορλο
997 863 1171 937 ποιοῦντοι,
1196 881 1261 926 non
1283 861 1342 934 τδς
1365 864 1429 940 οἰνο-

245 960 364 1042 ροιίονς,
388 963 470 1049 fora
502 971 604 1046 κροκι.
652 962 728 1030 Sine
759 966 840 1030 vitio
868 965 1018 1030 scribitur
1040 987 1113 1054 pag.
1138 965 1216 1034 237.
1265 967 1430 1048 Φρέγελλιιι

246 1106 286 1116 -
313 1071 364 1132 νῦν
393 1069 449 1148 μὲν
483 1075 587 1148 κώμη,
621 1069 710 1144 πύλις
738 1069 769 1135 δέ
794 1094 869 1136 ποτε
893 1071 1052 1150 οὶξιύλονος
1077 1073 1130 1137 κού
1153 1073 1213 1145 τοὶς
1239 1075 1360 1146 πολλὰς
1380 1082 1429 1140 τῶν

245 1171 314 1252 ἄρτι
347 1177 513 1256 λεχθεισῶν
546 1177 728 1255 περιοικίδας
760 1177 898 1258 πρότερον
930 1179 1106 1259 ε’σχηκυῑοι,
1139 1172 1174 1244 οἳ
1202 1186 1252 1247 νῦν
1276 1181 1318 1252 εἰς
1342 1181 1428 1253 αὐτὴν

243 1277 440 1361 συνέρχονται
464 1283 641 1346 'AI'OPAC
662 1307 698 1346 τε
722 1284 898 1358 ποιούμενοι
922 1285 975 1348 xci
999 1287 1159 1362 irroratione
1189 1286 1287 1359 τινύς.

291 1389 445 1452 necatas
474 1389 592 1468 οὶρορύς
624 1389 771 1456 dicebant
806 1389 885 1456 olim
921 1391 1147 1470 Athenienses,
1182 1398 1221 1458 ut
1255 1392 1426 1481 Hyperides

244 1494 329 1578 apud
352 1493 539 1580 Harpocrat.
559 1517 582 1561 v
614 1493 743 1574 Ἀγορού.
759 1535 801 1546 -
816 1493 915 1576 »οὗτοι
938 1496 1091 1568 πολλάκις
1112 1499 1230 1577 σὶροροὶς
1252 1499 1426 1565 ποιοῦντοι.”

242 1599 355 1666 deinde
378 1603 462 1686 quod
484 1600 638 1667 Romanis
662 1608 709 1668 est
723 1604 805 1689 sora
828 1626 915 1685 apere
938 1606 983 1670 sie
1007 1601 1127 1671 Graece
1151 1606 1271 1671 dicitur
1293 1611 1324 1672 et
1345 1605 1425 1685 ύμειν

173 1717 181 1726 “
241 1706 374 1784 οὶμορύς,
406 1729 469 1774 non
500 1709 645 1786 ιὶγοροιῑον
675 1708 729 1775 vel
759 1711 923 1788 οὶγοροοίονς
955 1709 1063 1788 ἄνειν,
1095 1732 1209 1797 nempe
1241 1714 1357 1792 ἡμέραν
1381 1712 1426 1780 vai

242 1814 372 1891 ἡμέροις,
406 1821 444 1880 ut
472 1815 572 1903 vulgo
598 1815 737 1880 creditur
760 1815 856 1881 nihili
878 1819 1101 1904 grammaticis
1125 1815 1257 1895 scidae,
1281 1819 1424 1894 Zonaras,

241 1911 421 1987 similibus.¹
460 1920 572 2006 Itaque
595 1923 630 1984 in
653 1921 746 1986 Αοσὶσ-
760 1907 965 2005 Apostolorum
986 1922 1075 1986 XIX.
1099 1920 1152 1988 38.
1173 1943 1299 2010 semper
1318 1925 1425 1990 credidi

239 2048 350 2093 veram
374 2027 544 2093 lectionem
567 2029 648 2093 hanc
672 2047 756 2094 esse:
782 2029 892 2107 οὶρορκδ
916 2028 1048 2106 syrum
1072 2031 1125 2093 xci
1149 2031 1322 2096 οὲνύύποιτοί
1339 2032 1422 2106 εἰσιν,

240 2153 303 2197 non
334 2135 472 2211 οὶρορκῖοι
503 2131 656 2210 σύρονται,
681 2138 714 2198 et
736 2136 770 2197 in
793 2134 927 2219 epistola
949 2131 1078 2200 Servilii
1101 2133 1223 2202 Gelbes
1248 2137 1331 2222 apud
1351 2132 1435 2201 Iose'

239 2239 341 2323 phum
373 2237 411 2303 A.
444 2238 470 2303 Ι.
501 2238 588 2303 XIV.
622 2239 675 2304 10.
707 2239 760 2304 21.
793 2241 961 2320 προσελύύν
993 2263 1045 2319 μοι
1069 2242 1099 2305 ἐν
1124 2241 1303 2322 Τρύλλεσιν
1324 2240 1422 2320 trouu

241 2343 296 2416 τὴν
320 2344 482 2424 ύγορΛΝ,
506 2364 569 2410 non
592 2345 646 2420 τὴν
670 2347 825 2426 οὶγοροῑον.

285 2585 330 2662 Ut
353 2589 472 2671 passim
496 2589 531 2651 in
555 2589 704 2654 omnibus
726 2587 818 2654 libris
840 2589 909 2670 περί
928 2595 961 2654 et
979 2590 1066 2669 ποροὶ
1087 2590 1323 2659 confunduntur
1340 2611 1422 2677 prop·

239 2697 287 2756 ter
322 2693 421 2781 siglas
455 2695 532 2760 adeo
566 2697 651 2758 inter
686 2716 719 2760 se
753 2694 875 2760 similes
905 2702 943 2761 ut
974 2700 1099 2782 saepius
1129 2717 1192 2761 non
1221 2701 1423 2791 err-scriptura

237 2796 364 2865 Codicis
397 2800 451 2865 sed
483 2822 523 2866 ex
554 2807 700 2867 contexta
731 2805 872 2869 oratione
896 2804 974 2888 quid
998 2806 1154 2889 scriptum
1178 2806 1221 2869 sit
1245 2804 1421 2892 colligatur,

237 2907 283 2971 sic
325 2915 503 2983 ποροπλεῖν
542 2912 574 2972 et
609 2916 768 2980 περιπλεῖν
804 2912 978 2974 sexcenties
1012 2911 1096 2974 inter
1129 2931 1162 2975 se
1198 2914 1418 2995 permutantur.

236 3012 366 3078 Praeter
407 3003 470 3079 loci
513 3018 704 3080 sententiam
738 3016 845 3080 editur
878 3037 950 3104 pag.
989 3015 1064 3081 632.
1102 3015 1116 3078 i
1152 3026 1341 3088 πΕΡΙπλσυς
1369 3020 1420 3086 τῆς

236 3120 369 3199 Ἰονίοιο,
396 3126 428 3186 et
448 3121 654 3187 eximendum
677 3127 725 3186 est
747 3122 834 3186 idem
859 3125 979 3188 vitium
1002 3143 1076 3210 pag.
1102 3120 1169 3186 644
1193 3128 1226 3188 et
1250 3121 1326 3187 651.

281 3363 318 3428 In
341 3361 530 3428 Mimnermi
552 3361 720 3428 versiculis
742 3383 817 3449 pag.
843 3359 919 3426 634.

372 3471 480 3545 Ἡμεῖς
516 3469 617 3533 οἲπύ
649 3492 692 3531 τε
725 3467 826 3532 Πύλον
849 3470 990 3541 Νηλήϊον
1013 3465 1073 3536 ύςυ
1097 3466 1238 3542 λιπόντες

532 3575 657 3655 ἱμερτίρν
682 3575 790 3646 Ἀσίην
814 3575 914 3649 νηυσὶν
938 3571 1129 3654 οὶφικύμεύοι.

236 3683 513 3768 simplicissimum
537 3687 585 3748 est
608 3681 791 3747 emendare:

372 3790 461 3865 ἡμεῖς
485 3789 523 3851 Δ’
549 3795 666 3852 me
689 3787 790 3851 Πύλον
813 3790 953 3862 Νιρλνὶἰόν
977 3784 1039 3856 circ
1063 3786 1218 3860 λιπόντες.

235 3895 319 3984 quod
347 3897 399 3962 his
429 3896 531 3980 poetis
561 3898 596 3959 in
627 3894 685 3960 tali
715 3916 749 3960 re
779 3917 840 3960 usu
871 3899 984 3961 tritum
1012 3901 1070 3962 est.
1116 3892 1249 3962 Dixerat
1271 3895 1308 3961 de
1329 3891 1416 3968 aliis,

235 4002 351 4089 quibus
374 4003 521 4088 opponit:
553 4008 692 4079 Ἡμεῖς
724 4002 751 4067 δ’
775 3996 850 4066 οὔτε
876 4001 940 4066 κτὲ.

278 4259 358 4347 Peg.
385 4233 462 4324 644.
486 4254 560 4325 ύτοον
582 4258 653 4341 δοκῇ
678 4283 724 4333 τις
750 4260 902 4341 Πρύττειν
926 4259 964 4326 δι’
987 4262 1173 4341 οὶπορρύτοιν.
1218 4256 1338 4326 Excidit
1363 4273 1418 4319 vo·

234 4367 306 4436 cula
337 4373 369 4432 st
399 4365 619 4438 scribendum:
643 4361 718 4430 ύτσιν
740 4367 811 4448 δοκῇ
834 4369 882 4440 τίς
904 4376 949 4431 TI
974 4364 1131 4447 προύστειν.
1178 4367 1269 4434 Nihil
1290 4365 1332 4428 est
1357 4361 1417 4427 hoc
