3034 4970
816 221 884 292 222

251 413 348 485 litera
379 439 396 497 ρ
426 415 571 482 medium
601 439 623 480 ω
654 418 789 483 secante.
836 412 928 495 Quod
957 430 1049 497 saepe
1077 409 1112 476 in
1141 429 1177 476 re
1198 405 1300 474 simili
1320 405 1422 474 mun

252 528 316 602 est,
343 527 381 589 ut
403 521 664 590 annotatiunonla
681 519 869 608 marginalis
886 522 921 585 in
940 524 1070 586 textum
1088 518 1256 602 irreperet,
1277 514 1359 581 idem
1375 534 1424 579 usu
1504 537 1505 566 ι

252 631 342 697 venit
371 631 406 693 in
435 626 589 694 Strabone
619 647 693 715 pag.
727 625 801 692 147.
849 623 964 692 Strabo
996 623 1137 689 dixerat:
1161 624 1293 686 τοιαῦτα
1315 621 1367 698 μὲν
1386 615 1424 684 οὖν

253 736 283 801 ἐν
307 735 454 817 σχήματι
478 731 576 814 εἴρηκε
601 732 667 813 περὶ
689 730 814 799 τούτων.
861 729 899 796 In
923 732 1046 816 optimo
1070 725 1186 794 (lodice
1208 727 1239 792 A
1262 730 1340 794 toste
1360 725 1425 792 Kra-

251 861 340 907 mero
370 842 404 906 ios
433 840 567 920 marpissa
598 861 703 904 manue
725 838 829 923 primo
863 837 987 904 addidit
1016 833 1112 916 ripale
1141 833 1278 922 (ὡραῖον,
1309 828 1425 918 opinor).

253 947 347 1014 Nunc
369 965 536 1032 perperam
560 945 685 1011 editur:
708 944 738 1008 ἐν
761 941 858 1026 ὡραίῳ
881 944 1028 1024 σχήματι
1052 938 1161 1021 εἴρηκε.

299 1153 358 1219 Est
388 1156 422 1218 in
452 1152 543 1218 libris
574 1150 705 1220 Graecis
734 1156 766 1217 et
789 1150 930 1237 'reliquis
960 1153 992 1217 et
1022 1150 1057 1214 in
1086 1147 1305 1215 Strabonianis
1327 1145 1427 1233 duplex

254 1259 443 1326 mendorum
464 1281 581 1347 genus,
607 1258 691 1344 quod
715 1280 754 1324 ex
776 1257 856 1323 Mes.
879 1260 914 1322 in
938 1256 1092 1323 editiones
1115 1275 1224 1321 omnes
1242 1255 1381 1320 manavit
1403 1255 1429 1316 et

255 1367 395 1430 nimium
418 1366 577 1449 patienter
600 1365 639 1429 ab
659 1364 846 1429 Editoribus
865 1363 1028 1429 toleratur.
1064 1360 1280 1429 Obscurantur
1299 1359 1430 1426 ascribis

255 1493 354 1534 erosos
384 1476 521 1546 ueteres,
553 1491 631 1557 quas
660 1468 859 1557 ineleganter
888 1468 1070 1552 resolvrmt,
1101 1472 1134 1534 et
1162 1468 1283 1552 passim
1312 1463 1431 1550 expletis

256 1576 420 1644 vocabulis
446 1581 532 1642 certo
554 1597 617 1642 usu
640 1580 673 1641 et
696 1595 784 1640 more
808 1574 896 1640 elisis
919 1574 1025 1640 foedos
1048 1577 1081 1638 et
1102 1575 1318 1658 ineptissimos
1337 1570 1431 1636 hiatus

256 1685 456 1749 invexerunt.
505 1679 615 1747 Orases
646 1681 731 1766 apud
757 1678 945 1746 Strabonem
968 1682 1007 1744 ut
1030 1678 1113 1764 apud
1137 1687 1276 1744 caeteros
1298 1675 1431 1743 creberri-

256 1808 330 1853 mae
352 1787 431 1853 olim
454 1789 600 1872 fuerunt,
624 1806 760 1872 quarum
782 1807 855 1871 pars
879 1789 1006 1851 tantum
1029 1805 1113 1849 nune
1136 1788 1289 1869 superest.
1329 1781 1431 1866 Perpe-
1507 1857 1508 1860 ¹

256 1896 332 1958 tuae
361 1893 426 1960 fere
453 1899 542 1959 erant
563 1897 598 1958 in
620 1891 734 1960 vocula
757 1892 812 1956 καί
835 1891 914 1968 κᾶν,
939 1891 1047 1969 κάγὼ,
1072 1891 1180 1967 κανεῖ,
1205 1890 1359 1963 κάκεῖνοι,
1383 1907 1432 1950 να-

255 1998 308 2070 ate
329 1996 469 2077 κάγαθός
489 2003 564 2065 cett.
585 2003 617 2064 ot
636 1999 670 2062 in
686 1996 828 2064 articulis
847 1996 920 2076 ἀνὴρ
933 1994 1057 2075 τάνδρός
1070 2044 1078 2074 ,
1092 1991 1244 2075 ἅνθρωπος
1257 1993 1431 2075 τάνθρώπου,

257 2102 396 2186 ἁδελφὸς
428 2104 608 2186 τάδελφοῦ,
640 2103 780 2180 τάγαθὸν
810 2100 957 2180 adradi,
980 2101 1119 2176 *rosella
1147 2101 1319 2175 τάληθοῦς,
1340 2100 1433 2177 ποίνρι·

256 2209 334 2287 βές,
365 2208 539 2291 τοῦδαφος,
571 2207 776 2290 τούλάχιςον,
805 2204 934 2284 rinae,
965 2207 1135 2279 παναιτία,
1168 2204 1347 2287 ποὶργύριον,
1373 2203 1434 2269 τοῦ·

257 2312 434 2394 πιγραρομα
467 2312 750 2394 acaemetarum,
779 2313 987 2388 τάπιτήδεια,
1014 2311 1230 2393 τάνδράποδα,
1254 2311 1433 2392 τάπίχειρα,
1508 2337 1509 2340 “

257 2420 443 2497 τάπιτίμια,
470 2419 648 2493 τιὶπινίκιοι,
672 2419 854 2505 similiaque
876 2419 1050 2504 complura.
1087 2418 1220 2505 Saepius
1242 2415 1436 2484 haecomnia

252 2528 292 2592 in
321 2525 412 2590 bonis
439 2523 604 2591 Strabonis
635 2521 806 2592 (lodicibus
836 2525 1002 2591 emendate
1032 2528 1149 2610 seripta
1174 2520 1436 2610 reperiuntm,in

256 2629 427 2717 permultis
466 2633 575 2696 tamen
612 2630 764 2696 distracta
796 2630 906 2696 videas
939 2651 1020 2714 quae
1056 2631 1199 2696 contrahi
1234 2630 1337 2697 solere
1369 2627 1436 2693 satis

258 2740 391 2802 constet.

302 2840 410 2908 Multo
444 2843 542 2906 etiam
576 2844 683 2926 peiora
716 2846 749 2906 et
783 2843 853 2907 auri
883 2841 1066 2912 molestiora
1096 2861 1133 2908 ea
1163 2846 1239 2908 sunt
1268 2844 1304 2908 in
1334 2841 1437 2928 quibus

126 3018 131 3028 ,
257 2947 336 3014 elisa
365 2945 485 3014 vocalis
509 2966 528 3011 a
550 2947 652 3013 sariba
674 2944 799 3014 inficeto
823 2947 949 3033 expleta
971 2950 1028 3012 est.
1074 2947 1299 3033 Paucis.apud
1323 2945 1438 3014 Strabo

257 3074 333 3120 nem
363 3054 489 3140 paginis
512 3051 653 3139 legimus
676 3052 766 3117 ιὶοιια
792 3052 943 3130 ἀνοδίαις,
971 3052 1059 3118 ἀλλὰ
1083 3052 1164 3128 dai,
1188 3049 1258 3118 εἶτα
1281 3053 1435 3120 ἀπελθεῖν,

257 3158 344 3239 μετὰ
363 3159 493 3238 ἀνδρῶν,
509 3159 593 3234 μετὰ
615 3159 712 3224 αὐλοῦ
732 3162 765 3224 et
783 3157 848 3224 alia
867 3158 1100 3224 eiusdemmodi
1118 3160 1249 3244 passim.
1281 3159 1319 3226 In
1338 3155 1437 3244 rapido

257 3265 390 3331 flumine
420 3264 570 3329 orationis
601 3262 864 3329 Demosthenieae
898 3266 1007 3349 aequis
1040 3267 1157 3330 animis
1191 3265 1327 3332 audiunt
1359 3259 1436 3343 παρὰ

257 3368 442 3445 Ἀθηναίων,
476 3368 563 3448 παρὰ
593 3366 802 3448 Ἀλεξάνδρῳ,
834 3371 926 3454 quasi
955 3368 1033 3435 haec
1062 3390 1218 3456 umquam
1246 3374 1291 3437 sic
1313 3369 1435 3439 Graeco

257 3497 331 3542 rum
355 3497 408 3543 ore
429 3474 564 3540 rotundo
587 3474 689 3540 efferri
710 3475 897 3558 potuissent.

303 3583 348 3647 At
368 3580 523 3668 leguntur
544 3578 621 3645 haee
645 3581 753 3645 omnia
775 3583 895 3664 passim
919 3579 1048 3668 (dixerit
1070 3579 1200 3666 aliquis)
1224 3583 1324 3648 etiam
1342 3585 1376 3648 in
1393 3601 1438 3666 op

257 3689 349 3754 timis
383 3691 416 3752 et
450 3687 681 3770 antiquissimis
714 3681 895 3751 Oodioibus.
942 3683 1032 3762 Seio,
1064 3687 1118 3752 sed
1148 3689 1182 3752 in
1213 3687 1273 3753 tali
1303 3710 1337 3754 re
1364 3683 1439 3752 nihil

129 3804 130 3808 ’
257 3792 350 3858 libris
379 3791 459 3858 Mss.
491 3811 558 3856 esse
589 3791 779 3856 eredendum
811 3793 888 3856 satis
919 3792 1084 3858 ostendent
1112 3791 1241 3859 Codices
1262 3798 1437 3879 poetarum,

258 3897 411 3984 Aeschyli
453 3903 486 3963 et
524 3897 688 3983 Sophoclis
728 3896 907 3976 Medioeus,
942 3898 1164 3984 Aristophanis
1196 3899 1379 3977 Ravennae,
1409 3899 1440 3963 in

258 4002 375 4088 quibus
398 4023 491 4087 saepe
511 4001 653 4088 vocales,
678 4023 756 4088 quas
779 4002 872 4070 elisas
895 4007 1051 4090 oportuit,
1070 4005 1333 4094 matroiugulate
1344 4002 1441 4090 exple

258 4112 309 4174 tas
332 4107 466 4174 videbis.

306 4317 399 4388 Nune
430 4316 559 4410 quidem
589 4318 627 4384 de
658 4338 773 4410 genere
803 4320 863 4386 hoo
892 4319 1081 4391 mendorum
1116 4323 1193 4390 satis
1224 4341 1292 4390 osse
1325 4321 1442 4390 dietum
