3080 4972
678 239 721 310 63

114 433 208 516 possit,
237 433 345 500 veluti
365 454 439 522 pag.
465 431 520 499 54.
546 433 600 499 10.
624 435 678 510 τήν
703 434 831 514 ἐρημίαν
853 439 912 500 τῶν
936 432 1130 500 κωλυσόντων
1154 437 1233 518 δρῶν.
1260 437 1293 503 el

116 557 177 625 pag.
209 537 262 604 36.
294 539 326 605 2.
350 535 420 615 ὅσης
452 537 591 613 ίίπανσες
622 541 712 622 ίρῖιπε
742 541 868 620 ἐρημίας
899 539 1132 617 ἐπειλημμένοι.
1163 547 1196 609 et
1218 563 1292 631 pag.

118 641 182 709 171.
204 645 258 710 23.
282 654 338 720 πής
362 651 419 710 πῶν
443 645 702 723 ἐναντιωσομένων
725 646 852 725 ἐρημίας
877 645 1052 710 απολαύων.

152 749 314 820 Praeterea
345 772 401 816 cur
428 754 612 836 importune
641 754 815 837 repetitum
848 752 982 831 ήσυχίοις
1007 755 1053 817 sic
1076 753 1294 820 inducendum

114 854 194 920 facile
221 855 428 944 intelligitur.
485 855 663 945 Cogitanda
692 859 779 920 enim
809 861 984 941 utrumque
1015 857 1229 943 supplendum
1259 862 1294 924 in

115 960 157 1023 ἐπί
185 971 302 1036 πολλῆς
325 961 447 1040 μέν-
471 963 521 1027 ἐπὶ
546 971 663 1037 πολλής
687 963 738 1041 δέ,
763 983 878 1048 nempe
903 964 1037 1043 ήσυχίας
1064 966 1115 1027 καί
1143 963 1293 1043 ἐρημίας,

113 1071 141 1132 et
160 1079 203 1134 est
225 1088 264 1134 ea
287 1067 407 1155 ellipsis
429 1088 491 1133 non
514 1075 640 1134 tantum
661 1066 790 1156 elegans
809 1069 865 1134 ssd
882 1073 1036 1154 perpetua
1057 1073 1090 1134 ct
1109 1072 1293 1134 necessaria.

151 1279 225 1368 Peg.
261 1278 336 1344 169.
368 1277 400 1345 8.
431 1280 464 1347 σί
493 1277 540 1346 οὖν
550 1329 559 1359 ,
590 1280 671 1362 Φαίν
702 1303 749 1353 τις
782 1277 837 1354 ἄν,
862 1283 968 1344 ταῦτα
991 1285 1041 1344 νῦν
1064 1279 1184 1360 alym
1210 1279 1294 1347 Ins

113 1383 141 1448 πί
167 1380 212 1450 οὖν
242 1390 348 1450 ταῦτα
378 1391 448 1464 νῦν,
481 1387 561 1464 Φαίή
594 1411 640 1459 τις
672 1387 732 1464 ἄν,
765 1384 868 1463 λέγως
901 1388 1021 1451 incerta
1052 1387 1125 1452 sede
1154 1386 1294 1462 volitans

113 1491 264 1557 emblema
296 1491 349 1558 vel
379 1493 454 1558 hinc
485 1495 640 1582 arguitur.
686 1492 809 1558 Deinde
839 1491 921 1574 Φαίή
954 1516 1001 1566 τις
1024 1490 1062 1558 ἄν
1094 1492 1291 1579 postulabat,

113 1599 212 1678 credo,
236 1597 380 1678 λίγεια

154 1812 228 1900 Pag.
266 1810 341 1877 169.
378 1811 428 1877 13.
459 1810 497 1877 διν
520 1812 576 1890 μὲν
605 1813 692 1889 ὑμεῖς
717 1817 769 1877 νῦν
791 1813 935 1886 πεισίήσε
958 1810 1072 1877 σοιίπων
1094 1811 1195 1891 καιρὸν
1218 1807 1295 1876 εἶναι

115 1917 338 2004 [νομίσαντες],
370 1913 445 1983 ὅταν
479 1917 580 1982 αὐτῶν
610 1919 652 1990 είς
683 1919 793 1997 χρείαν
819 1916 928 1992 luders
951 1914 1063 1995 ἕτοιμα
1086 1917 1232 1997 ὑπάρξει·
1256 1915 1295 1982 δν

112 2023 135 2084 δ’
165 2024 307 2103 ἀκαιρίαν
340 2025 529 2102 ήρήσοίμενοι
561 2024 728 2104 παρίδητε,
762 2019 838 2088 ὅταν
868 2023 918 2106 δέρ
947 2025 1080 2104 χρήσίαι
1103 2024 1169 2089 τίν’
1192 2024 1295 2101 arey·

112 2131 293 2205 κασίήσεσίε
326 2128 627 2211 παρασκευάζεσθαι.
674 2130 884 2195 Manifestum
916 2137 965 2194 est
995 2129 1095 2209 καιρὸν
1122 2125 1198 2194 εἶναι
1221 2151 1296 2215 pen-

113 2234 178 2300 dere
207 2258 247 2302 ex
278 2239 441 2312 πεισιῆτει
472 2239 581 2321 itaque
610 2237 778 2321 participio
802 2235 982 2312 νομίσαντες
1006 2234 1115 2300 nullus
1137 2233 1226 2300 locus
1249 2240 1296 2298 est

112 2340 242 2409 relictus.
290 2342 480 2408 Rectissime
512 2344 614 2429 igitur
642 2344 678 2405 in
708 2339 911 2406 §omissum
935 2345 983 2406 est
1007 2346 1168 2407 ettamen
1190 2341 1295 2406 nescio

113 2449 262 2530 quomodo
285 2449 325 2514 ab
349 2449 498 2514 omnibus
521 2449 686 2514 retinetur.

152 2658 229 2747 Pag.
267 2659 342 2725 170.
375 2660 428 2725 25.
462 2660 514 2724 καί
548 2662 581 2734 νή
615 2659 679 2725 Δία
717 2660 803 2747 [γε],
829 2657 849 2723 ὦ
874 2658 977 2740 ἄνδρες
1002 2661 1174 2736 Ἀθηναῖοι,
1200 2655 1296 2739 ἕτεροί

112 2789 147 2841 γε
168 2767 254 2844 acac
276 2767 498 2846 παρερρυήκασι
519 2766 591 2847 πρὸς
612 2768 694 2844 ὑμᾶς
715 2766 838 2844 ψευδεῖς
860 2766 912 2831 καί
935 2765 1041 2830 πολλοὶ
1061 2766 1116 2839 τήν
1136 2765 1296 2830 πολιτείαν

111 2869 303 2945 βλάπτοντες
327 2868 385 2936 οἷον
409 2873 438 2936 ἐν
461 2880 522 2945 σοῖς
546 2872 727 2951 δικαςήρίοις
754 2871 825 2948 ὑμῖν
850 2872 912 2940 dela
937 2874 953 2947 ή
976 2872 1118 2949 σωσνρία.
1167 2870 1295 2956 Expun-

111 2978 248 3061 gendum
271 2985 319 3043 est
340 2981 429 3063 prius
452 3003 510 3056 γε,
535 2999 597 3044 non
619 2980 797 3064 posterius,
821 2981 860 3041 ut
880 2977 1026 3042 Editores
1047 2975 1200 3041 feceruut.
1239 2975 1296 3040 set

112 3082 192 3146 enim
224 3083 365 3148 cadentis
396 3081 587 3150 Graecitatis
617 3084 669 3148 καί
702 3086 735 3159 νή
768 3082 831 3148 Δία
863 3107 924 3161 γε,
950 3089 987 3146 ιιι
1008 3079 1191 3148 Dindorfius
1212 3087 1297 3146 recte

112 3187 285 3254 admonuit.
331 3189 496 3256 Praeclare
520 3189 558 3255 de
582 3212 619 3256 ea
641 3212 675 3256 re
699 3191 845 3274 exposuit
867 3189 1025 3254 Personas
1048 3189 1082 3251 iu
1105 3187 1298 3252 Αιῖυονιανίῖι

112 3312 181 3381 pag.
208 3292 264 3358 33.
288 3316 354 3380 sqq.

151 3399 321 3466 Praeterea
351 3401 562 3487 supplendum
594 3396 651 3466 οίον
682 3399 753 3490 (ὅτι)
777 3402 807 3466 ἐν
830 3409 893 3474 τοῖς
917 3399 1098 3479 δικαςνςίοις
1122 3399 1187 3463 uri.
1226 3394 1299 3464 Οίον

111 3511 155 3570 εει
177 3508 288 3585 veluti,
314 3508 438 3591 ccempli
455 3508 558 3588 ρναιῖο
582 3513 614 3572 et
636 3508 755 3573 omisso
779 3504 825 3573 irc
846 3508 945 3574 verba
967 3526 1031 3572 nou
1054 3511 1207 3572 constant.

154 3611 242 3692 Quid
272 3619 319 3678 est
350 3617 474 3678 autem:
507 3614 536 3677 ἐν
559 3621 622 3686 σοῖς
654 3613 835 3692 δικαςήρίοις
866 3615 938 3684 ὑμῖν
960 3614 1023 3682 dciv
1047 3615 1064 3688 ή
1089 3615 1227 3694 σωσήρία
1245 3614 1297 3679 καί

111 3717 156 3783 δεῖ
175 3727 215 3799 σή
241 3719 338 3799 ψήφῳ
362 3721 416 3793 τήν
439 3719 597 3785 πολιτείαν
623 3719 704 3797 ὑμᾶς
729 3717 926 3800 Φυλοίτσεινί
946 3719 1156 3804 Perspicuum
1176 3720 1210 3785 id
1231 3724 1299 3805 qui-

111 3824 182 3891 dem
206 3830 273 3902 est,
296 3843 427 3910 nempe:
450 3832 582 3908 „oportet
600 3848 650 3890 cor
669 3827 862 3890 condemnare
880 3847 976 3889 οιανιοι
995 3825 1066 3897 τοὺς
1078 3826 1298 3906 ὀλιγαρχικοὺς

111 3932 160 3995 καί
194 3930 393 4008 μισοδήμους.
426 3931 460 3994 ιἰι
491 3954 538 3996 coc
569 3953 666 3996 omncs
694 3931 809 3996 iudices
839 3931 1038 3995 incessabiles
1067 3937 1165 3995 οειοιο.
1199 3937 1231 3996 et
1254 3933 1299 3996 sic

110 4041 180 4122 post
210 4055 313 4120 pauca
342 4036 484 4102 addidit:
515 4036 563 4103 δεῖ
584 4037 647 4116 γὰρ
668 4038 699 4102 ἕν
721 4037 779 4115 μὲν
803 4045 865 4108 τοῖς
889 4031 993 4108 ὅπλοις
1018 4034 1188 4117 Φοβερνιίς,
1214 4038 1243 4100 ἕν
1268 4037 1299 4101 δὲ

110 4149 169 4214 σοῖς
196 4142 378 4220 διιιαςήρίοις
403 4143 632 4224 Φιλανίριίπους
657 4138 744 4208 εἶναι.
791 4143 915 4228 Nempe
939 4165 1018 4206 αανιο
1041 4146 1150 4206 contra
1173 4146 1230 4207 est.

156 4356 240 4440 Pag.
275 4353 348 4419 171.
381 4355 431 4420 10.
464 4357 489 4420 εί
523 4357 553 4420 δέ
584 4381 626 4438 σῳ
659 4357 731 4420 δοκῶ
755 4354 875 4433 μείζους
900 4354 916 4428 ή
941 4357 1012 4418 κατ’
1037 4355 1173 4431 ἐμαυτὸν
1196 4351 1300 4427 λέγειν
1346 4339 1349 4346 ’
