3026 4970
816 232 880 302 336

309 427 373 492 Ubi
406 427 466 492 hoo
495 425 595 490 semel
625 426 783 497 constitit,
814 424 892 507 quid
923 424 1052 490 tandem
1081 446 1195 492 causae
1218 447 1283 491 esse
1304 425 1412 488 dimmue

263 553 319 597 our
349 531 499 597 lectiones
530 528 778 596 innumerabiles
808 529 882 595 iude
913 535 1000 596 ortae
1031 530 1177 619 singulae
1208 521 1412 598 enumerentur?

262 639 347 717 Quid
371 638 497 723 prodest
520 640 600 701 soire
621 639 655 700 in
679 637 718 700 A.
742 636 860 720 ubique
883 656 950 700 esse
973 639 1131 722 seriptum
1154 638 1235 716 ὠοέν,
1260 637 1348 718 ζῶον,
1370 654 1412 695 πο·

260 749 378 824 πρῶτον,
404 746 521 823 ἧρῶιον,
546 743 665 822 inrisus,
692 742 824 821 έρῆοκες,
850 742 961 820 κλήσω,
986 742 1119 827 χρέοζω,
1138 746 1174 808 in
1193 744 1233 808 R.
1253 747 1349 810 eorda
1363 736 1412 818 ὠέν,

261 850 348 931 ζῶον,
380 856 535 930 ποοτρῶον,
568 851 671 928 ἡρῶον,
705 849 812 928 opion,
844 849 968 929 έρῆκες,
1001 851 1102 923 κλήω,
1133 850 1238 931 χρήζω
1271 857 1302 916 et
1325 843 1414 912 similia

259 959 375 1022 omnia.
423 957 544 1022 Neuter
567 960 676 1020 autem
698 959 804 1019 servat
826 953 982 1020 Herodoti
1004 977 1156 1034 manum,
1177 977 1258 1040 quae
1280 956 1348 1020 haer
1366 955 1412 1016 est:

257 1167 425 1233 Praeterea
443 1168 545 1232 scriba
565 1165 691 1232 Codicis
710 1169 748 1230 A.
770 1166 929 1231 adverbiis
951 1170 985 1231 in
1009 1204 1028 1216 -
1041 1167 1115 1248 τέρω
1139 1175 1172 1232 at
1195 1167 1312 1232 -τοέτω
1328 1185 1413 1232 exeun·

256 1274 344 1338 tibus
375 1273 523 1340 omnibus
552 1273 670 1356 ubique
694 1270 808 1337 stolide
831 1273 908 1337 ἶῶτοο
932 1273 1022 1338 addit
1044 1273 1228 1354 προσωπέρωι
1251 1276 1374 1340 scribens
1391 1271 1413 1333 et

256 1379 419 1460 οὶνωτέρωο,
453 1378 626 1452 ἕκοοτοέτωο,
650 1377 836 1459 οὶγχοτοέτωο
861 1383 933 1444 cett.
982 1380 1103 1446 Eodem
1126 1381 1222 1446 modo
1245 1386 1347 1467 peccat
1364 1377 1414 1440 nbi·

255 1506 315 1572 que
349 1487 377 1549 is
411 1488 467 1570 qui
500 1483 645 1549 Platonis
680 1481 831 1550 Godieem
866 1485 1050 1550 Parisinum
1084 1487 1123 1550 A.
1161 1489 1296 1573 scripsit.
1345 1483 1414 1550 onor

253 1597 362 1658 tamen
384 1595 432 1658 ost
454 1591 659 1657 manifestus:
689 1612 727 1656 ex
751 1593 1037 1675 praepositionibus
1061 1593 1280 1676 producuntur
1295 1589 1415 1658 adverbia

253 1697 316 1764 loci
347 1697 425 1771 riva,
459 1697 562 1769 κοέτω,
595 1695 679 1772 εἵσω,
714 1693 769 1770 ἔξω
803 1701 835 1761 et
867 1694 977 1775 πρόσω.
1037 1697 1159 1763 Eadem
1195 1703 1244 1763 est
1274 1695 1415 1764 formain

253 1803 406 1886 οὶνωτέρω,
438 1801 603 1880 σὀνωτοέτω,
637 1800 808 1882 προσωτέρω
835 1808 867 1867 et
891 1803 976 1888 apud
999 1801 1179 1869 Homerum
1205 1804 1348 1884 προτέρω,
1368 1819 1415 1865 eae

253 1915 392 1997 terisque
420 1911 461 1976 ad
491 1931 593 1974 unum
624 1908 782 1974 omnibus.
830 1909 942 1974 Nonne
973 1911 1050 1975 satis
1072 1913 1120 1974 est
1142 1910 1176 1974 id
1200 1910 1301 1976 semel
1320 1905 1415 1995 liquido

253 2014 505 2189 confflem
528 2121 632 2186 sanor.
657 2121 696 2186 ar
718 2120 809 2186 mar.
835 2131 870 2186 r.
895 2120 970 2185 roo.
1005 2120 1198 2202 οοοτεόνζ
1229 2122 1306 2202 δέκα
1328 2125 1373 2186 ‘⁰⁶
1391 2126 1415 2180 ¹'

253 2230 316 2293 οξτο
339 2233 392 2292 τοῦ
424 2227 655 2308 προσωτέρω
688 2225 750 2305 γοέρ
776 2227 848 2296 ἕσιν.
872 2233 904 2292 et
924 2236 948 2291 1.
975 2225 1051 2292 192.
1085 2227 1279 2307 προτέρω;
1312 2221 1415 2292 aaran

251 2334 359 2416 χρόνον

390 2440 444 2503 ueri
467 2439 501 2503 νύ
525 2463 558 2503 κε
583 2439 617 2513 oo
642 2437 770 2518 προτέρω
797 2436 854 2526 (ἔτ’
878 2437 934 2518 ἔρις
958 2437 1059 2515 γένετ’
1084 2438 1324 2524 ἀμφοτέροισιν).

252 2547 331 2628 dixer
354 2549 407 2609 τοῦ
431 2555 444 2609 l
469 2544 500 2609 δέ
524 2546 558 2609 τὸ
588 2544 771 2624 προτέρω.
805 2547 866 2610 aiod
890 2546 954 2623 ydra
977 2549 1029 2609 τοῦ
1062 2544 1295 2624 προσωτέρω
1326 2539 1413 2621 σονκέ·

253 2675 375 2717 κοπποο.
417 2649 538 2716 Tamen
561 2650 684 2716 librarii
707 2671 789 2715 novo
812 2651 956 2716 Platonis
979 2650 1103 2715 Editori
1123 2652 1354 2735 imposuerunt,
1375 2647 1415 2732 qui

251 2761 285 2823 in
316 2758 472 2823 Phaedone
502 2777 575 2844 pag.
608 2755 682 2823 107.
716 2776 744 2822 Β.
776 2757 880 2822 dedit:
912 2756 994 2821 οὐδὲν
1024 2755 1172 2837 ζητήσετέ
1198 2757 1355 2838 περαιτέρῳ
1374 2771 1415 2840 pro

251 2865 385 2950 vuigata
408 2863 597 2942 περοοοτέρΩ.

298 3070 470 3138 Ostendam
501 3095 585 3138 nuno
616 3076 725 3160 paucis
757 3072 912 3159 exemplis
943 3094 1040 3157 quam
1071 3073 1136 3139 late
1166 3075 1195 3138 is
1225 3095 1309 3140 error
1333 3069 1417 3158 pateat

252 3181 284 3243 et
315 3178 414 3244 simul
442 3181 616 3245 scribarum
642 3184 674 3243 ot
697 3179 867 3244 Editorum
890 3181 971 3245 vitia
994 3179 1078 3265 apud
1100 3179 1281 3248 Homerum
1305 3184 1334 3245 et
1353 3170 1416 3261 apud

252 3287 411 3370 optimum
435 3307 592 3372 quemque
616 3285 812 3371 reliquorum
835 3287 976 3352 breviter
997 3287 1123 3350 notabo.

762 3533 935 3589 ΠΡΩΙΡΛ.

297 3710 334 3794 Iu
359 3711 472 3797 Odyss.
498 3735 520 3774 ν.
547 3706 602 3772 84.

525 3811 562 3887 ὦς
588 3813 648 3895 ripa
673 3821 727 3888 τῆς
751 3814 872 3893 πρύμνη
897 3813 953 3890 μέν
976 3812 1102 3892 οέεέρεπο.

298 3922 462 3986 Bekkarus
487 3926 634 3987 annotat:
662 3919 819 4000 ,,πρύμνν;
846 3920 943 4000 πρώρη
968 3918 1163 4004 Rootefort.''
1209 3919 1284 3986 Noli
1305 3915 1415 3984 credere.

253 4026 350 4109 πρώρο
382 4049 420 4093 ne
450 4026 609 4094 Graecum
642 4027 771 4112 quidem
799 4031 861 4104 est,
887 4025 941 4090 ssd
966 4031 1078 4104 πρῶιροο
1101 4025 1220 4092 ultima
1243 4027 1334 4091 brevi.
1373 4016 1415 4082 St

254 4133 381 4221 phoeles
404 4133 533 4197 Philoni.
561 4131 637 4198 482.

459 4239 501 4312 εἷς
526 4239 674 4316 duriter,
703 4239 731 4310 ἐς
757 4238 892 4317 πρῷρων,
919 4238 949 4308 ἐς
975 4237 1130 4315 πρύμνην,
1155 4234 1229 4303 ὅπου

460 4345 551 4422 {iassae
576 4344 684 4422 μέλλω
708 4345 778 4416 τοὺς
801 4344 945 4420 ξυνέντοος
971 4345 1128 4422 οὶλγυνεῖν.
