3086 4968
830 249 895 319 482

268 443 412 531 [κελεύω]
452 441 526 510 δέκα
561 440 707 522 πρέσβεις
741 445 807 508 xri.
855 440 953 508 Scioli
983 441 1152 524 antiquum
1186 435 1428 518 obtineamque

268 547 352 630 φημί
387 548 448 614 δεῖν
478 554 511 615 et
540 555 749 628 χειροτονῆσαι
780 547 857 613 δέκα
889 545 1034 628 πρέσβεις
1063 548 1112 609 101
1133 543 1240 609 verbis
1263 541 1429 628 interpositis

269 655 407 721 diremta
436 659 511 722 sunt
540 653 673 722 solitum
703 653 843 719 fulcrum
874 653 989 719 κελεύω
1021 653 1271 736 supposuerunt,
1304 669 1363 734 quo
1385 663 1429 710 nor

268 763 402 826 utimur.

314 972 395 1058 Peg.
429 968 506 1035 292.
531 969 563 1034 8.
589 970 693 1045 ἐπειδὴ
716 970 744 1035 δ’
767 971 800 1034 ού
824 968 914 1046 σύτε,
938 965 1027 1030 αλλὰ
1052 969 1103 1031 νῦν
1127 963 1221 1040 δεῖξον
1251 962 1346 1049 [εἶσὶ]
1367 959 1430 1034 riri

268 1075 379 1154 λόγος,
400 1071 490 1140 ὅντιν’
511 1077 604 1155 ἐχρῆν
622 1076 731 1159 εὑρεῖν,
753 1077 769 1151 ἢ
791 1075 893 1153 καιρὸς
912 1070 1075 1153 συμφέρων
1095 1070 1147 1135 ὑπ’
1168 1069 1244 1146 ἐμοῦ
1264 1065 1431 1148 παρελείφθη

271 1185 325 1265 [τῇ
348 1179 467 1267 πόλει]
515 1181 621 1268 Vulgo
644 1181 782 1268 legitur:
808 1218 850 1228 —
875 1179 981 1256 δεῖξον.
1008 1177 1075 1241 cirri
1098 1176 1145 1248 τίς
1170 1176 1233 1240 κτὲ.
1279 1174 1342 1240 Sed
1364 1173 1433 1250 δεῖξον

270 1289 386 1352 vitiose
417 1287 463 1351 sic
492 1286 636 1353 absolute
666 1289 812 1372 ponitur,
836 1290 869 1352 et
890 1288 975 1350 inter
997 1282 1093 1360 δεῖξον
1115 1287 1147 1348 et
1170 1281 1237 1346 εἰπέ
1261 1281 1344 1346 nihil
1366 1281 1434 1368 plana

270 1393 411 1458 interest.
458 1393 592 1459 Resecto
623 1392 815 1458 emblemate
845 1394 965 1478 optime
995 1391 1114 1456 habent
1144 1391 1270 1455 omnia:
1297 1391 1383 1454 ύλλοὶ
1399 1389 1434 1450 νῦν

270 1496 367 1573 δεῖξον
396 1499 444 1570 τίς
471 1498 563 1576 λόχος
589 1501 605 1574 ἢ
630 1498 730 1578 καιρὸς
755 1498 959 1580 παρελείφθη.
1005 1495 1109 1562 Verba
1131 1504 1170 1579 cpi
1192 1495 1281 1560 πόλει
1305 1494 1372 1561 loco
1391 1512 1434 1558 non

271 1625 329 1669 sno
351 1605 509 1690 positast
532 1624 660 1690 prorsus
683 1624 915 1688 supervacanea
938 1601 1025 1669 tolle.

314 1811 395 1900 Pag.
416 1810 494 1876 295.
516 1809 570 1878 17.
594 1810 641 1882 τίς
666 1809 730 1890 γὰρ
749 1813 804 1875 οὐκ
822 1805 900 1876 οἶδεν
924 1849 965 1860 -—
987 1808 1034 1878 i'rr
1054 1811 1107 1876 καί
1127 1811 1214 1891 παρὰ
1235 1810 1378 1892 Θηβαίων
1398 1803 1435 1871 καί

271 1917 357 1998 παρὰ
389 1924 448 1983 σῶν
478 1914 523 1982 ἔτι
555 1914 668 1981 τούτων
699 1915 839 1996 πρότερον
862 1917 994 1998 ἰσχυρῶν
1016 1917 1186 1996 γενομένων
1209 1914 1437 1993 Λακεδαιμονίων

271 2024 324 2088 καί
356 2023 443 2103 παρὰ
474 2027 528 2088 σοῦ
559 2023 681 2102 Περσῶν
711 2023 868 2099 βασιλέως
900 2023 985 2100 μετὰ
1016 2031 1135 2098 πολλῆς
1162 2021 1292 2106 χοίρνσος
1313 2023 1389 2087 τοῦτ’
1411 2017 1437 2083 dr

236 2121 240 2134 ¹
275 2127 443 2216 [ύσμένως]
468 2128 550 2201 toton
576 2138 613 2210 τῇ
638 2128 744 2205 πόλει,
769 2123 788 2191 d'
808 2148 837 2191 rr
862 2127 1013 2205 βούλεται
1037 2127 1181 2210 λαβούσῃ
1204 2128 1256 2192 καί
1282 2127 1323 2192 σοὶ
1345 2127 1437 2198 ἑαυτῆς

271 2234 386 2317 ε’χούσρ
418 2233 452 2297 τὸ
484 2233 680 2311 κελευόμενον
714 2241 810 2299 ποιεῖν
841 2234 893 2298 καί
918 2236 971 2298 icis
995 2231 1092 2314 ἕτερον
1116 2237 1175 2300 σῶν
1198 2237 1351 2310 Ἑλλήνων
1369 2255 1437 2312 σροε·

270 2342 374 2412 ςοίναν.
408 2339 483 2405 αλλ’
517 2341 570 2405 οὐκ
602 2337 636 2414 ἦν
662 2340 750 2406 ταῦθ’
770 2342 808 2413 ὥς
832 2337 908 2405 ἔοικε
931 2349 994 2415 σοῖς
1020 2339 1119 2428 [σίσε]
1145 2340 1316 2416 Ἀθηναίοις
1339 2337 1437 2418 σοίσροα

270 2448 335 2512 κσὲ,
393 2447 551 2534 Expnnge
584 2445 656 2510 σύτο
691 2467 730 2511 cx
763 2447 970 2512 deterioribus
1003 2446 1096 2512 libris
1129 2448 1288 2513 insertum
1322 2451 1351 2511 et
1380 2443 1438 2510 vids

269 2574 367 2640 quam
387 2555 429 2617 sit
449 2551 669 2619 vehementior
687 2557 720 2617 et
739 2552 898 2617 ardentior
920 2553 1089 2618 verborum
1108 2555 1277 2618 sententia.
1298 2554 1323 2618 ot
1339 2556 1439 2616 ΤΟΤΕ

273 2659 426 2734 Ἀύκναῑοκ
458 2657 576 2723 dicitur
607 2658 645 2723 de
669 2662 754 2724 certo
777 2662 809 2723 et
832 2656 962 2724 definito
985 2664 1127 2744 tempore
1151 2663 1184 2724 et
1205 2679 1271 2725 una
1293 2659 1439 2724 hominnm

271 2769 390 2843 aetate,
423 2763 478 2830 sed
508 2766 543 2827 in
574 2765 615 2829 iis
645 2784 725 2848 quac
754 2763 946 2849 praecedunt
977 2769 1041 2830 tres
1072 2769 1191 2832 aetates
1216 2768 1437 2831 enumerantur:

270 2871 394 2939 bellum
424 2869 606 2948 Persicum,
639 2871 813 2954 imperium
849 2867 1097 2957 Spartanorum,
1132 2871 1354 2938 Thebanorum
1383 2871 1439 2956 post

269 2979 438 3043 victoriam
461 2975 661 3041 Leuctricam
685 2977 836 3060 potentia.

314 3082 426 3165 Itaque
448 3079 501 3146 vel
523 3081 583 3145 hac
606 3080 644 3147 de
668 3100 762 3146 causa
784 3082 1006 3166 importunum
1030 3080 1101 3147 τότε
1124 3084 1332 3149 resecandum
1353 3084 1413 3148 erit

314 3187 352 3252 In
380 3186 640 3271 praecedentibus
670 3187 755 3263 μετὰ
787 3193 907 3261 πολλῆς
938 3186 1067 3268 χοίρεσοο
1097 3193 1129 3254 et
1151 3189 1294 3267 ασμὲνως
1316 3204 1439 3276 perverse

269 3291 475 3378 copulantur,
507 3292 582 3376 quia
611 3291 671 3356 hoc
700 3294 784 3357 inest
813 3293 848 3356 in
877 3291 945 3358 illo.
981 3292 1102 3358 Redeat
1130 3295 1235 3381 igitur
1264 3292 1439 3374 οὶσμένωεὶο

269 3399 461 3485 marginem.

315 3607 395 3694 Peg.
426 3601 503 3670 296.
537 3603 568 3671 5.
600 3606 648 3678 τίς
679 3605 742 3686 γὰρ
768 3608 822 3672 ούα
845 3605 884 3670 ἂν
907 3607 1108 3685 arnicauso
1130 3613 1190 3674 σῶν
1209 3611 1322 3691 ανδρῶν
1343 3608 1440 3675 ε’κείνων
1512 3599 1513 3618 ’

268 3719 324 3787 σῆς
348 3715 479 3793 οὶρεσῆος
505 3716 538 3777 et
560 3713 922 3797 Ροε1ροῐιοωΚνρσίλον
944 3716 1325 3788 καταλνύώσανσες.
1356 3714 1440 3780 Num·

269 3839 368 3904 qnam
390 3817 500 3883 audivi
520 3818 705 3902 scriptorem
727 3819 875 3883 Atticum
894 3817 1079 3897 αγύσασύαε
1109 3820 1269 3887 dicentem
1296 3842 1350 3909 pro
1372 3821 1438 3896 ύρν

270 3926 395 4001 σύῆνακ,
427 3944 528 4008 neque
558 3942 714 4007 umquam
746 3944 857 3990 eorum
888 3928 1056 4011 qnisquam
1088 3928 1277 3992 καταλκύοῦν
1299 3929 1376 3994 dixit
1394 3940 1438 4010 pro

269 4029 476 4107 καταλεύειν,
500 4033 538 4093 111
559 4029 594 4093 in
616 4028 676 4094 hac
699 4031 768 4114 ipsa
791 4030 925 4097 historia
947 4032 1059 4097 scribit
1081 4031 1264 4099 Herodotus
1288 4035 1344 4100 IX.
1365 4031 1391 4096 5.
1413 4031 1438 4092 ct

271 4138 416 4201 omnium
439 4144 592 4220 perpetua
615 4136 809 4201 consuetudo
832 4141 889 4202 ast.
934 4137 1084 4223 Suspicor
1105 4141 1209 4226 igitur
1233 4139 1351 4225 aliquid
1370 4137 1436 4202 ecu-

269 4243 318 4307 dis
348 4240 475 4321 subesse
496 4245 528 4306 et
551 4245 674 4306 veteres
697 4241 827 4308 lacunas
850 4244 1014 4310 vocabulis
1035 4265 1097 4310 non
1119 4246 1239 4310 Atticis
1259 4247 1335 4313 olim
1355 4244 1435 4308 firisae

266 4345 417 4432 expletas.
451 4345 545 4430 Erat,
570 4348 696 4431 opinor.
721 4350 961 4414 ΑΓΑΟΗΗ
984 4354 1016 4415 et
1038 4351 1254 4416 ΚΑΤΑΛΗ
1274 4351 1432 4422 (ῖλΝΤΕί,
