3026 4970
631 247 695 315 309

124 439 206 506 Iliad.
230 450 269 504 T.
297 437 374 504 125.

250 543 366 618 πάντες
389 544 416 610 δ’
441 543 621 622 Οὐλύμποιο
646 543 839 620 κατήλθομεν
869 541 1116 615 ἀντιόωντες

249 652 342 726 τῆσδε
365 649 489 729 μάχης.

123 756 226 844 Odyss.
253 767 293 822 A.
318 755 373 822 25.

247 862 324 926 ἀλλ’
348 862 362 926 ό
385 863 443 940 μὲν
465 863 615 935 Αἰόόσπας
639 861 804 938 μετεκίαθε
931 917 942 930 .

248 965 415 1032 ἀντιόων
446 966 563 1047 ταόρων
585 990 620 1031 τε
645 967 696 1031 καὶ
721 968 839 1047 ἀρνειῶν
864 965 1053 1045 ἑκατόμβης.

104 1023 226 1162 odyss.
251 1083 286 1203 f.
311 1071 387 1138 436.

248 1180 303 1254 ηλό
344 1179 369 1244 δ’
393 1179 502 1255 Ἀόήνη
528 1182 606 1260 Ἱρῶν
628 1176 792 1243 ἀντιόωσα.

120 1284 225 1374 Odyss.
250 1295 298 1350 Ω.
322 1283 375 1350 56.
755 1347 759 1354 .

248 1393 348 1473 μήτηρ
373 1390 406 1468 ἕξ
431 1392 505 1464 ἀλὸς
531 1391 582 1470 ηδε
605 1391 660 1456 σὺν
682 1389 837 1473 ἀόανάσης
861 1391 983 1474 ἀλόησιν

249 1495 375 1580 ἔρχεται
399 1495 434 1562 οὗ
457 1498 564 1570 παιδός
587 1497 740 1572 τεθνηότος
775 1498 986 1563 ἀντιόωσα.

117 1603 221 1690 ltaque
243 1605 450 1672 vehementer
472 1610 655 1689 suspectum
680 1609 727 1669 esi
751 1603 864 1691 Odyss.
889 1615 923 1668 Χ.
951 1601 1005 1668 28.

247 1709 340 1787 ξεῖνε,
364 1716 465 1782 κακῶς
487 1710 597 1790 ἀνδρῶν
619 1708 785 1790 τσξάζεαι,
813 1709 911 1776 οὐκέτ’
936 1708 1050 1773 ἀέόλων

247 1815 352 1882 ἀλλων
375 1815 542 1888 ἀντιάσεις.

79 1941 126 2005 pro
147 1921 290 2007 ἀντιάρις.

79 2027 263 2108 Κρεμάνννμι
288 2029 385 2094 habet
406 2029 554 2094 fiiturum
578 2033 677 2107 κρεμῶ
701 2026 826 2108 κρεμόω.

117 2135 204 2202 Iliad.
230 2144 270 2201 H.
297 2133 350 2200 83.

251 2242 302 2306 καὶ
327 2241 478 2322 κρεμόω
505 2241 590 2321 τρισὶ
614 2242 680 2317 νηδν
704 2239 900 2312 ’Λπόλλωνος
925 2240 1055 2306 ἑκάτιισ.

114 2345 260 2413 Priscum
282 2349 418 2415 verbum
441 2352 514 2412 ἘΩ
539 2348 602 2434 (ἐῶ)
623 2347 710 2412 idem
734 2347 818 2432 quod
842 2346 993 2427 κσρέννυμι
1018 2347 1112 2424 satia,
1137 2354 1255 2424 saturo,

76 2448 163 2517 habet
185 2453 333 2518 futurum
358 2454 410 2530 ἐῶ,
436 2451 501 2519 ἑόω.
527 2452 620 2518 Iliad.
643 2462 685 2519 N.
712 2451 790 2519 315.

249 2557 280 2625 οἵ
296 2582 348 2637 μιν
372 2557 447 2634 ἀδην
471 2558 510 2623 ἓό
517 2582 586 2623 ωσι
610 2558 662 2622 καὶ
687 2557 853 2636 ἐσσόμενον
876 2558 1032 2636 πολέμοιο.

77 2665 104 2725 ei
124 2662 239 2752 Odyss.
262 2675 302 2731 E.
329 2663 407 2730 290.

251 2771 326 2836 ἀλλ’
351 2767 395 2836 ἔτι
420 2769 477 2850 μέν
502 2773 554 2850 μόν
577 2777 661 2853 Φημι
686 2769 761 2854 ἀδην
785 2771 884 2836 ἓάαν
909 2771 1091 2846 κακότητος.

75 2896 142 2941 nam
164 2879 212 2944 sio
234 2881 369 2962 utroque
390 2875 460 2942 loco
484 2877 686 2943 scribendum
709 2898 766 2963 pro
789 2877 894 2943 ἐλόωσι
918 2882 950 2942 et
974 2876 1090 2953 ὲλάαν,
1117 2881 1154 2941 ut
1177 2877 1255 2942 alibi

74 2983 244 3049 ostendam.

74 3086 208 3155 Ὲλαόνω
232 3090 330 3154 habet
353 3088 500 3153 futurum
525 3088 601 3166 ἐλῶ,
630 3088 714 3154 ἐλόω.

114 3193 227 3282 Odyss.
252 3203 289 3258 H.
317 3192 392 3259 318.

136 3301 173 3365 σὺ
197 3300 254 3380 μὲν
278 3298 462 3378 δεδμημένοι
485 3298 568 3382 ὕπνῳ
591 3299 727 3377 Λόξεαι,
751 3301 777 3365 oi
802 3300 828 3365 δ’
861 3300 1004 3365 ἐλόωσι
1037 3302 1187 3378 γαλήνην.

113 3404 214 3472 Vetus
244 3407 379 3472 verbum
414 3407 559 3486 πόρνημι,
592 3409 702 3485 vendo,
730 3407 827 3472 habet
850 3407 996 3470 futurum
1021 3411 1117 3486 περῶ,
1142 3408 1254 3489 περόω,

72 3513 205 3592 περάαν,
231 3517 264 3576 et
288 3513 442 3577 aoristum
466 3512 633 3593 ἐπέρασσα.
682 3511 772 3578 Iliad.
800 3521 836 3578 Φ.
863 3510 940 3576 454.

206 3617 251 3682 σοὶ
275 3617 332 3696 μὲν
357 3612 405 3681 δ’δ’
430 3619 578 3694 ήπεόλησε
602 3617 699 3691 πόδας
723 3617 775 3681 καὶ
800 3624 910 3697 χεῖρας
935 3615 1058 3699 ὕπερόεν

206 3724 306 3799 δήσειν
329 3721 381 3788 καὶ
414 3722 572 3804 περάαν
604 3724 698 3797 νήσων
723 3723 774 3787 ἐπὶ
795 3721 1011 3799 τηλεδαπάων.

114 3829 157 3894 st
186 3831 264 3896 haec
295 3830 424 3914 quidem
455 3829 596 3896 Homero
628 3851 702 3895 oum
735 3831 852 3895 Atticis
876 3831 1059 3894 communia
1082 3836 1173 3910 sunt,
1197 3837 1260 3901 nisi

71 3936 154 4020 quod
184 3935 336 4000 nonnulla
366 3936 481 4000 horum
512 3938 629 4002 Atticis
651 3957 714 4001 non
738 3941 813 4001 sunt
835 3937 870 3999 in
893 3956 973 4010 usu,
995 3941 1033 4000 ui
1056 3934 1143 4013 δαμῶ
1169 3945 1201 4005 ei
1225 3943 1260 4006 ἐῶ

72 4045 102 4104 et
125 4041 219 4121 περόω
244 4047 277 4106 et
300 4040 418 4106 ἀντιόω.
453 4041 590 4126 Reliqua
613 4043 721 4106 omnia
745 4042 829 4127 apud
851 4041 1061 4107 Athenienses
1091 4045 1261 4113 tritissima

71 4151 145 4210 sunt
176 4153 290 4226 γαμῶ,
319 4152 418 4223 τελῶ,
446 4147 596 4222 ἕπισελῶ,
622 4149 773 4224 διατελῶ,
799 4153 903 4225 καλῶ,
929 4147 1071 4223 ἐγκαλῶ.
1096 4159 1260 4230 συγκαλῶ,

72 4259 166 4332 κσρῶ,
197 4258 319 4334 κρεμῶ,
352 4251 430 4337 ἐλῶ,
455 4273 534 4337 quae
552 4251 642 4318 'solae
666 4258 741 4318 sunt
764 4257 858 4338 atque
881 4255 993 4317 unicae
1015 4253 1262 4324 Atheniensibus

69 4358 176 4438 ίκόιινι·
205 4361 344 4445 formae,
375 4359 491 4444 quibus
522 4360 675 4426 accedunt
704 4358 846 4425 Homero
869 4361 1034 4448 incognita
1057 4359 1173 4442 σκεδῶ,
1198 4363 1262 4468 δια
