3034 4970
641 211 703 282 tat

93 403 129 483 τῷ
155 401 273 484 ξιφιδίῳ
303 405 430 480 ”Graios
451 403 503 468 καί
528 406 660 468 οἰνεῖλει.
707 403 895 490 Lugendum
921 404 1065 485 ΔΙόσιιρε
1088 407 1272 471 transverbe-

92 511 174 578 ravit.
199 513 263 575 nisi
281 511 363 576 forte
381 511 424 590 τῷ
442 509 544 592 ξίφει
565 507 710 586 Aliusne
732 507 846 575 Strabo
865 513 1049 595 scripserat.
1070 511 1124 578 sed
1142 515 1271 578 omnino

92 619 176 683 verbo
207 618 382 701 composito
411 637 489 702 opus
519 623 577 682 est.
624 614 769 700 Simplex
801 616 892 695 τείρει
927 616 1137 684 Homericum
1167 623 1272 684 estet

93 743 190 788 eorum
214 724 271 808 qui
292 721 500 788 Homerioam
522 723 670 810 linguam
692 722 869 788 imitantur.

130 932 205 1020 Peg.
237 930 313 997 609.
345 930 581 1013 ἀναγκάζεσθαι
614 931 718 1009 μέντοι
748 931 791 995 τοί
815 931 922 997 τολλοί
946 929 1058 998 εἰκότΑ
1082 942 1199 1010 λεγειν
1220 935 1272 1002 διὰ

94 1040 195 1113 πλῆθος
227 1044 285 1103 τῶν
316 1038 484 1118 αμαρτιῶν.
532 1037 609 1126 Leg.
643 1037 686 1102 τοὶ
719 1036 825 1101 τολλοί
860 1039 1121 1117 εἰκοτΟΛΟγεῖν,
1156 1040 1190 1104 id
1226 1047 1274 1107 est

93 1144 208 1208 incertae
238 1143 422 1207 coniectores
451 1149 535 1229 requi
564 1145 598 1207 in
630 1163 666 1208 ea
697 1163 731 1207 re
761 1162 841 1226 quae
865 1149 950 1210 certo
973 1147 1046 1210 seiri
1068 1166 1131 1212 non
1154 1149 1271 1233 possit;

94 1271 218 1334 namque
247 1247 352 1314 εἰκότα
376 1249 480 1327 λέγειν
504 1254 552 1314 est
576 1251 683 1334 potius
700 1249 869 1332 probabilia
891 1251 1010 1315 dicere..
1058 1253 1273 1330 Εἰκοτολογείν

95 1377 126 1420 eo
155 1376 244 1420 sensu
275 1358 395 1440 passim
425 1355 547 1443 legitur
577 1360 609 1421 et
632 1354 716 1440 apud
740 1355 819 1421 alios
843 1360 874 1420 et
898 1357 982 1440 apud
1006 1355 1212 1436 Strabonem,
1236 1365 1274 1424 ut

96 1483 159 1549 pag.
179 1461 252 1526 620.
277 1462 560 1540 εἰνοτολογεῖν
584 1461 611 1526 δ’
628 1461 674 1528 ἔτί
696 1460 754 1525 κᾶν
771 1460 800 1526 εἰ
818 1485 863 1533 τις
886 1464 936 1526 τὸν
956 1464 1069 1543 οἰκοιβῆ
1085 1465 1175 1546 ζητεῖ
1189 1466 1273 1532 ιιιιτιί

94 1566 141 1630 τόν
161 1568 283 1641 ποιητὴν
305 1563 367 1648 ὅρον
392 1566 486 1651 μέχρι
512 1569 590 1640 τόνοι
613 1569 639 1631 οἰ
664 1570 787 1639 Κίλιιιες
812 1568 968 1646 διέτεινοι,
995 1572 1069 1655 quia
1091 1571 1125 1636 id
1143 1574 1273 1657 reperiri

94 1677 201 1759 nequit.

135 1883 209 1972 Peg.
242 1883 319 1949 613.
351 1883 425 1964 παρ’
458 1885 601 1949 Αἰολεῦσι
634 1881 666 1948 δὲ
695 1889 758 1954 τοῖο
787 1883 818 1944 ἐν
842 1882 937 1965 'Aula
960 1882 1029 1960 μείς
1055 1907 1101 1955 τις
1127 1893 1272 1953 καλεῖται

95 1991 269 2070 Πορνοτίυν,
300 1989 376 2056 οὕτω
407 1991 476 2062 τοὺς
509 1988 668 2070 πάρνοπας
701 1989 874 2053 καλούντων
910 1995 1060 2068 Βοιωτῶν,
1095 1991 1147 2056 καί
1184 1992 1272 2058 όυσία

96 2104 279 2161 συντελεῖται
310 2098 524 2176 ΠορνοσίΩΝΙ
554 2095 740 2161 Ἀπόλλωνι.
773 2091 867 2160 Certa
898 2095 1045 2184 analogia
1075 2098 1216 2183 postulat
1237 2104 1276 2165 ut

96 2205 253 2276 Ποννοτιών
295 2204 468 2280 scribatur,
510 2208 547 2268 ut
588 2204 696 2268 omnia
729 2203 890 2266 mensium
925 2205 1054 2269 nomina
1088 2206 1122 2268 in
1158 2241 1177 2254 ·
1191 2215 1274 2272 ΙΩΝ

95 2314 233 2377 exeuntia
266 2309 433 2384 όξύνοντιιι.
488 2308 635 2374 Postulat
670 2308 780 2374 eadem
816 2308 964 2396 analogia
998 2314 1034 2374 ut
1069 2311 1184 2396 Apollo
1213 2333 1276 2378 non

95 2417 253 2493 ssoporr'ao
283 2417 339 2481 sed
369 2412 556 2494 ssooodrroc
582 2416 714 2481 dicatur.
762 2414 873 2499 Itaque
896 2413 1066 2502 legendum
1093 2419 1275 2494 ΠορνοτίΩΙ

95 2521 269 2586 Ἀπόλλωνι.
317 2521 446 2606 Peperit
476 2541 613 2586 errorem
635 2523 780 2587 vicinum
804 2521 980 2599 Πορνοσιόν.
1028 2521 1194 2590 Praeterea
1216 2526 1276 2590 mi-

95 2625 210 2694 rificum
234 2633 283 2694 est
305 2630 340 2693 in
359 2614 648 2694 Strabonis'verbis
666 2626 736 2706 μείς
757 2651 802 2700 τις
822 2647 879 2712 pro
903 2627 964 2704 ato
987 2652 1044 2700 τις.

134 2839 308 2905 Barbarum
332 2844 380 2905 est
403 2839 487 2925 quod
510 2837 631 2926 legitur
652 2859 726 2927 pag.
751 2837 828 2904 622.
854 2839 883 2903 ἐν
907 2847 970 2910 τοῖς
991 2835 1115 2918 ὄμβροιο
1141 2839 1197 2904 tori
1215 2839 1274 2912 τοίς

95 2947 162 3016 sorio
195 2943 453 3013 ὑτελόετέον.
500 2943 599 3010 Nullo
630 2944 725 3010 modo
761 2967 800 3010 ex
834 2947 975 3010 ὑπελθεῖν
1010 2945 1140 3011 formari
1173 2950 1277 3030 potest

95 3048 276 3116 ὑπελόετέον.
324 3050 436 3116 Strabo
460 3051 595 3114 minime
617 3051 651 3114 in
674 3049 801 3115 dicendi
823 3073 885 3116 usu
905 3056 953 3116 est
972 3053 1127 3115 vitiorum
1148 3071 1277 3137 expers,

95 3175 178 3243 saepe
210 3158 393 3244 aequalium
423 3157 578 3231 συνήθειαν
610 3159 817 3241 quantumvis
849 3159 999 3223 vitiosam
1023 3178 1152 3222 securus
1176 3159 1278 3242 sequi-

94 3265 160 3340 tur,
179 3271 215 3330 ut
235 3267 270 3329 in
290 3264 362 3328 aliis
382 3263 601 3337 ostendemus,
624 3262 679 3326 sed
697 3283 798 3347 neque
816 3266 883 3348 ipse
899 3283 1000 3348 neque
1013 3263 1095 3328 alius
1108 3264 1276 3348 quisquam

94 3368 221 3437 ε’λόετόον
247 3376 305 3437 sut
328 3368 508 3435 ὑπελόετέον
531 3370 734 3434 sustinuisset
758 3369 862 3435 dicere
885 3389 941 3455 pro
964 3369 1041 3435 ἰτέον
1066 3375 1098 3434 et
1122 3371 1253 3434 ὑσιτέον.

134 3578 270 3647 Siliano.
300 3601 374 3668 pag.
404 3577 480 3644 623.
504 3576 682 3644 σκώπτεται
705 3579 736 3643 δὲ
760 3579 813 3644 ιιοιί
839 3580 1008 3658 όἜΦοοος
1032 3578 1105 3643 διότι
1131 3588 1187 3656 τῆς
1213 3604 1276 3646 τα·

93 3685 184 3760 τοίδος
213 3685 291 3767 ἔργα
321 3690 374 3752 οὐκ
405 3685 486 3768 ἔχων
510 3685 638 3766 Φροίζειν
662 3687 692 3750 ἒν
715 3696 753 3766 τῇ
779 3687 967 3766 διαριθμήσει
991 3692 1048 3751 τῶν
1072 3685 1177 3753 ιίλλιον
1201 3688 1278 3769 προί-

94 3789 163 3866 ξεοιν
197 3796 228 3858 οὐ
265 3794 326 3871 μίιν
360 3794 420 3859 οὐδ’
452 3789 529 3858 “AN
563 3791 792 3869 ἀμνημόνευτον
822 3795 919 3867 αὐτὴν
951 3790 1027 3858 εἰναι
1061 3794 1152 3860 όόλοιν
1184 3793 1278 3869 οὕτως

94 3897 253 3969 εἰιιυοινεῖ·
281 3899 387 3977 ,,ιιατίι
411 3900 442 3964 δὲ
466 3899 517 3963 τόν
540 3899 633 3963 αὐτόν
655 3901 756 3978 καιρόν
780 3906 913 3974 Κυμαῖοι
938 3899 997 3971 τοίς
1019 3901 1154 3979 ἡσυχίας
1177 3896 1279 3980 sipon?

93 4002 235 4071 Editores
257 4007 332 4071 ”AN
359 4005 560 4081 deleverunt,
585 4008 733 4091 pessime.
782 4003 859 4070 Erat
883 4007 1026 4070 enimin
1048 4013 1155 4072 vetere
1179 4008 1277 4075 libro:

96 4118 269 4178 ΟΤΔΕΑΝ
302 4113 548 4187 οἰμνημόνευτον.
581 4114 690 4197 itaque
725 4110 897 4198 legendum
934 4109 996 4176 οὐδ’
1033 4111 1101 4175 ε’ἵιν
1139 4115 1277 4191 οἰμνημό·

93 4239 190 4282 νευσον
211 4220 307 4292 αὐτὴν
328 4219 435 4293 θέλων,
461 4223 617 4302 expuncto
641 4214 738 4294 εἶναι,
763 4217 846 4302 quod
872 4217 910 4283 de
934 4236 991 4282 suo
1015 4217 1138 4284 addidit
1162 4221 1278 4307 aliquis

92 4329 258 4410 postquam
280 4333 456 4390 ΟΤΔΕΛΝ
481 4327 514 4389 in
538 4323 598 4389 οὐδ’
620 4322 659 4388 ἄν
684 4323 891 4410 depravatum
918 4329 976 4388 est.
