3086 4968
825 215 890 290 502

261 408 375 486 τήσασι
405 407 538 493 δημοσία
568 418 683 478 ποιεῖτε
716 409 826 489 λθγοιιο
859 412 1067 497 ἐπιταφίους,
1101 416 1130 479 ε’ν
1162 411 1204 489 οίς
1236 423 1368 494 κοσμεῖτε
1386 413 1423 482 σίν

261 523 320 582 τῶν
350 518 474 594 θγαθνῖν
505 517 616 597 ἀνδρῶν
645 514 732 597 ἔργα.
779 517 863 584 Mire
893 521 1096 604 perturbatus
1126 521 1180 587 hio
1210 522 1298 588 locus
1330 528 1371 588 est
1398 524 1426 586 in

260 620 440 688 Godicibus.
486 621 637 688 Meliores
661 626 693 687 et
716 624 750 688 in
772 622 823 687 his
845 626 985 717 optimus
1009 624 1032 690 S
1055 627 1223 693 exhibent:
1245 628 1425 712 δημοσίᾳκαὶ

260 737 331 802 ταῖς
360 733 483 812 ταφαῖς
514 735 585 800 ταῖς
617 728 777 804 δημοσίαις
807 737 922 794 ποιεῖτε
948 729 1075 810 λόγους.
1124 730 1290 800 Sententia
1311 734 1427 820 simplex

259 840 293 902 et
321 839 430 922 aperta
458 833 552 899 facile
583 835 765 898 restituitur
794 838 832 898 ut
862 838 1057 920 acquiescere
1094 841 1255 924 possimus
1289 839 1427 906 Schaeferi

258 945 474 1025 coniecturae,
505 959 602 1025 quam
632 937 813 1004 Dindorfius
842 944 969 1026 recepit.
1016 941 1080 1009 Sed
1103 945 1143 1010 ad
1166 949 1338 1012 sententiae
1358 950 1425 1011 inte

257 1052 411 1138 gnitatem
441 1047 504 1112 duo
533 1046 631 1112 verba
660 1044 887 1112 desiderantur.
933 1047 1057 1134 Nempe
1090 1049 1291 1117 laudationes
1319 1051 1427 1138 publice

256 1177 320 1222 non
349 1155 547 1220 habebantur
570 1150 619 1216 ἐπὶ
644 1155 722 1214 πᾶσι
746 1157 808 1225 τοῖς
833 1157 1057 1232 τελευτήσασι,
1082 1156 1137 1221 sed
1160 1159 1201 1222 iis
1224 1161 1366 1234 tantum,
1386 1157 1426 1242 qai

256 1266 291 1330 ιἰι
319 1261 445 1347 procliis
474 1258 663 1342 οοοίιθὶειοιιί,
687 1261 725 1321 ut
749 1258 897 1324 omnibus
919 1271 1033 1326 notum
1057 1267 1114 1326 est.
1161 1261 1274 1348 Itaque
1297 1263 1426 1350 supplen-

259 1370 338 1434 dum
367 1389 433 1432 esse
462 1365 591 1432 videtur
620 1364 670 1429 ε’π)
701 1372 763 1436 τοῖς
790 1366 833 1450 (έν
856 1366 996 1450 πολέμῳ)
1019 1370 1261 1449 τελευτήσασιν,
1287 1377 1318 1436 et
1340 1369 1425 1450 ἄνδρες

257 1475 372 1554 οίγαθοί
398 1472 437 1537 de
459 1491 548 1562 mope
571 1469 770 1556 appellantur
793 1467 898 1543 οίτινες
923 1471 1027 1554 ἄνδρες
1051 1475 1164 1552 ripato}
1188 1476 1341 1554 γενόμενοι
1364 1475 1424 1552 ὑπὲρ

258 1589 313 1657 τῆς
338 1577 454 1650 πόλεως
478 1575 647 1652 ἀπέθανον,
671 1579 726 1660 qui
749 1575 809 1640 soli
830 1577 956 1662 publice
977 1581 1012 1643 in
1032 1576 1195 1648 Ceramico
1214 1581 1426 1668 sepeliebantur

257 1694 290 1756 et
319 1686 501 1754 laudatione
531 1683 732 1748 ornabantur.
778 1683 883 1748 Notus
913 1690 960 1750 est
991 1683 1152 1753 Ciceronis
1179 1689 1218 1753 de
1241 1710 1279 1754 ea
1300 1710 1333 1753 re
1353 1686 1426 1751 loeus

257 1799 293 1862 in
321 1795 445 1858 Oratore
468 1788 521 1854 44.
545 1791 564 1874 ξ
589 1787 664 1852 151.
689 1810 749 1852 moe
770 1796 813 1853 οοθ
836 1792 961 1855 Athenis
981 1793 1104 1857 θααθανι·
1123 1794 1157 1858 ia
1175 1795 1312 1860 concione
1330 1815 1372 1857 coe
1385 1789 1427 1876 poi

256 1901 319 1966 ιιίιθ
340 1902 374 1964 in
396 1895 525 1984 proeliis
545 1894 712 1979 interfecti.

301 2005 435 2070 Utiliter
466 2000 702 2086 comparabitur
733 1999 822 2066 locus
857 2000 1006 2088 Dionysii
1040 2002 1144 2070 Halia
1179 2006 1219 2070 A.
1231 2004 1272 2082 Β.
1304 2005 1339 2072 V.
1364 2023 1424 2089 pag.

257 2110 334 2178 887.
359 2111 390 2176 2.
415 2109 567 2182 Ἀθηναῖοι
593 2106 643 2170 ἐπί
667 2113 730 2177 τοῖς
752 2107 792 2170 εἰι
816 2109 889 2170 τῶν
914 2107 1101 2188 πολέμων
1126 2111 1323 2190 θαπτομένοις
1341 2108 1424 2188 ρίνοις

258 2215 497 2290 καταςήσασθαι
531 2212 602 2284 τοὺς
638 2212 821 2292 ἐπιταφίους
856 2212 1057 2292 ἀγορεύεσθαι
1092 2215 1205 2293 λόγους
1241 2217 1367 2283 δοκοῦσιν
1396 2214 1424 2276 ἒν

256 2325 332 2404 arria
364 2328 420 2396 τῆς
453 2319 519 2398 περὶ
543 2318 595 2384 τὸν
620 2316 749 2384 θοίνατον
772 2320 884 2399 οίρετιῖς
904 2358 945 2368 -
963 2319 1117 2402 ἐξετάζειν
1140 2322 1267 2402 οίθριενοι
1290 2325 1346 2388 δεῖν
1367 2320 1422 2390 τοὺς

257 2426 407 2509 ιίγαθοιίς.

302 2638 383 2726 Pag.
408 2633 486 2700 501.
509 2631 564 2701 28.
588 2630 674 2708 οὗτος
699 2633 864 2720 ἐγρνίψατο
887 2637 942 2710 τὴν
965 2635 1101 2717 Χαβρίαν
1125 2637 1237 2718 δωρεὰν
1261 2639 1303 2724 [έν
1321 2635 1339 2720 ᾗ
1355 2635 1421 2702 τοῦτ’

257 2746 336 2813 ένεςι
367 2741 402 2807 τί
433 2747 488 2814 τῆς
519 2741 666 2812 νίτελείας
698 2748 757 2808 τῶν
790 2741 889 2824 έκείνςν
920 2766 950 2807 τι
982 2741 1132 2828 δοθέντων]
1166 2744 1220 2809 καί
1255 2744 1324 2826 πρὸς
1357 2742 1422 2821 spir
1523 2785 1524 2826 ι

256 2851 396 2919 εἰσελθὼν
428 2848 553 2922 ἡττήθη.
600 2846 782 2913 Dobraeus:
815 2871 900 2926 „aon
931 2856 1043 2913 θααίαιιι
1074 2873 1139 2914 σανα
1162 2851 1287 2936 Taphra
1309 2851 1337 2914 έν
1359 2846 1421 2930 ρί-
1523 2831 1524 2850 ¹

255 2956 395 3024 δοθέντων
426 2952 512 3036 ορθοιό
541 2953 595 3016 aad
619 2974 685 3016 mcc
709 2950 786 3018 502.
813 2952 865 3018 12.
890 2953 921 3017 ἕν
944 2950 963 3035 ᾖ
985 2957 1070 3020 τοῦτ’
1093 2953 1422 3042 ένῆν.”ιι1151ιριιίι15ιιι

254 3062 348 3149 plane
369 3058 545 3145 persuadet

298 3167 466 3234 Praeterea
495 3163 620 3248 requiro
644 3161 696 3226 καὶ
722 3173 788 3228 ele
813 3165 895 3242 ὑμαῖς
919 3166 1058 3232 εῖσελθθν
1080 3187 1137 3252 pro
1160 3167 1244 3249 τρθι.
1290 3169 1419 3235 soma·

252 3279 302 3341 ter
331 3273 417 3338 enim
448 3268 719 3354 quemadmodum
743 3269 862 3338 dicitur
884 3271 927 3343 είς
950 3271 1119 3353 δικαςιίριον
1142 3275 1307 3360 είσελθεῖν,
1330 3269 1418 3340 sicad

252 3383 338 3466 ipsos
360 3376 481 3442 iudices
506 3375 552 3461 (τί
577 3374 746 3456 δικαςθριον
769 3377 924 3442 conadam
947 3380 1074 3444 nomine
1094 3378 1271 3468 collactiro)
1294 3379 1418 3446 dicebant

255 3487 297 3559 είς
322 3485 405 3561 ὑμᾶς
427 3481 572 3555 είσιῖλθον.

680 3730 798 3788 ΚΑΤΑ
821 3731 1019 3789 ΜΕΙΔΙΟΤ.

297 3907 378 3995 Pag.
402 3902 478 3970 515.
504 3900 558 3968 19.
581 3898 639 3983 ίσςι
663 3901 799 3968 πλείοσιν
823 3899 907 3977 οὗτος
932 3905 1091 3984 ἠνώχληκε
1111 3905 1163 3970 καί
1184 3908 1414 3986 ΠΕΡΙιὶγγελιιει

257 4055 298 4066 -
316 4015 407 4094 ἑώρων
431 4012 493 4090 γθιρ
515 4007 609 4074 αὐτὸν
628 4005 698 4089 ἄρτι
719 4011 774 4088 πρθ
793 4016 851 4075 τῶν
871 4010 1049 4092 δικαςαρίιον
1068 4005 1118 4076 οία
1138 4012 1232 4078 ε’ποίει
1251 4052 1292 4062 -
1309 4007 1415 4084 τοσιίτν

255 4125 379 4202 μᾶλλον
403 4114 516 4195 ἐλπίζω
541 4115 575 4180 τθ
599 4112 713 4179 δίκαιον
736 4110 823 4190 ἕξειν.
859 4116 1047 4205 Lugendum
1070 4119 1320 4196 ΠΑΡιίγγελιιεν.
1350 4113 1415 4180 Noa

253 4248 316 4295 usu
346 4221 583 4304 παραγγέλλειν
614 4226 646 4286 et
676 4221 887 4302 παραγγελία
917 4224 951 4286 in
982 4223 1112 4289 iudiciis
1134 4223 1292 4311 significat
1312 4219 1416 4298 amare,

247 4352 393 4422 ροοιιεονο
415 4328 535 4394 indices
558 4331 590 4394 et
609 4327 824 4414 pollicitando,
848 4330 995 4411 νορααιίο,
1016 4330 1195 4407 blandiendo
1210 4329 1337 4436 γνοθίονι
1351 4321 1416 4392 iudi·
