3080 4972
669 235 711 308 41

114 433 356 518 'carliacum
404 435 496 520 Sunt,
526 436 648 522 inquit,
684 436 737 520 qai
768 456 827 498 που
849 440 964 498 tantum
980 433 1121 518 publicae
1144 457 1210 520 epea
1232 432 1285 499 aed

109 545 224 627 privatur
253 567 366 631 qaoque
397 544 519 607 trahant
547 543 589 606 ad
620 564 689 606 cece.
742 541 802 622 Qui
831 558 950 606 ceurae
983 559 1069 607 Μυῖα
1097 541 1198 606 atatim
1211 542 1284 628 fert

107 653 226 734 ρίοαουιπ
258 658 287 715 et
319 650 460 714 laudibus
491 651 615 735 effertur
645 648 828 725 incoctum,
852 649 906 711 aed
926 648 959 711 νἰι
984 647 1092 712 iudicii
1116 649 1198 712 coita
1220 671 1285 712 ιονι-

114 758 199 822 tcctc'c'c
225 758 360 821 iudicum
392 757 600 820 condemnatae
631 777 691 818 eece
714 754 871 837 reperitur.
918 753 1042 819 Iudices
1063 773 1173 820 Pinum
1196 755 1286 841 plau-

113 863 179 928 dunt
197 867 357 949 primum,
382 861 437 926 sed
455 861 584 925 tandem
605 877 798 924 euuuceeou
816 859 954 924 eundem
972 859 1137 926 hominem
1156 859 1285 926 tabellis

113 969 316 1034 condemnant.
364 967 535 1051 Propterea
557 965 660 1030 addit:
685 967 777 1030 ταῦτ’
801 964 953 1041 α’πιςίαν,
977 968 1069 1031 ταῦτ’
1094 968 1185 1049 &pato
1206 965 1284 1050 ἔχει.

111 1074 253 1142 Novimus
276 1077 355 1139 istos
378 1074 504 1139 Atticos
525 1073 664 1150 iudiceS,

328 1180 381 1265 qui
403 1201 488 1262 εαορο
505 1186 629 1263 propter
651 1178 797 1242 inuidiam
820 1179 957 1244 adimunt
980 1181 1087 1260 dicta,

94 1316 96 1320 ·
331 1292 384 1348 cat
401 1292 525 1368 propter
549 1285 781 1349 misericordium
805 1287 921 1351 addant
941 1288 1082 1371 pauperi.

149 1389 267 1457 Terent.
293 1392 412 1456 Phorci.
437 1391 478 1454 II.
506 1391 536 1454 1.
562 1389 615 1454 46.

148 1497 231 1577 Quod
262 1503 372 1563 autem
407 1497 490 1561 dixit
522 1495 674 1561 ῶθοὶνατον
708 1497 733 1560 δ’
766 1492 842 1562 ἕνεκ’
866 1499 1048 1580 ἀσφαλείας
1071 1502 1219 1566 imitatus
1244 1507 1291 1566 eet

111 1602 249 1669 Libaniua
282 1607 316 1668 in
348 1602 577 1667 declamatione
608 1623 708 1687 nuper
731 1603 816 1668 edita
842 1604 986 1688 (Ηοννποο.
1014 1602 1113 1670 1874.
1136 1626 1209 1693 pag.
1236 1603 1289 1671 31.

113 1707 255 1792 20);ο1φ’
282 1707 320 1774 ὧν
344 1705 428 1780 οὗτος
451 1708 508 1787 μὲν
532 1708 684 1781 οὶθοὶνατος
707 1705 797 1773 ἕνεκα
820 1719 875 1784 τῆς
900 1715 973 1790 παρ’
999 1710 1070 1787 ὑμῖν
1092 1711 1288 1791 ἀσφαλείας.

111 1816 288 1900 Appellatur
308 1814 459 1886 ῶῶοὶνασος
480 1811 556 1878 ἕνεκ’
576 1815 759 1895 ἀσφαλείας
779 1835 866 1893 reus,
885 1819 940 1900 qui
952 1837 1080 1881 causam
1093 1823 1162 1881 tam
1174 1818 1291 1883 bonam

112 1918 210 1997 habet,
236 1928 276 1986 ut
300 1922 445 1987 damnari
469 1940 533 1985 non
554 1941 645 2005 posse
670 1920 833 1998 videatur,
856 1923 890 1985 in
914 1942 975 2007 quo
999 1923 1142 1988 iudicum
1162 1923 1293 2008 perfidia

111 2030 246 2094 cernitur.

149 2238 221 2328 Peg.
249 2238 327 2305 143.
350 2239 402 2304 14.
424 2237 549 2315 ἐξέπιπτε
564 2247 672 2314 -τῆς
695 2240 860 2314 ὑποθέσεως
882 2242 933 2323 ἐφ’
955 2237 987 2317 ἧς
1009 2242 1090 2319 ὑμῶς
1110 2245 1135 2307 οἱ
1156 2243 1293 2324 πρόγονοι

108 2345 266 2412 κατέλιπον
311 2348 362 2411 καὶ
400 2346 434 2410 τὸ
469 2347 525 2424 μὲν
562 2349 743 2426 cccccccccc
779 2354 837 2411 τῶν
874 2350 1028 2423 Ἑλλήνων
1063 2387 1103 2396 -
1137 2349 1292 2428 περίεργον

110 2453 260 2529 ἐπείσθητε
290 2449 385 2538 εἶναι,
414 2490 455 2501 -
480 2453 514 2518 τὸ
538 2454 564 2517 δ’
589 2455 618 2517 ἐν
645 2455 761 2538 ἡσυχία
786 2453 904 2532 διοὶρειυ
931 2489 943 2502 -
969 2455 1130 2531 θαυμαςὶρν
1154 2457 1295 2533 εὐδαιμο-

108 2559 168 2623 νίαν
198 2561 250 2624 καὶ
286 2562 404 2634 πολλὴν
436 2558 617 2637 σέσΦιὲλειαν
650 2560 733 2640 ἔχειν
765 2563 889 2625 orecte.
937 2558 1019 2625 Vera
1041 2559 1136 2627 lectio
1157 2563 1296 2626 ’ὪΙεσθε

108 2665 139 2727 in
168 2664 190 2730 S
222 2672 350 2734 servata
380 2671 447 2742 eet,
471 2666 525 2730 sed
549 2665 728 2731 inconsulto
753 2671 866 2751 spreta.
913 2666 985 2732 Non
1008 2667 1067 2732 hoc
1091 2671 1177 2732 enim
1201 2669 1296 2748 dicit,

107 2791 180 2854 quae
208 2797 289 2836 ποπο
319 2775 383 2838 aiut
414 2771 658 2837 Atheniensium
690 2773 868 2856 opiniones,
902 2772 956 2836 sed
988 2793 1040 2837 eos
1063 2773 1235 2858 pauHatim
1258 2776 1297 2841 ab

108 2880 232 2962 optimis
277 2880 400 2944 artibus
433 2881 594 2943 maiorum
618 2878 808 2944 descivisse.
856 2877 928 2943 Non
964 2878 1043 2943 dicit
1079 2879 1206 2957 ἐξέσοιτο
1243 2882 1295 2946 καὶ

107 2983 212 3063 οἴεσθε,
238 2985 294 3050 sed
319 2983 443 3059 ἕξέςατε
467 2985 519 3048 καὶ
544 2982 647 3066 ᾤεσθε.
683 2983 776 3050 Iure
801 2982 970 3048 simillima
993 2983 1083 3066 ᾤεσθε
1110 2993 1194 3052 recte
1217 2987 1298 3075 legi·

108 3093 156 3155 tur
178 3112 253 3179 pag.
283 3088 358 3156 117.
386 3090 415 3156 1.
440 3095 472 3156 et
499 3089 574 3156 117.
602 3088 654 3154 11.

146 3304 302 3371 Mendoae
333 3305 439 3370 editur
466 3327 541 3393 pag.
568 3304 643 3370 144.
669 3304 722 3370 22.
747 3300 767 3370 δι
794 3309 957 3388 σφαλερῶς
982 3306 1054 3385 ὑμῖν
1079 3307 1130 3370 καὶ
1155 3309 1295 3384 οὐδαμῶς

106 3408 233 3478 ἅπαντα
270 3418 373 3484 καλῶς
409 3409 487 3493 ἔχει.
534 3409 571 3474 In
606 3410 629 3475 S
663 3411 784 3499 legitur
815 3413 867 3476 καὶ
900 3413 1037 3490 οὐδαμῶς
1070 3411 1186 3477 ἅπαντ’
1219 3411 1297 3494 ἕχει.

106 3517 186 3596 Quid
218 3519 321 3585 lateat
350 3521 385 3581 in
410 3526 626 3582 OTAAMssc
650 3517 768 3583 frustra
791 3519 894 3583 adhuc
918 3539 1042 3604 quaero.
1090 3519 1300 3606 Perspicuum

105 3622 161 3689 hoc
196 3626 331 3712 quidem
355 3629 402 3688 eet
425 3628 632 3688 conecterem
656 3623 815 3709 aliquem,
843 3627 899 3710 qui
923 3628 956 3689 in
979 3625 1088 3691 eadem
1113 3625 1300 3694 difficultate

104 3728 267 3809 haereret,
295 3731 332 3795 de
356 3750 412 3795 suo
436 3737 538 3803 καλῶς
563 3732 751 3809 inseruisse,
777 3751 840 3816 quo
863 3730 947 3796 nihil
969 3730 1162 3817 proficimus.

147 3943 229 4030 Peg.
259 3938 336 4005 146.
362 3939 413 4006 20.
439 3940 472 4006 σι’
494 3943 565 4006 ποτ’
591 3936 639 4006 οὖν
662 3979 703 3989 -
724 3942 855 4020 τὸνμὲν
880 3939 956 4008 οὕτω
976 3951 1114 4026 Φανερῶς
1135 3946 1300 4014 ἀδικοῦντα

106 4081 119 4098 ·
142 4049 239 4122 οὐδεὶς
267 4048 393 4112 πώποτε
415 4055 599 4114 TOTTON
624 4045 708 4114 εἶπεν
732 4051 770 4120 ῶς
796 4049 899 4115 οὶδικεῖ
920 4050 972 4114 καὶ
996 4063 1210 4132 πολεμοποιεῑ,
1230 4057 1299 4129 τοὺς

106 4156 135 4218 δὲ
159 4159 204 4233 μὴ
231 4152 406 4232 ἐπιτρέπειν
431 4191 472 4202 -
498 4154 768 4233 συμβουλεύοντας
793 4154 915 4227 τούτους
941 4168 1155 4236 πολεμοποιεῖν
1180 4161 1298 4241 φασίν;

106 4256 148 4326 ὅτι
181 4263 239 4336 τὴν
277 4257 382 4323 αἰτίαν
413 4265 470 4323 τῶν
505 4261 539 4324 ἐκ
569 4267 621 4326 τοῦ
654 4259 790 4338 πολέμου
815 4263 1055 4341 συμβησομένου
1080 4265 1231 4346 δυσχερῶν
1258 4306 1299 4315 -

107 4375 166 4440 τοῖς
200 4367 280 4449 ὑπὲρ
315 4364 396 4443 ὑμῶν
427 4366 469 4430 ‘roi
493 4365 631 4445 βέλτατα
654 4365 960 4445 λέγεινὈΙΟμένοις
985 4366 1135 4458 [ἅπαντες
1160 4393 1223 4437 om.
1249 4372 1296 4460 S.]
