3026 4970
816 283 881 350 340

255 465 312 558 qui
330 472 480 554 ἀποδῷσιν
500 474 689 551 servaverit,
709 473 763 538 sed
787 477 844 540 aut
867 471 1016 540 ἀποδώσει
1040 477 1097 538 aut
1115 471 1265 539 ἀποδώσω
1284 471 1415 539 exhibent.

253 577 409 643 Immanis
432 578 636 644 soloecismus
659 579 758 644 εἰσόκε
772 615 814 628 -
827 581 978 646 ἀποδώσει
1000 581 1165 644 neminem
1188 578 1324 646 offendit.

302 683 439 750 Omnino
462 686 658 751 ooniunotiui
681 685 801 751 formae
824 688 859 751 in
883 724 924 736 -
939 694 1029 750 ΩΜΙ
1042 721 1081 734 -
1098 693 1230 750 cheA
1254 690 1287 751 et
1306 721 1342 734 -
1354 689 1418 747 illel

256 795 406 856 exeuntes
427 793 462 855 in
484 811 602 878 nragm
626 791 743 876 ubique
766 791 1108 882 periculkoersantur.
1131 789 1284 869 Ἐθέλομο
1305 801 1342 856 Α.
1360 785 1418 852 549.

257 904 296 961 Θ.
320 893 375 961 23.
401 905 426 960 I.
452 891 527 961 397.
551 901 589 977 Φ.
616 893 692 961 348.
717 895 841 978 Eiram
865 921 901 979 χ.
924 896 998 964 392.
1021 895 1129 976 'lanus
1150 907 1175 962 1.
1198 893 1275 963 414.
1295 896 1418 970 Κτείνομι

254 1025 284 1066 τ.
310 999 386 1067 490.
410 999 548 1083 'frixum
572 1010 611 1069 Ε.
637 999 714 1068 279.
740 1011 778 1068 Η.
803 1001 879 1069 243.
904 1027 941 1085 χ.
967 1001 999 1070 7.
1022 1023 1041 1068 a
1064 1000 1192 1070 Oritieis
1215 1006 1323 1070 eontra
1344 1000 1419 1066 libra

254 1110 404 1178 restituta
426 1111 512 1176 sunt.

426 1212 621 1296 Ἀλοὶλκοοσιν
644 1215 737 1280 rnatu
763 1213 845 1296 ἦμαρ
869 1241 897 1280 κ.
924 1213 1001 1282 288.
1026 1218 1059 1281 at
1082 1239 1117 1280 π.
1142 1212 1219 1281 282.

305 1399 311 1410 ,
442 1319 560 1388 ὁππότε
585 1344 636 1385 κεν
660 1321 855 1400 πολύβουλος
880 1321 920 1387 tet
944 1321 1035 1404 Φοεσὶ
1060 1323 1142 1405 θῇσιν
1165 1322 1289 1398 Ἀθήνη.

258 1431 338 1494 item
362 1427 490 1498 criticis
514 1427 682 1512 debentur,
709 1448 785 1500 uam
805 1428 926 1500 scribae
945 1428 1100 1498 dederunt
1119 1428 1295 1506 λλολκήσει
1314 1431 1344 1495 et
1360 1423 1420 1500 tiss

257 1533 310 1602 vel
332 1535 404 1604 eet.
633 1534 639 1544 '

305 1643 464 1723 Quoniam
492 1642 527 1708 τὸ
557 1646 633 1710 ibex
665 1649 763 1712 etiam
794 1649 829 1710 in
852 1645 944 1712 libris
967 1647 1196 1712 vetustissimis
1218 1647 1257 1710 ut
1279 1645 1314 1709 in
1332 1636 1423 1708 nostris

258 1752 377 1816 temere
399 1771 639 1837 nonnumquam
660 1753 850 1830 addebatur,
871 1754 1054 1838 saepissime
1074 1751 1300 1834 omittebatur,
1321 1761 1423 1816 sumna

257 1878 331 1922 eura
355 1853 466 1922 Ouitioi
485 1862 607 1925 veteres
626 1859 739 1925 docent
758 1858 835 1944 quid
855 1860 897 1922 sit
918 1857 1130 1923 scribendum.
1155 1856 1192 1921 In
1210 1855 1302 1921 Iliad.
1316 1848 1422 1921 11202.

256 1983 313 2048 pro
345 1971 602 2029 MHTIAAcae
633 1967 754 2049 optime
785 1964 987 2032 Aristarchus
1017 1962 1125 2029 addito
1157 1963 1235 2026 ἱῶτοο
1266 1956 1423 2028 amandavit

256 2065 293 2146 μ’
319 2069 478 2150 ᾐτιάασθε.
525 2070 576 2135 Ad
597 2070 636 2135 Il.
659 2083 693 2136 Β.
717 2070 792 2137 323.
817 2074 1002 2135 annotatur:
1026 2068 1060 2133 τὸ
1086 2068 1118 2134 δὲ
1141 2075 1284 2134 ΑΝΕΩΙ
1309 2065 1360 2133 ὦδε
1380 2061 1422 2142 μὲν
1495 2095 1496 2130 t

260 2171 311 2238 διὰ
336 2178 389 2240 σοῦ
414 2184 446 2251 Ι,
471 2173 521 2239 ἐπὶ
546 2175 655 2241 31τοῦ
1495 2155 1496 2174 4

603 2279 671 2357 ἡδ’
697 2280 788 2348 duest
813 2283 864 2358 δὴν
885 2282 937 2361 deo
962 2288 1012 2365 (ψ.
1038 2280 1106 2363 93).

260 2386 353 2469 χωρὶς
377 2391 430 2452 τοῦ
456 2396 480 2451 Ι.
504 2387 555 2452 Ad
577 2386 667 2452 Iliad.
692 2398 731 2454 A.
760 2388 834 2454 120.
859 2388 914 2453 σὺν
938 2389 978 2469 τῷ
1003 2398 1017 2453 Ι
1042 2387 1076 2451 τὸ
1100 2384 1223 2452 ἄλλΗΙ.
1249 2385 1288 2451 ll.
1310 2395 1344 2451 Χ.
1364 2376 1422 2446 473.

258 2493 344 2572 μετὰ
372 2497 425 2556 σοῦ
449 2503 463 2558 Ι
486 2491 648 2574 γοοίΦεσοοο
673 2492 823 2573 arator.
847 2504 885 2560 A.
912 2491 989 2560 607.
1011 2489 1080 2575 sige:
1105 2492 1291 2575 Ἀρίςοορχοο
1314 2491 1345 2556 τὸ
1370 2485 1422 2566 ἧχι

257 2598 349 2681 χωρὶς
372 2602 425 2663 σοῦ
451 2609 464 2663 Ι
487 2596 617 2680 γράφει.
666 2601 883 2689 Ambigebant
906 2610 939 2665 P.
965 2597 1041 2666 174.

393 2698 423 2775 t's
447 2730 481 2769 σε
504 2714 648 2772 ΜΕΦΗΕ
674 2705 797 2771 Aiacem
821 2706 964 2786 πελώριον
987 2706 1047 2787 οὐχ
1071 2705 1244 2783 ὑπομεῖναι.

175 2899 177 2902 ¹
256 2814 365 2876 utrum
389 2808 426 2888 μ’
451 2810 530 2892 ἔφης
553 2833 593 2877 an
614 2811 655 2889 με’
678 2818 740 2894 φης
765 2816 847 2878 esset
870 2811 1083 2877 scribendum.
1132 2809 1196 2890 Qui
1216 2831 1352 2894 ρσοοοοοο
1372 2821 1422 2870 esee

257 2916 439 2983 statuebant
467 2916 625 2983 addebant
655 2919 741 2983 terr.
801 2915 907 2984 Schol.
939 2916 1086 2994 Ἀλεξίων
1115 2915 1353 2995 μονοσυλλοὶβος
1383 2905 1420 2974 tri

258 3023 398 3100 ἐνεςῶτος
430 3022 546 3103 χρόνον.
580 3023 623 3090 nt
648 3022 700 3088 κο)
726 3023 780 3088 σὺν
804 3026 846 3104 σῷ
871 3033 885 3088 Ι
908 3021 1079 3104 rodebam.
1127 3019 1364 3087 Eiusdemmodi
1383 3035 1421 3080 au·

256 3131 377 3194 notatio
408 3128 528 3216 legitur
562 3130 602 3195 ad
632 3138 672 3195 Ε.
701 3127 776 3195 746.
802 3131 816 3194 ὁ
841 3125 978 3200 Σιδώνιος
1002 3125 1074 3193 ἄνευ
1098 3131 1151 3192 τοῦ
1177 3136 1190 3191 1
1215 3127 1249 3191 τὸ
1275 3126 1419 3203 δοὶμοΗῦΙ,

256 3236 270 3301 ὅ
294 3235 327 3300 δὲ
348 3234 534 3315 Ἀρίςοορχος
554 3233 608 3299 σὺν
627 3236 668 3317 τῷ
691 3245 715 3301 Ι.
749 3235 915 3301 Usitatum
935 3238 983 3300 est
1002 3236 1186 3299 etiamnunc
1208 3235 1272 3315 Φῄο
1294 3230 1419 3299 seribere,

253 3341 307 3406 sed
337 3361 430 3406 nemo
460 3340 577 3406 dixemt
606 3361 668 3426 quo
696 3342 825 3407 tandem
848 3345 940 3426 paeto
964 3361 1003 3404 ex
1027 3339 1113 3421 Φημί
1134 3343 1167 3402 et
1190 3336 1326 3417 δάμνημο
1350 3327 1418 3397 nasci

253 3449 394 3533 potnerit
423 3447 487 3528 Φῄο
520 3449 553 3510 at
583 3441 724 3527 totumue.
772 3445 970 3512 Dubitabant
1000 3446 1100 3510 etiam
1131 3447 1244 3509 utrum
1268 3443 1370 3508 HCAN
1390 3452 1419 3498 au

246 3559 388 3618 ,HICAN
411 3555 494 3616 esset
517 3553 623 3617 verius
646 3559 685 3616 Λ.
714 3550 767 3616 33.

410 3693 412 3696 -
484 3646 517 3729 ἣν
540 3655 607 3737 περὶ
632 3656 688 3734 μὲν
711 3657 815 3723 κύκλοι
841 3655 915 3723 dtus
937 3654 1072 3739 χοὶλκεοο
1094 3663 1220 3720 HCAN.

305 3762 410 3829 Schol.
433 3762 486 3827 a’dev
506 3759 561 3826 σὺν
581 3764 622 3844 τῷ
644 3772 657 3826 1
676 3763 841 3846 γοοὶφητοοο
863 3769 995 3827 ΗΙΟΛΝ
1016 3759 1272 3843 eratanostrae,
1296 3758 1345 3826 sed
1361 3751 1419 3837 {aas

257 3861 321 3935 non
349 3873 397 3934 est
419 3869 522 3934 forma
548 3867 729 3936 Homerica.
776 3869 813 3934 In
836 3873 925 3934 tanta
948 3868 1105 3934 scribendi
1127 3865 1323 3955 negligentia
1342 3861 1420 3928 etiam

259 3983 339 4039 XPH
370 3978 402 4038 et
431 3982 528 4039 XPHI
553 3975 825 4041 aonfimdebantnr
848 3984 887 4039 A.
914 3972 991 4040 216.
1014 3974 1073 4039 ubi
1089 3995 1127 4038 ex
1151 3969 1282 4039 Oomieo
1304 3969 1418 4037 menn:

234 4061 264 4104 Γ
349 4069 353 4078 ’
485 4078 546 4144 teob
570 4081 749 4159 κοέτοπσοον.
776 4080 843 4146 εἰπέ
867 4104 918 4154 μοι
943 4080 975 4144 rt
997 4090 1058 4161 χρῇ
1082 4077 1189 4160 τούτῳ.

258 4208 314 4275 pro
336 4185 434 4264 τούτῳ
458 4185 490 4249 ui
512 4197 583 4269 χρῇ.
630 4187 751 4252 Eadem
774 4188 973 4275 negligentia
996 4186 1148 4251 edebatur
1172 4185 1257 4272 apud
1280 4182 1420 4248 Platonem

258 4297 293 4360 in
314 4291 410 4377 He'qrp.
435 4291 546 4356 minore
564 4313 637 4380 pag.
661 4291 736 4358 369.
758 4312 787 4358 s.
811 4291 871 4357 vovi
894 4292 956 4372 γὰρ
976 4289 1046 4364 ἴσως
1067 4293 1098 4356 οὐ
1122 4294 1192 4373 χρὴ
1213 4292 1255 4373 τῷ
1274 4273 1419 4369 annuntii

258 4400 447 4483 τεχνήμασι.
493 4397 591 4463 Liber
614 4399 763 4484 antiquus
787 4399 882 4465 dabat
900 4406 987 4465 ΙΧΡΗ
1011 4418 1067 4485 pro
1090 4407 1165 4480 χρῇ.
