3034 4970
805 224 870 318 oco

243 445 415 510 necessario
444 446 492 506 est
522 440 754 508 eliminandum
785 448 818 508 et
848 464 968 532 magna
998 443 1124 508 Rhiano
1154 425 1298 509 habenda
1324 427 1410 530 gratia
1471 507 1474 514 ,

244 554 310 636 est,
335 569 431 635 quem
453 551 576 613 constat
598 549 634 613 in
656 545 807 634 Odyssea
819 559 858 615 A.
882 550 968 615 hunc
990 570 1121 616 versum
1143 552 1179 614 in
1201 569 1292 616 suam
1318 548 1411 614 editio

243 679 319 723 nem
347 675 411 721 non
441 656 603 738 recepisse.
651 653 770 718 Utrum
792 658 827 721 in
850 659 917 722 suis
939 655 1029 721 libris
1051 676 1116 721 non
1138 659 1291 742 repererit
1311 675 1347 720 an
1366 671 1412 718 auo

244 763 364 828 iudicio
390 780 467 828 usus
502 761 690 844 expunxerit
724 781 848 846 semper
880 762 1094 850 ignorabitur,
1130 765 1205 847 quia
1237 762 1298 827 hoc
1329 777 1415 824 unum

245 871 382 934 scimus:
406 861 491 937 οὗτος
515 865 529 928 ὑ
553 866 642 948 εἶχεν
667 864 699 929 ἐν
722 876 760 948 τῇ
784 868 870 933 κοντοὶ
893 868 1007 933 ‘Placia
1030 869 1084 933 οὑκ
1107 865 1151 943 ἦν.

288 974 338 1041 Ne
360 973 421 1038 hoc
444 971 574 1057 quidem
597 970 790 1038 dubitationi
809 974 982 1040 obnoxium
999 979 1048 1039 est
1067 976 1263 1059 quinetiam
1281 976 1317 1038 in
1333 970 1416 1037 nitere

243 1081 313 1148 loco
343 1091 378 1146 B.
410 1076 486 1143 195.
516 1097 584 1164 sqq.
607 1078 665 1142 ubi
688 1077 779 1142 iidem
802 1099 913 1146 versus
935 1086 1138 1166 repetuntur,
1162 1082 1197 1145 in
1219 1079 1337 1146 Rhiani
1357 1077 1416 1156 δινρ·

243 1189 329 1255 δώσει
354 1187 489 1252 omimua
511 1183 608 1248 fuerit
630 1204 678 1250 vs.
701 1180 778 1249 197.

382 1288 488 1358 πολλοὶ
511 1287 591 1366 μάλ’
614 1284 692 1355 icoc
717 1288 794 1356 ἔοικε
816 1293 913 1373 Φίλοις
937 1292 987 1357 ἐπὶ
1009 1293 1118 1366 ratiis
1140 1289 1280 1358 ἕπεσὺοιι.

245 1421 341 1488 quem
371 1399 427 1483 qui
456 1397 622 1481 supposuit
653 1394 858 1473 δινοκεοιιςὺς
890 1398 929 1463 de
959 1400 1026 1464 dote
1057 1401 1201 1486 cogitans
1231 1396 1420 1465 adumbrarit

244 1506 344 1575 verba
364 1503 633 1590 Agamemnonis:

383 1610 489 1674 πολλοὶ
511 1606 600 1687 μάλ’,
625 1603 689 1673 ὑπ’
713 1609 795 1675 οὑπον
810 1632 866 1682 τις
890 1612 923 1693 ἑῇ
947 1609 1080 1675 ἐπέδωκε
1103 1610 1244 1690 coierit.

247 1724 280 1787 et
306 1717 542 1806 grammaticus
572 1717 677 1781 nescio
708 1718 779 1800 quis
810 1718 865 1801 qui
896 1716 992 1783 rerba
1021 1716 1230 1801 interpolata:
1255 1712 1335 1781 ὑεσιι
1357 1712 1422 1778 ἔοικε

247 1825 343 1909 Φίλοις
376 1822 425 1888 εἰιὺ
458 1820 566 1893 accite
598 1816 725 1886 inscias
752 1823 787 1886 in
814 1820 951 1888 Scholiis
973 1824 1021 1888 ita
1041 1824 1286 1907 interpretatur:
1320 1819 1424 1885 ἔεδνοι

248 1929 306 1999 inc
337 1930 385 1994 δεῖ
414 1927 495 1992 ’elil
528 1936 565 2008 τῇ
598 1927 725 2008 εοιοιὺερ
754 1928 841 1994 rarii
874 1936 1082 1993 Alaocosl
1107 1927 1195 2007 rapit
1217 1933 1276 1992 τῶν
1300 1921 1424 2006 γνμοὺν-

248 2062 325 2113 τιον,
359 2055 422 2100 non
455 2035 637 2117 interpretis
669 2034 817 2122 fungitur
845 2055 995 2119 munere,
1026 2034 1081 2100 sed
1112 2036 1365 2100 comminiscitur
1394 2028 1426 2093 de

249 2163 307 2210 suo
322 2139 456 2224 'aliquid
485 2139 569 2224 quod
598 2139 728 2225 reliquis
759 2141 865 2206 serbis
899 2143 977 2206 satis
1004 2137 1177 2207 'commode
1211 2142 1316 2226 aptari
1347 2152 1426 2224 posse

247 2248 425 2319 videbatur.

294 2353 408 2420 Restat
437 2354 476 2414 ut
505 2350 669 2415 ostendam
700 2351 777 2436 quid
808 2354 851 2417 sit
881 2352 1055 2430 ὑνΦὺνειν,
1079 2353 1164 2419 unde
1186 2351 1314 2438 puellae
1338 2350 1428 2418 forma

250 2461 369 2530 eximia
390 2455 594 2534 citocotiam
620 2456 869 2542 appellabantur.
895 2459 1067 2542 Ἀλφὺνειν
1090 2464 1123 2525 et
1145 2459 1294 2537 εὑρίσκειν
1314 2456 1429 2543 propria

249 2569 283 2634 in
315 2563 483 2630 venditione
513 2562 610 2627 verba
634 2568 725 2640 sunt,
750 2565 875 2650 qnando
898 2586 961 2631 non
984 2567 1130 2633 venditor
1151 2570 1276 2630 certum
1299 2563 1430 2650 pretium

235 2671 391 2760 postulat
413 2668 468 2734 sed
491 2672 594 2733 emtor
616 2667 714 2735 offert.
762 2670 960 2756 Perpetuam
983 2674 1085 2760 igitur
1102 2671 1163 2737 h'oc
1182 2671 1321 2738 verbum
1340 2673 1386 2734 est
1400 2667 1430 2728 in

250 2775 460 2864 vectigalium
491 2772 648 2841 locatione
680 2780 713 2841 et
747 2777 942 2863 ubicumque
978 2781 1185 2844 emturientes
1214 2777 1380 2842 licitantnr
1404 2771 1432 2834 ct

251 2882 395 2972 augendo
418 2882 520 2966 pretio
543 2881 627 2946 inter
649 2901 681 2946 se
706 2888 838 2949 certant.
875 2883 938 2948 Res
961 2886 1030 2968 ipsa
1048 2904 1128 2968 qnae
1147 2886 1193 2948 sio
1212 2882 1320 2952 oblato
1339 2879 1431 2965 pretio

249 2991 371 3057 vaeniit
402 2987 520 3052 dicitur
541 2988 634 3064 raaia
657 2991 752 3067 εὑρεῖν
775 2994 807 3054 et
831 2989 915 3074 apud
938 2995 1059 3056 veteres
1083 2991 1174 3065 rapio
1197 2990 1335 3070 ὑλφεῑν,
1359 2981 1432 3050 unde

249 3092 414 3174 ειμοιλφὺς
438 3097 551 3158 natum
575 3098 622 3157 est
643 3094 936 3176 eternitatem
956 3106 1078 3173 κτῆμα,
1100 3095 1139 3160 de
1158 3114 1221 3180 quo
1239 3093 1307 3160 vid.
1329 3089 1431 3156 Ruhn-

248 3186 322 3270 ken.
346 3200 386 3265 ad
405 3197 490 3264 itm.
509 3220 582 3286 pag.
603 3199 681 3264 258.
702 3202 959 3282 ειμιιλΦέςοιτοντ
981 3202 1016 3266 εὑ
1035 3203 1129 3278 τιμὴν
1151 3201 1269 3275 πολλὴν
1293 3197 1430 3278 εὑρίσκον.

248 3308 283 3374 ri
303 3306 366 3386 γὰρ
390 3306 542 3386 ὑλφεῖν
566 3305 708 3384 εὑρίσκειν
729 3307 808 3385 isla,
829 3305 863 3383 ἐξ
878 3304 912 3372 οὑ
924 3305 1126 3387 καὶΌμηρος
1150 3303 1430 3384 οὑλφεοιβοὺοιο

249 3420 345 3481 aciei
374 3411 432 3483 τὰς
464 3410 660 3490 εὑρισκοὺοοις
692 3415 784 3490 τιμὺρν
814 3414 905 3492 βὺιος.
952 3414 1079 3480 Passim
1102 3433 1139 3479 eo
1162 3433 1258 3478 sensu
1280 3411 1431 3492 εὑρίσκειν.

247 3521 379 3608 legitur.
426 3515 662 3602 Theophrastus
698 3521 846 3585 Otnrcctt.
879 3518 932 3585 15.
966 3518 1018 3584 acl
1050 3524 1158 3584 πωλῶν
1187 3543 1217 3582 τι
1243 3519 1288 3595 ici
1323 3516 1431 3593 λέγειν.

249 3636 313 3700 τοῖς
346 3624 517 3702 ὠνουμένοις
549 3622 644 3688 ricco
678 3624 716 3690 civ
742 3625 903 3703 ἀπόδοιτο,
927 3625 1001 3690 ἀλλ’
1026 3626 1139 3705 ε’ρωτὺν
1171 3623 1211 3690 ri
1240 3622 1432 3702 siptacen

249 3729 392 3819 postulat
415 3735 452 3794 ut
474 3731 542 3814 ipse
565 3734 669 3795 emtor
692 3729 821 3798 definiat
844 3734 985 3817 pretium
1009 3732 1189 3817 offeretque.
1236 3727 1290 3795 Sic
1313 3731 1351 3793 in
1372 3744 1434 3794 νοο-

249 3836 405 3925 tigalibus
436 3835 520 3920 apud
552 3834 796 3921 Xenophontem
827 3837 894 3917 περ)
926 3837 1032 3918 πόρων.
1056 3856 1101 3903 1v.
1127 3835 1181 3902 25.
1205 3832 1272 3900 ὑοον
1292 3835 1328 3899 εὑ
1352 3832 1433 3900 τέλος

252 3940 416 4022 εὕρισκε
446 3947 505 4008 τῶν
538 3939 811 4023 attrectationi
836 3950 893 4008 τῶν
918 3945 949 4008 ἐν
972 3941 1142 4026 Δεκελείᾳ,
1167 3946 1208 4007 et.
1232 3959 1278 4006 lv.
1303 3939 1359 4004 40.
1383 3934 1436 4003 icc

252 4049 380 4128 πρὸτῆς
401 4047 514 4125 εἰρήνης
534 4045 689 4125 χρήματα
713 4046 876 4129 εὑριοκε
902 4048 944 4114 τοὺ
966 4048 1058 4126 τέλη,
1080 4055 1112 4114 et
1131 4047 1215 4132 apud
1234 4044 1436 4112 Aristotelem

257 4155 406 4218 Οοοονιοννν.
441 4149 472 4216 2.
504 4151 626 4224 iactans
658 4152 693 4216 ri
718 4153 887 4231 ἐλλιμένιον
918 4156 1047 4236 εὑρεῖν
1077 4154 1112 4218 ri
1140 4152 1320 4227 διπλάσιον,
1346 4149 1438 4240 effecit

254 4266 288 4325 ut
314 4256 484 4343 portorium
517 4257 607 4341 dupio
641 4259 752 4324 maiore
779 4260 880 4346 pretio
909 4263 1067 4327 locaretur.
1113 4258 1167 4326 Sic
1196 4257 1355 4346 quidquid
1383 4253 1437 4322 sub

253 4384 405 4454 praecone
448 4363 553 4427 vaenit
590 4364 682 4440 ειμὺρν
718 4366 812 4448 εὑρεῖν
847 4368 983 4447 dicitur,
1017 4368 1118 4442 servi,
1155 4368 1292 4450 captivi,
1326 4361 1438 4450 praed·
