3080 4972
823 229 866 302 60

289 415 458 512 Sequitur:
491 423 634 504 οὐδέτεροι
658 423 721 504 γὰρ
745 424 847 509 [πρὸς]
874 425 908 489 τὸ
932 434 970 505 τῇ
996 422 1084 489 πόλει
1109 421 1265 506 συμφέρον
1290 421 1413 488 σκοποῦν-

242 557 295 605 τες
318 531 382 598 οὔτ’
406 533 577 596 ἐπαινοῦσιν
599 528 670 595 οὔτε
693 529 924 612 δυσχεραίνουσι
946 532 982 595 τὸ
1006 534 1143 610 πρᾶγμα
1168 531 1245 595 αλλ’
1266 532 1306 601 ὥς
1325 527 1415 592 ἑκιίτε-
1512 599 1513 602 ¹

242 662 284 720 ροι
314 639 423 718 χρείας
457 637 509 704 καί
544 635 716 717 περιουσίας
747 634 879 717 ἔχουσιν.
927 635 1039 702 Nonne
1060 639 1265 722 perspicuum
1289 639 1335 701 est
1356 632 1414 714 πρίι

242 765 309 810 esse
343 740 568 810 resecandum?
598 742 755 808 Dicebant
789 741 983 819 ἀποβλέπειν
1017 743 1060 813 εῖς
1094 741 1149 808 vel
1183 741 1255 822 τρίς
1291 765 1337 825 τι,
1370 737 1415 803 scd
1513 797 1514 806 ,

228 857 367 950 Ισκοπεῖν
396 873 437 915 τι.
485 847 586 934 Saepe
617 846 689 929 τρίς
714 850 812 913 etiam
834 850 870 912 in
894 847 917 912 S
940 851 1068 934 propter
1091 847 1346 937 compendiolum
1366 864 1417 909 non

241 955 445 1022 intellectum
467 957 581 1040 periit,
606 957 697 1019 cuius
719 956 766 1020 rei
787 954 871 1020 infra
889 953 1036 1040 exempla
1055 973 1260 1039 expromam:
1280 971 1418 1020 nonnum-

242 1083 338 1148 quam
362 1061 518 1127 contrario
542 1080 645 1125 errore
667 1061 782 1126 vitiose
806 1061 955 1126 abundat.
1229 1131 1236 1140 ,

286 1168 349 1234 Pro
372 1166 545 1246 περιουσίας
567 1165 800 1250 Harpocration
822 1167 857 1229 in
884 1167 950 1231 auis
972 1164 1064 1232 libris
1088 1165 1278 1240 ΠΑΡουσίας
1297 1166 1419 1252 repperit

242 1297 274 1341 v.
307 1273 531 1353 Παρουσίαε
564 1273 632 1338 citri
664 1275 717 1337 τοῦ
750 1271 979 1353 περιουσία.
1012 1270 1206 1350 Δημοσθένης
1238 1273 1268 1336 ἕν
1299 1274 1340 1355 τῷ
1363 1271 1417 1351 περὶ

241 1377 423 1457 συντοίξευς.
450 1381 569 1442 -καῖ
595 1376 716 1458 Κροίτης
742 1378 878 1458 Θηρίοις·

607 1483 732 1565 ἔχοντες
755 1486 875 1561 sesses
897 1484 966 1564 βίον

606 1590 774 1672 παρουσίαν
797 1615 832 1656 τε
856 1589 1035 1672 χρημοίτιου.

287 1696 363 1764 Sine
386 1698 599 1764 controversia
619 1695 696 1761 libri
708 1699 770 1762 ‘sui
792 1699 874 1762 vitio
892 1697 1041 1782 deceptus
1061 1699 1125 1762 est:
1146 1700 1351 1781 nequeenim
1368 1720 1419 1762 πα
1515 1699 1516 1748 ι

241 1812 336 1885 ρεῖιαι
356 1800 516 1890 significat
534 1809 679 1867 πλουτεῖν
698 1823 799 1888 neque
819 1803 971 1877 παρουσία
991 1803 1056 1867 dici
1075 1806 1179 1888 potest
1197 1823 1254 1888 pro
1264 1802 1418 1885 περιουσία.
1515 1827 1516 1872 ι

241 1909 341 1995 Saepe
384 1908 668 1994 Harpocrationem
703 1911 837 1974 vitiosae
871 1907 1022 1974 lectiones
1054 1911 1089 1972 in
1124 1907 1279 1975 ioculares
1312 1927 1418 1974 errores
1515 1891 1516 1914 ί

242 2016 446 2082 induxerunt.
493 2014 597 2080 Nemo
620 2015 688 2080 sine
710 2016 778 2079 risu
800 2014 888 2101 leget
911 2035 991 2100 quae
1015 2016 1141 2099 scripsit
1163 2037 1194 2081 v.
1221 2013 1373 2096 ’Λπρίτυι
1393 2018 1420 2078 et
1514 2046 1515 2054 ι

242 2144 276 2188 v.
301 2119 465 2203 Κλιαοίζη)
489 2122 547 2186 ubi
571 2123 705 2188 coniecit
727 2126 826 2202 ipsos
849 2125 882 2187 et
904 2119 1067 2204 βλιμνίζη,
1092 2120 1148 2186 sed
1170 2142 1245 2188 vera
1268 2120 1360 2187 lectio
1379 2123 1419 2185 est

241 2226 409 2306 Παρνίπυν
440 2231 471 2292 et
495 2224 684 2307 Κλιροακίζη.
731 2225 824 2307 Παροί
847 2231 880 2293 et
903 2226 973 2308 περί
994 2229 1061 2292 iam
1084 2231 1157 2291 tum
1179 2229 1215 2290 in
1237 2224 1334 2294 Godd.
1359 2245 1420 2291 oon·
1515 2237 1517 2302 j

239 2333 462 2399 findebantur.
494 2333 558 2400 vid.
589 2331 777 2419 Harpocrat.
802 2357 834 2401 v.
860 2335 1036 2414 Περίςασις.
1082 2330 1213 2398 refellit
1234 2333 1319 2400 idem
1342 2352 1419 2397 men·
1515 2333 1516 2340 ’

239 2438 317 2506 dum
336 2437 465 2504 Aelium
486 2438 680 2526 Dionysium
700 2440 729 2503 ἐν
749 2447 813 2513 τοῖς
825 2443 982 2512 Ἀττικοῖς
994 2439 1165 2516 Ὀνόμασιν
1176 2439 1261 2525 apud
1272 2438 1416 2504 Photium

239 2568 271 2612 v.
301 2546 524 2625 Παρουσίαε
548 2544 681 2623 λέγεται
704 2542 797 2618 οὕτως
821 2547 872 2611 ἐπὶ
896 2555 952 2621 τῆς
975 2551 1033 2611 τῶν
1058 2544 1214 2624 παρόντοιν
1238 2543 1415 2625 δαψιλείας,

238 2656 277 2725 ὡς
300 2651 352 2718 καὶ
378 2653 408 2715 ε’ν
428 2652 470 2733 τῷ
495 2649 660 2724 Πλοίτυνος
685 2650 804 2717 Φοίανι·

555 2759 593 2831 ὡς
617 2757 668 2823 καῖ
693 2763 744 2823 νῦν
768 2755 881 2839 ἔχομεν
906 2761 1086 2838 παρουσίας.

238 2866 292 2931 καί
316 2863 396 2931 πολύ
420 2864 481 2934 ἒςιν
506 2863 555 2928 ἐπὶ
579 2863 687 2931 τούτου
712 2868 785 2945 παρ’
810 2867 916 2938 αὐτοῖς
943 2864 1040 2952 (male
1063 2868 1227 2954 corrigunt
1244 2859 1415 2949 Ἀττικοῖς).

239 2971 344 3039 Nemo
374 2991 529 3055 umquam
560 2991 596 3036 eo
624 2991 717 3037 sensu
741 2977 797 3038 eut
824 2972 907 3037 dixit
930 2976 986 3037 eut
1009 2973 1113 3038 dicere
1135 2975 1242 3058 potnit
1263 2969 1417 3054 παρουσία.

238 3077 332 3143 Plato
353 3073 502 3144 Comicus
525 3077 664 3142 duent:

556 3185 594 3256 ὡς
619 3183 670 3248 ιιαῖ
696 3187 747 3249 νῦν
770 3181 885 3266 ἔχομεν
908 3185 1090 3266 περιουσίας.

229 3315 290 3380 pro
317 3289 470 3376 ρνοοεσαίῖ
500 3289 601 3374 copia,
634 3294 671 3354 ut
699 3290 1061 3376 pseudoDemosthenes
1090 3293 1129 3363 ὥς
1158 3288 1293 3370 ἑκάτεροι
1316 3286 1418 3371 χρεῖαι

238 3398 291 3464 καὶ
323 3396 497 3479 περιουσίας
529 3393 654 3476 ἔχομεν.
703 3393 808 3481 Ipsius
837 3396 986 3485 Dionysii
1009 3417 1146 3464 errorem
1171 3417 1237 3462 esse
1261 3394 1419 3482 sequentia

238 3505 465 3570 demonstrant.
513 3499 577 3566 Sed
599 3501 639 3567 ad
660 3504 836 3568 orationem
859 3508 1010 3570 revertor.

284 3606 441 3676 Continuo
472 3610 632 3693 sequitur:
664 3608 725 3686 ἐγὼ
755 3608 787 3674 δὲ
817 3613 907 3675 τοῦτο
938 3610 994 3688 μὲν
1027 3609 1092 3676 οὔτ’
1128 3608 1167 3676 av
1198 3605 1420 3687 εἰσηγησαίμην

237 3716 303 3785 οὔτ’
327 3713 365 3780 ῖιν
390 3714 447 3803 (sio
470 3713 505 3801 S)
530 3713 705 3792 οίντείποιςοι
731 3717 783 3798 [ὡς
807 3718 840 3782 οὐ
865 3716 913 3782 δεῖ
934 3714 1144 3800 tacitatacita}
1166 3722 1302 3795 παραινῶ
1321 3711 1418 3794 μέντοι

238 3829 362 3890 σκοπεῖν
392 3817 653 3900 καῖ’λοηίζεσίαι
686 3823 759 3902 πρὸς
792 3823 873 3899 ὑμεῖς
907 3822 1019 3896 αὐτοὺς
1044 3820 1090 3888 ὅτι
1113 3823 1275 3904 τοίργιίριον
1299 3820 1353 3899 μέν
1374 3817 1419 3884 ε’ςι

237 3935 347 4001 τοῦτο,
379 3926 445 4008 περῖ
478 3929 553 4012 (nou
584 3926 670 4013 ὑπέρ)
701 3924 736 3993 οὖ
761 3929 968 4008 βουλεύεσθε,
993 3931 1116 4010 μικρόν,
1143 3930 1178 3995 τδ
1203 3928 1229 3992 δ’
1252 3927 1313 4000 tea
1335 3922 1419 4004 μέγα

237 4035 251 4105 δ
283 4035 431 4116 γίγνεται
462 4034 548 4111 μετὰ
579 4025 697 4099 τούτου.
747 4033 822 4101 Sine
854 4057 944 4102 more
976 4035 1046 4101 dele
1069 4035 1244 4100 absurdum
1267 4030 1420 4099 emblema

237 4148 276 4217 οῖς
308 4145 340 4208 οὐ
368 4142 417 4206 δεῖ
445 4138 631 4232 λαμβάνειν.
678 4139 749 4226 Hoc
780 4163 882 4208 unum
914 4142 1021 4208 deerat
1044 4146 1082 4207 ut
1102 4146 1175 4228 post
1197 4134 1419 4220 εἰσηγησαίμην

237 4269 361 4342 quoque
385 4247 532 4313 additum
556 4251 637 4314 esset
659 4250 698 4321 οῖς
722 4247 770 4313 δεῖ
789 4248 978 4330 λαμβάνειν.
