3026 4970
655 231 721 304 299

109 419 242 497 duellum
263 420 383 496 formae
401 425 486 511 apud
503 425 684 494 Homerum
703 450 766 495 non
784 429 952 518 legrmtnr,
973 436 1005 495 εδ
1024 433 1059 495 in
1078 430 1196 516 plurali
1216 429 1284 496 sola

109 541 192 602 tertia
210 537 292 604 δι’τοιν
316 536 487 618 comparet.
531 533 721 600 Homericae
743 537 846 622 igitur
868 534 989 602 formae
1011 538 1128 602 Atticis
1148 542 1222 602 sunt
1241 538 1283 602 si·

108 643 265 708 millimac.

125 802 128 807 .
147 749 312 815 Homerus.
812 749 924 812 Attici.

147 856 230 937 ιήδειι
254 859 285 919 εδ
309 855 381 917 ante
403 851 548 918 vocalem
570 852 646 934 εήδε’
681 900 689 918 .
715 899 723 916 .
749 899 756 916 .
784 902 790 916 .
816 853 870 935 ήδν

148 961 243 1042 ιήδής,
268 958 398 1040 τήδήσήοι
413 1003 794 1024 ............
820 957 935 1040 ήδκτήον

147 1067 242 1149 ιήδεε,
268 1066 345 1148 τήδει
369 1070 402 1129 εδ
425 1069 497 1130 ante
511 1110 792 1129 .........
818 1065 880 1148 ήδει
906 1071 938 1130 εδ
961 1071 1033 1130 ante

188 1171 332 1239 vocalem
355 1168 432 1252 ιήδε’
456 1173 512 1234 aut
535 1170 628 1250 ιήδειν
651 1217 794 1235 .....
863 1170 1006 1238 vocalem
1030 1171 1118 1254 ήδειν.

146 1278 255 1344 Dualis
279 1281 327 1342 est
349 1277 383 1342 in
405 1277 513 1341 Attica
535 1277 569 1339 in
592 1275 728 1340 secunda
751 1279 783 1341 εδ
806 1279 901 1342 tertia
924 1277 1008 1359 ήενιν.

145 1383 282 1449 Pluralis
304 1385 338 1447 in
361 1383 466 1467 prima
489 1371 521 1446 εδ
543 1381 679 1446 secunda
703 1378 798 1462 ήσμεν
823 1388 856 1448 εδ
879 1379 944 1464 ples.

106 1541 108 1547 .
147 1487 250 1555 Tertia
274 1487 407 1574 pluralis
428 1487 513 1572 apud
535 1487 715 1552 Homerum
738 1491 786 1553 est
809 1487 910 1565 ricco,
935 1490 969 1552 in
993 1490 1101 1554 Attica
1124 1485 1213 1570 ήσιον.

146 1595 357 1680 Imperativus
376 1597 424 1658 est
444 1592 528 1678 apud
547 1590 727 1658 Homerum
747 1593 835 1677 rictr,
855 1593 937 1668 είςνι,
957 1597 992 1657 in
1009 1596 1118 1659 Attica
1132 1593 1283 1679 ironico.

147 1699 315 1785 Optativus
336 1701 371 1766 in
394 1700 503 1764 Attica
525 1705 574 1764 cst
597 1697 720 1775 elicias,
746 1699 830 1784 apud
851 1699 1032 1764 Homerum
1054 1701 1185 1775 relicino.

147 1803 374 1872 Coniunctivus
405 1807 439 1868 in
470 1806 578 1870 Attica
608 1805 693 1882 εἰδῶ,
727 1805 825 1887 εἷδής,
860 1805 944 1886 εἰδῇ,
981 1806 1126 1884 εἰδῶμεν,
1163 1807 1283 1883 εἰδήτε,

107 1912 229 1986 εἰδῶσιν,
251 1912 336 1999 apud
355 1910 536 1975 Homerum
556 1909 654 1986 ιιδέω,
674 1909 782 1995 nitar,
801 1911 877 1993 ειδέή
896 1916 929 1976 εδ
947 1914 982 1976 in
1003 1911 1123 1998 plurali
1144 1919 1286 1998 correpta

105 2018 200 2084 vocali
222 2017 354 2094 εεήδομεν
379 2021 411 2081 εδ
433 2016 554 2081 εείδετε.

144 2123 325 2190 Infinitirus
355 2127 403 2187 est
432 2123 467 2188 in
497 2123 605 2187 Attica
635 2122 762 2208 εδδένοιι,
795 2125 879 2210 apud
909 2124 1090 2191 Homerum
1122 2124 1222 2204 εδδμεν
1254 2130 1286 2191 εδ

105 2231 244 2308 δι’δμενοοι.

144 2337 357 2422 Participium
378 2337 462 2422 apud
481 2336 689 2402 Athenienses
709 2342 757 2402 est
775 2337 876 2422 εἰδώς,
900 2339 1014 2413 εδδνῑον,
1039 2336 1116 2410 εἶδός
1138 2344 1170 2403 et
1193 2360 1287 2403 συνει-

105 2443 164 2522 lla,
196 2443 283 2529 apud
311 2441 492 2508 Homerum
524 2443 638 2520 εειδώς,
668 2443 797 2521 τειδότε,
825 2443 950 2516 τειδότες
974 2448 1006 2510 εδ
1027 2444 1141 2520 τιδυῒοο,
1165 2443 1285 2529 ειδκδήσι

104 2551 297 2632 τρκτδδεττι.

143 2657 305 2722 Futurum
335 2659 383 2720 est
413 2655 498 2738 apud
527 2654 708 2720 Homerum
739 2656 874 2735 ιεδτομοοι
904 2662 935 2722 εδ
958 2656 1096 2735 εειδήοο,
1120 2659 1155 2723 in
1178 2659 1287 2724 Attica

102 2764 164 2828 sine
187 2763 388 2850 digammate
411 2759 533 2838 εἴτομκι
558 2766 590 2826 εδ
612 2761 731 2837 εδδήσω.

143 2869 244 2952 Ἑήδεοι
269 2867 354 2952 apud
376 2865 556 2931 Homerum
580 2867 630 2954 (ut
652 2867 835 2944 ἕτετοδήεον,
859 2869 1029 2945 ε’τεδήτεοο,
1049 2868 1181 2956 alaysa)
1204 2868 1286 2956 legi·

103 2979 152 3040 tur
175 2984 209 3043 Ξ.
234 2972 288 3041 71.

235 3081 325 3162 εήδεοο
348 3081 404 3158 μὲν
427 3080 491 3159 γάρ
515 3075 565 3145 ὅτε
590 3078 729 3162 πρόφρων
754 3089 919 3147 Δοοοοοοῖσιν
944 3079 1071 3160 ἀμκοεν.

104 3191 133 3250 εδ
155 3184 235 3252 elisa
255 3185 373 3251 ultima
396 3192 468 3251 ante
491 3186 635 3252 vocalem
659 3197 697 3252 Θ.
723 3186 801 3254 366.

239 3293 264 3357 εἰ
291 3291 353 3372 ράρ
377 3292 438 3369 ἐγὼ
462 3291 537 3357 τάδε
558 3291 635 3374 κήδε’
658 3291 698 3357 a}
724 3293 842 3374 φρεσίν.

103 3398 181 3463 εδδ.
208 3395 283 3464 754.
308 3398 384 3480 τήδέ
407 3399 468 3475 ἐγὼ
491 3396 566 3462 τάδε
591 3396 714 3473 τάντοι,
740 3403 772 3464 εδ
796 3423 819 3463 ν.
847 3397 923 3464 340.
947 3397 1023 3480 εήδε’
1046 3394 1061 3463 ὃ
1085 3399 1228 3474 νοςήσεις.

145 3502 308 3570 Secundae
330 3523 480 3588 personae
503 3503 688 3589 exemplum
712 3509 760 3570 est
783 3528 816 3570 οι.
843 3502 918 3570 337.

237 3609 343 3674 τολλά
366 3609 429 3690 pap
454 3607 543 3674 ἀλλον
565 3611 679 3691 βροτῶν
703 3611 865 3692 θελκτήριον
889 3611 987 3692 τήδκς.

104 3719 134 3780 εδ
155 3740 187 3781 τ.
211 3714 265 3780 93.

237 3820 345 3888 πάντοο
368 3821 431 3901 ylo
453 3815 487 3886 εὖ
510 3823 627 3903 τήδκσά’
651 3822 717 3887 ἐπεὶ
742 3823 777 3899 ἐξ
799 3824 874 3902 ἐμεῦ
898 3821 1005 3896 ἔκλυες
1029 3826 1139 3898 αὐτῆς.

146 3926 184 3992 ln
205 3931 302 3995 tertia
324 3949 456 4014 persona
479 3935 553 3993 sunt
575 3929 681 3995 multa
703 3931 785 3996 vitia
807 3936 839 3996 εδ
862 3951 989 3996 errores.
1027 3928 1121 3998 (lenta
1143 3932 1291 4021 analogia
1393 4011 1395 4016 ¹

104 4037 136 4098 et
166 4041 336 4121 perpetuus
366 4037 512 4100 omnium
534 4056 611 4100 usus
634 4039 800 4121 requirunt
822 4038 924 4119 ιήδεε,
949 4039 1026 4119 εήδει
1051 4043 1082 4103 εδ
1105 4046 1177 4105 ante
1199 4061 1291 4107 voca-

102 4139 169 4204 lem
200 4140 276 4224 εήδε’
312 4147 369 4206 aut
403 4141 506 4224 εήδειν.
565 4141 880 4228 Plusquamperfecta
914 4144 1171 4223 ὑτερδισήλλοιβοι
1207 4147 1292 4231 apud

103 4243 282 4314 Homerum
312 4251 485 4313 sexcenties
508 4255 624 4340 ereunt
646 4252 680 4314 in
694 4288 735 4298 -
751 4258 789 4316 el
814 4254 870 4314 aut
892 4251 927 4314 in
940 4289 981 4298 —
997 4260 1068 4317 elN
1092 4253 1120 4316 si
1148 4255 1292 4337 seqnitur

104 4353 235 4422 amalis:
267 4353 398 4432 ἀνώγει,
428 4353 547 4436 ἀρήρει,
578 4355 730 4434 βεβήκει,
761 4355 1001 4445 ἀμφιβεβήκει,
1033 4357 1205 4438 βεβλήκει,
1234 4381 1289 4440 με·
