3026 4970
746 301 749 307 ε
814 250 879 322 304

293 443 439 511 Pellucet
468 445 504 507 in
534 442 586 507 his
613 444 764 508 'omnibns
795 465 872 511 vera
900 442 997 510 lectio
1021 441 1241 516 συνσΚωΧόσε,
1273 443 1328 507 sed
1357 439 1420 506 nihil

248 571 327 636 opus
351 555 398 615 est
421 551 600 616 coniectura
622 553 697 634 quia
719 551 817 635 proba
840 556 872 614 et
896 553 1026 635 antiqua
1049 553 1205 634 scriptura
1228 548 1315 633 apud
1336 547 1420 634 Hesy-

247 657 357 722 chium
383 655 554 721 incolumis
579 658 681 721 evasit
703 657 795 721 haec:
822 654 1078 737 Συνυκωχόνεε
1109 652 1419 731 ἐπνσυμννενντωκᾶτες.

247 763 457 841 συνσκωχὴ
482 763 545 840 χωρ
568 763 585 836 ἡ
610 761 801 837 σύμπτωσις.
850 760 937 825 Olim
960 763 1034 826 hinc
1058 761 1287 827 Valckenarius
1311 765 1419 846 poetam

246 870 334 953 turpi
364 867 480 932 mendo
507 866 657 933 liberarit
680 867 720 932 ed
743 868 954 931 Ammonium
977 889 1051 955 pag.
1075 867 1129 932 24.
1154 868 1209 931 sed
1231 867 1339 931 surdis
1360 867 1419 930 ceci·

246 977 295 1039 nit
326 975 470 1038 auribus:
501 993 603 1057 nequo
634 972 799 1037 Bekkerus
829 973 955 1039 audivit
983 995 1085 1059 neque
1107 993 1247 1059 nuperus
1269 972 1380 1037 Editor
1396 969 1419 1034 la

245 1081 367 1164 Rocho,
391 1080 446 1145 sed
468 1083 600 1162 uterque
618 1080 773 1145 vitiosum
793 1077 984 1158 συνοχωκότε
1003 1079 1138 1145 fideliter
1158 1081 1310 1144 servarit.
1346 1077 1419 1142 Mon·

246 1193 325 1253 strat
349 1193 456 1252 tamen
480 1190 565 1249 certa
588 1183 734 1271 analogia
757 1186 856 1250 riam.
891 1185 939 1249 Er
960 1183 1022 1264 ἔχω
1042 1186 1199 1263 formatur
1218 1183 1345 1268 ὄκωχυν,
1364 1185 1417 1247 ὀνω-

244 1293 289 1374 at
323 1297 355 1356 et
384 1289 565 1371 ὀκωχεύενν,
596 1294 628 1354 et
655 1296 693 1354 ut
722 1289 988 1366 ὄπωπεν-ὀπωπή
1018 1295 1063 1356 sic
1085 1294 1169 1356 inter
1191 1312 1224 1356 se
1245 1290 1418 1376 respondent

246 1396 402 1476 συνσκωχή
424 1403 455 1462 et
479 1395 651 1474 συνόκωχω.
677 1396 877 1478 Συνυκωχόσε
901 1402 948 1462 est
972 1402 1029 1461 τῶν
1054 1394 1145 1474 ἅπαξ
1168 1395 1347 1477 εἰρημένων,
1371 1413 1417 1480 quo

243 1503 369 1569 facilius
401 1505 574 1587 scripturae
597 1493 716 1567 ritium
740 1505 846 1586 potuit
869 1501 926 1567 diu
947 1503 1059 1580 latero,
1084 1503 1139 1568 sed
1163 1503 1300 1582 -νκωχή
1324 1499 1416 1565 multi·

242 1608 360 1696 plicam
392 1607 515 1694 prolem
545 1609 659 1695 gennit
688 1608 847 1692 ἀνακωχή,
876 1608 1023 1690 δνοκωχή,
1050 1608 1217 1691 ccccxcxvi
1242 1612 1274 1673 et
1297 1603 1417 1671 acroat-

241 1738 357 1794 χνμυς,
377 1714 559 1795 μετοκωχή,
582 1713 765 1792 πωρυκωχή,
789 1717 958 1794 περνυκωχνὶ
980 1721 1012 1780 et
1031 1715 1205 1793 συννκωχή,
1227 1735 1307 1799 quae
1327 1702 1417 1779 omnia

242 1823 327 1907 apud
358 1823 524 1906 scriptores
559 1818 680 1884 Ionicos
710 1825 741 1884 et
772 1825 894 1886 veteres
923 1822 1047 1886 Atticos
1070 1823 1281 1907 reperiuntur.
1315 1819 1417 1884 Recen-

242 1929 306 1993 tior
331 1927 432 1992 forma
455 1930 504 1990 est
528 1925 636 2004 -υχῆ,
663 1924 782 2003 dccxci,
807 1914 951 2008 νωτοχνὶ,
972 1929 1115 2006 μετοχή,
1136 1927 1278 2007 σωρσχῆ,
1298 1922 1415 2003 συνοχή,

242 2036 280 2097 ut
300 2032 384 2116 apud
403 2031 592 2097 Erotianum
616 2032 833 2111 Συνσκωχήε
859 2035 993 2112 συνοχή,
1014 2038 1107 2099 retus
1126 2033 1230 2098 forma
1253 2052 1326 2096 cum
1347 2047 1417 2095 nora

243 2139 443 2222 componitur
478 2142 510 2202 et
534 2140 579 2202 sic
603 2139 727 2222 saepius
749 2138 833 2222 apud
857 2138 946 2203 alios.
971 2139 1010 2202 cf.
1034 2127 1112 2202 Noc.
1137 2139 1232 2202 heac.
1256 2128 1326 2225 pag.
1354 2133 1415 2200 168.

243 2242 521 2323 Quemadmodum
543 2245 646 2330 igitur
668 2245 826 2323 συνυχωκή
850 2243 932 2308 nihil
955 2249 1022 2319 est,
1049 2247 1094 2309 sic
1117 2243 1282 2325 συνόχωκω
1307 2261 1415 2327 quoque

242 2348 412 2413 manifesto
432 2354 480 2412 est
497 2348 686 2433 barbarum,
707 2356 740 2414 st
758 2349 936 2414 Scholiasta
955 2353 1011 2434 qui
1026 2351 1137 2414 scribit
1148 2349 1349 2430 σννυχωνόνεε
1362 2345 1413 2412 chri

243 2459 304 2519 τοῦΙ
319 2453 501 2545 συνέχεσθαι
526 2459 557 2518 et
581 2459 741 2540 componit
764 2459 895 2538 συνοχή,
921 2459 988 2521 sine
1008 2459 1221 2523 controversia
1238 2477 1344 2524 veram
1363 2454 1414 2518 lec·

242 2563 364 2625 tionem
392 2559 529 2624 habehat
561 2562 600 2625 ob
631 2560 738 2627 oculos
769 2561 977 2641 συνυκωχόσε,
1010 2568 1041 2628 et
1069 2563 1240 2636 Erotianus
1263 2559 1412 2638 Συνυκωχνὶ

242 2687 305 2731 non
329 2667 435 2751 potuit
457 2687 531 2731 cum
551 2664 722 2733 Homerico
743 2667 933 2748 συνοχωκότε
952 2688 1147 2753 comparare,
1168 2669 1223 2734 sed
1242 2664 1415 2746 σννννυχὸσε

244 2772 381 2838 dederat.
417 2769 599 2862 Invcluerat
620 2780 729 2838 autem
748 2773 847 2839 semel
867 2795 952 2839 error
972 2775 1055 2858 apud
1079 2757 1238 2858 seduiores
1262 2770 1415 2840 Graeculos

243 2883 331 2944 ortus
364 2882 395 2944 et
423 2899 498 2943 vera
528 2881 684 2963 scriptura
714 2879 831 2964 ubique
855 2878 1041 2965 interpolari
1063 2885 1174 2964 coepta
1197 2884 1257 2958 est,
1282 2899 1370 2963 quam
1390 2877 1415 2938 et

244 2984 389 3071 analogia
420 2984 499 3048 duce
530 2989 562 3049 et
592 2983 750 3073 Hesychii
781 2991 865 3051 certo
897 2987 1081 3051 testimonio
1108 2987 1238 3052 tandem
1265 2979 1414 3068 aliquando

243 3090 383 3156 Homero
406 3090 586 3156 reddamus.

289 3196 325 3260 In
356 3199 473 3281 quanto
504 3195 644 3281 periculo
674 3198 793 3282 ubique
822 3204 965 3264 versatae
995 3200 1060 3263 sint
1085 3199 1206 3264 formae
1230 3199 1368 3281 antiquae
1388 3194 1415 3255 et

243 3302 401 3370 obsoletae
413 3306 444 3367 et
458 3299 623 3369 Graeculis
634 3304 798 3370 inauditae
810 3308 936 3394 saepius
948 3304 1120 3392 diligenter
1131 3302 1413 3371 demonstravimus.

788 3613 888 3680 XVII.

631 3826 796 3889 '‘HNGTO
813 3861 853 3871 —
864 3826 1043 3890 ’‘HNTTO.

202 4109 203 4112 Ἴ
289 4034 404 4099 Editur
427 4033 540 4120 Odyss.
564 4054 593 4099 n.
620 4033 696 4099 243.

383 4143 484 4219 ccccc
510 4137 523 4206 ὃ
547 4140 684 4216 τάμνετε
709 4141 817 4221 dorica,
842 4143 909 4214 θεῶν
935 4139 967 4206 δέ
990 4165 1027 4206 νυν
1053 4140 1150 4216 ἥνΤτυ
1175 4140 1282 4220 νέρχσν.

245 4269 329 4316 vera>
349 4246 444 4313 lectio
475 4252 523 4312 est
554 4249 669 4324 dcem
693 4268 770 4312 nam
794 4247 881 4322 ἤνυτο
905 4248 1043 4332 quidem.
1057 4246 1141 4312 nihil
1165 4253 1228 4312 est:
1251 4243 1414 4332 plusquam·

245 4354 423 4443 perfectum
447 4355 533 4420 enim
558 4359 606 4418 est
629 4353 751 4428 ἤνυῦσο.
787 4351 834 4420 Of.
862 4361 897 4417 K.
922 4352 999 4418 251.
1025 4351 1079 4430 νὺξ
1102 4351 1222 4418 ἄνεσαν.
1243 4355 1273 4418 et
1290 4356 1322 4412 Σ.
1343 4336 1414 4404 473·
