3052 4970
811 238 876 305 426

290 427 385 496 Uerta
408 431 440 494 et
463 431 608 493 constans
629 426 766 494 Homeri
789 407 983 492 &insuetudo
1005 425 1148 513 postulat
1171 427 1348 514 utlagatus:

562 542 655 598 TON
680 533 711 598 δέ
733 557 780 607 τις
805 533 952 615 -βλάφε
975 534 1105 614 φρένας.

244 663 313 707 rem
341 639 467 707 conficit
489 643 582 706 vetus
605 639 763 704 scholium
785 640 849 703 huc
871 639 1071 704 referendum
1098 640 1174 723 (non
1198 623 1379 710 caralit)
1471 701 1473 712 Ι

245 750 276 813 ἐν
299 749 445 827 σχήματι
469 748 509 818 ὥς
533 744 588 810 τό·

427 850 563 930 γυναῖκά
587 873 622 914 τε
647 849 761 925 θήσατο
784 848 884 931 μαζόν
910 849 964 938 (Il.
991 859 1037 916 Ω.
1064 849 1148 932 58.).

247 958 319 1023 καὶ’

428 1059 458 1128 οἵ
475 1066 504 1127 σ’
528 1063 655 1137 ἀπειλὴν
679 1057 750 1141 αἷμ’
778 1063 1055 1143 ἀπολιχμήσονται
1081 1061 1131 1151 (Π.
1157 1072 1195 1129 Φ.
1220 1061 1311 1144 122).

291 1170 422 1236 Poterat
445 1168 578 1235 meliora
601 1167 748 1254 exempla
771 1167 935 1243 attulisse,
960 1191 1097 1255 quorum
1119 1189 1238 1257 magna
1259 1173 1300 1234 ost
1319 1159 1399 1245 copia·

248 1278 303 1344 sed
325 1275 533 1342 manifestum
557 1279 604 1340 est
628 1276 667 1340 ob
692 1273 800 1340 oculos
823 1296 899 1340 eum
922 1275 1088 1341 habuisse:

553 1389 647 1446 TON
671 1378 703 1444 δέ
727 1405 775 1453 τις
801 1415 820 1429 -
833 1380 948 1457 βλάψε
971 1379 1098 1463 φρόναι.

295 1486 394 1572 Saepe
437 1485 476 1551 de
518 1505 554 1552 ea
600 1484 766 1550 Homerici
809 1488 963 1550 sermonis
1007 1486 1233 1552 consuetudine
1271 1474 1404 1552 uncant

249 1593 468 1670 Aristarchus,
492 1591 596 1659 veluti
619 1591 659 1657 ad
682 1601 722 1656 Π.
748 1589 824 1658 124.
850 1600 887 1657 Φ.
912 1589 965 1657 38.
991 1590 1050 1656 Od.
1073 1615 1103 1657 σ.
1130 1591 1208 1658 396.

296 1800 354 1870 Od.
379 1827 413 1868 π.
439 1802 516 1869 214.

386 1907 579 1990 ἀμφιχυθεὶς
603 1907 713 1986 πατέρ’
737 1908 841 1972 ἒσόλόν
865 1908 984 1988 όδόρετο
1008 1907 1126 1990 δάκρνα
1148 1909 1271 1987 λείβων.

250 2015 410 2081 scholion:
443 2015 628 2095 Ἀρίςαρχος
658 2015 863 2094 ἀμφιχυθείς.
886 2014 1031 2082 Dindorf.
1056 2017 1173 2093 „altero
1195 2017 1335 2098 οοτιρόιινο
1352 2025 1409 2096 ρννθ

241 2105 349 2206 fuerit
371 2120 542 2185 accimus
565 2120 695 2186 Faciam
718 2126 756 2185 ut
778 2123 868 2187 scias.
894 2120 1035 2209 Legitur,
1052 2120 1144 2186 Iliad.
1169 2132 1212 2189 Ψ.
1240 2119 1292 2187 97.

697 2225 825 2304 μόνιινόά
848 2250 904 2306 περ
926 2226 1154 2305 ἀμφιβαλόντε

500 2332 657 2406 ἀλλήλους
680 2335 776 2398 όλοοΐο
799 2333 1045 2412 τεταρπώμεσθα
1067 2334 1158 2411 γόοιο.

251 2437 393 2504 scholion
416 2438 451 2501 in
473 2449 506 2502 Β.
528 2437 783 2520 ἀμφιχνόέντες,
807 2438 1040 2519 περιλαβόντες.
1061 2444 1093 2505 st
1110 2442 1145 2505 in
1165 2438 1202 2505 V.
1227 2427 1410 2518 »ἀμφιχυθεὶς

252 2542 361 2623 πατέρ’
387 2543 476 2608 ἕσόλό
495 2543 522 2607 .”
567 2544 696 2629 Duplex
717 2546 887 2629 utrobique
910 2544 1069 2610 ferebatur
1090 2544 1201 2610 lectio:
1223 2538 1410 2624 ἀμφιχνόέντε

254 2649 544 2730 -ἀμφιβαλόντε
569 2654 601 2716 et
621 2651 814 2730 ἀμφιχνόεός
836 2689 877 2698 -
902 2649 1108 2731 ἀμφιβαλών.
1133 2650 1171 2714 ln
1190 2652 1255 2715 soh.
1279 2662 1310 2713 B.
1329 2649 1411 2734 legen·

250 2755 346 2821 dum:
378 2755 674 2839 ἀμφιχνόέντετ
706 2752 942 2837 περιλαβόντες.
990 2747 1077 2821 Hinc
1098 2754 1281 2842 Hesychius
1306 2755 1412 2830 ’λοφι-

250 2862 397 2944 xviiia:
423 2860 636 2943 assentanei.

298 3070 358 3138 Od.
383 3095 409 3152 ρ.
435 3067 509 3136 299.

434 3178 531 3254 δμῶες
555 3175 722 3252 Ὀδυσσῆος
745 3178 870 3255 τέμενος
894 3177 984 3257 μέγα
1009 3177 1220 3258 κοπρήσοντες.

298 3283 347 3350 Ex
370 3286 500 3369 antiqua
523 3287 739 3362 annotatione,
766 3305 846 3369 quae
865 3288 991 3372 integra
1010 3290 1113 3349 exstat
1133 3285 1218 3370 apud
1234 3281 1413 3370 Apollonion

253 3396 286 3456 et
309 3389 541 3477 Etymologum
563 3411 722 3478 magnum
745 3392 779 3454 in
803 3389 935 3469 Κάπρος,
961 3395 993 3455 et
1016 3395 1106 3475 parte
1128 3390 1247 3456 mutila
1270 3389 1346 3476 apud
1364 3383 1414 3448 He

253 3497 402 3584 sychium
433 3519 464 3563 v.
497 3496 612 3576 Κόπροι
643 3495 817 3584 colligitur
840 3497 1061 3574 xorplccovcac
1101 3515 1168 3562 esse
1197 3517 1320 3572 verum,
1353 3509 1415 3577 quae

253 3603 356 3668 forma
385 3602 481 3690 longe
512 3601 630 3667 melius
662 3623 737 3668 cum
768 3600 914 3688 analogia
945 3598 1138 3668 Graecitatis
1172 3603 1315 3689 congruit
1340 3615 1415 3683 quam

254 3708 338 3793 quod
359 3707 524 3774 Bekherus
547 3709 665 3794 recepit
690 3707 900 3790 κοπρήσοντες.

658 3958 770 4016 ΝΙΖΩ
793 3967 857 4016 NON
880 3957 1038 4015 ΝΙΠΤΩ.

302 4133 360 4200 od.
385 4157 414 4198 σ.
442 4127 515 4198 179.
539 4128 760 4215 Penelopead
782 4129 1008 4217 Eurynomen,
1032 4149 1112 4214 quae
1135 4128 1270 4195 dixerat:

415 4237 490 4303 ἀλλ’
514 4235 551 4302 ts
576 4236 629 4301 καὶ
654 4238 696 4318 σῷ
721 4237 809 4302 παιδὶ
833 4236 919 4308 ιε’πος
943 4235 1009 4317 φάο
1033 4235 1106 4313 μηδ’
1129 4235 1265 4302 όπόκενόε

414 4342 508 4424 χρῶτ’
530 4341 749 4425 ἀπονιψαμένη
775 4343 828 4409 καὶ
854 4342 1048 4424 ἐπιχρίσασα
1072 4339 1213 4424 παρειάς.
