3034 4970
652 259 716 336 lto

139 454 215 542 Peg.
249 452 325 520 382.
357 453 474 527 παντες
505 456 730 538 ὀφρυόεντα
760 456 894 538 Κθρινθον
923 458 1058 540 είρψκασι
1092 456 1144 522 καί
1173 479 1277 538 παροι-

103 559 272 641 μιθζονται·

363 665 497 745 Κόρινθος
521 669 620 754 tepor
646 695 680 734 τε
705 670 758 735 καὶ
783 670 983 736 κοιλαίνεται.

103 775 224 840 κοτίνοιο
255 775 355 855 rocoa
387 779 419 839 et
448 795 521 839 oum
554 773 667 841 Graeci
696 780 850 843 sermonis
879 776 1026 865 analogia
1054 781 1178 864 pugnat
1204 780 1278 842 eta

102 886 194 946 metro
216 882 387 966 respuitur.
435 879 664 948 Scribendum:

339 984 472 1067 Κόρινθος
495 987 641 1070 θψρνοίζει
666 1013 702 1053 τε
726 987 779 1053 καί
799 989 997 1054 κοιλαίνεται.

139 1197 214 1284 Peg.
241 1193 318 1260 383.
361 1197 464 1266 Ἴωνες
488 1191 522 1271 ἐξ
546 1193 714 1267 Ἀθηναίων
732 1197 767 1261 τὸ
791 1196 878 1276 γένος
901 1197 996 1270 ὄντες.
1033 1197 1156 1263 Natura
1177 1199 1225 1262 rei
1247 1201 1279 1262 et

102 1303 215 1368 dicandi
235 1321 312 1366 usus
335 1301 499 1387 postulant
521 1307 560 1366 ut
582 1304 738 1368 scribatur
762 1301 796 1378 ἐξ
818 1305 948 1377 Ἀθηνῶν
968 1325 1024 1390 pro
1044 1302 1078 1379 ἐξ
1096 1304 1277 1379 Ἀθηναίων,

102 1425 214 1489 Attenia
237 1424 370 1488 oriundi.
417 1423 517 1489 Vetus
541 1425 765 1510 compendium
789 1403 811 1488 ’θ
833 1425 891 1490 has
914 1427 1024 1490 turbas
1047 1424 1120 1491 dare
1143 1423 1232 1490 solet.

140 1534 264 1597 Prorsus
295 1530 382 1594 idem
412 1533 530 1594 vitium
563 1531 686 1596 obsidet
716 1530 823 1596 looum
855 1529 1052 1618 Thucydidis
1078 1530 1119 1596 Π.
1145 1528 1198 1595 15.
1222 1530 1278 1594 ubi

104 1641 144 1702 est
165 1640 188 1702 οί
210 1638 267 1701 ἀπ’
292 1636 458 1710 Ἀθηναίων
477 1635 578 1709 Ἴωνες
602 1657 659 1722 pro
682 1633 741 1700 ἀπ’
768 1639 909 1711 Ἀθηνῶν.

140 1831 214 1918 Peg.
241 1829 316 1896 383.
338 1829 407 1895 Ἴον
432 1831 463 1894 δέ
480 1867 508 1881 ι-
522 1829 614 1904 οὕτως
638 1830 836 1906 εὐδοκίμησεν
855 1827 906 1896 ὥτ’
927 1827 1102 1909 ἐπέτρεψαν
1121 1829 1203 1909 αὐτῷ
1223 1830 1279 1904 την

106 1945 297 2002 πολιΤΕΙΑΝ
322 1937 486 2011 Ἀθηναῖοι.
513 1938 528 2002 ν’
552 1938 583 2002 δέ
608 1945 721 2016 πρῶτον
745 1937 800 2013 μὲν
822 1938 864 2005 εἷς
883 1934 1035 2014 τέτταρας
1056 1935 1164 2015 Φνλθις
1186 1934 1279 1999 διεῖλε

106 2045 134 2107 τὸ
155 2047 263 2117 πλῆθος
290 2051 390 2108 ΕΙΤΑ
416 2045 457 2110 είο
481 2044 636 2123 τέτταρας
660 2043 757 2120 βίους.
793 2043 941 2107 Primum
961 2045 1082 2129 corrige
1103 2040 1278 2121 ἐπέτρεψαν

105 2151 176 2230 αὐτῷ
205 2149 260 2224 την
291 2149 409 2215 πθλΙΝ.
457 2148 580 2214 Turbae
610 2152 730 2215 iterum
762 2149 850 2214 dedit
880 2148 1102 2233 compendiosa
1123 2151 1279 2234 seriptura

103 2264 146 2334 πθ.
188 2270 224 2336 Iu
259 2292 325 2356 sqq.
362 2271 485 2336 laborat
519 2273 692 2349 sententia3
731 2275 780 2336 est
809 2272 894 2335 enim
923 2291 1023 2334 unum
1056 2274 1089 2334 et
1116 2269 1204 2334 idem
1236 2271 1279 2341 είς

105 2375 244 2457 τέτταρας
269 2376 377 2458 Φυλοίς
401 2383 433 2441 et
456 2379 498 2448 είς
521 2377 675 2454 τέτταρας
699 2378 798 2455 βίους.
847 2375 957 2461 Itaque
980 2377 1210 2462 perabsurdum
1232 2382 1280 2441 est

104 2482 208 2548 dicere:
223 2484 355 2568 primum
378 2483 419 2552 είς
443 2483 569 2561 ψναοίς,
594 2486 702 2548 deiude
725 2486 766 2556 εἷς
791 2483 888 2561 βίους.
935 2482 1093 2548 Emendat
1115 2484 1129 2547 θ
1151 2482 1181 2546 δέ
1202 2486 1279 2563 πρῶ-

103 2611 145 2651 τον
165 2589 218 2666 μὲν
247 2588 317 2654 εἴτ’
348 2590 390 2661 είς
413 2588 565 2670 τέτταρας
586 2589 693 2672 φυλὰς
716 2591 810 2655 διεῖλε
833 2590 867 2654 τὸ
892 2590 1004 2664 πλῆθος
1036 2589 1106 2654 είτ’
1141 2591 1184 2662 είς
1205 2588 1277 2654 τέτ-

103 2718 188 2775 ταρας
209 2697 305 2774 βίους.

142 2890 215 2978 Psg.
242 2890 318 2956 384.
352 2890 391 2956 de
414 2890 528 2957 Helice
551 2890 701 2956 fluetibus
724 2893 837 2958 obruta
859 2893 984 2958 scribit:
1010 2887 1225 2971 Ἐρατοσθένης
1249 2892 1281 2958 δὲ

101 2995 146 3059 καί
179 2998 271 3069 αὐτὸς
305 2997 378 3062 ίθεῑν
407 2997 484 3079 Φησὶ
517 2997 568 3061 τὸν
596 2994 688 3062 τθτον
711 2997 763 3062 καὶ
788 2999 857 3069 τοὺς
883 2998 1036 3078 πορθμέας
1059 2996 1162 3074 λέγειν
1186 2997 1223 3070 ὡς
1248 2999 1279 3062 έν

100 3104 137 3181 τῷ
165 3104 242 3182 πθριρ
273 3107 351 3184 θρθθς
366 3104 490 3190 ¹desisset
514 3104 665 3168 Ποσειδῶν
688 3103 827 3183 χοίλκεος
853 3102 934 3185 έχων
957 3101 1161 3177 ίππθκαμπον
1184 3103 1214 3166 έν
1238 3113 1278 3184 τῇ

99 3213 180 3290 χειρί.
215 3211 430 3299 incongruum
453 3216 501 3275 est
525 3211 625 3284 ἕτθκει
646 3231 701 3296 pro
722 3208 822 3286 έςηκε.
858 3209 972 3275 Strabo
991 3209 1120 3274 dederat
1140 3209 1278 3288 ἑτθκοι,

99 3321 132 3380 ut
158 3317 235 3383 solet
266 3319 428 3403 optativus
458 3318 533 3402 poni
564 3317 621 3381 ubi
648 3319 719 3401 quis
743 3317 818 3402 quid
842 3337 881 3381 ex
905 3315 1007 3381 aliena
1029 3335 1161 3401 persona
1183 3315 1280 3381 refert

99 3426 275 3504 praesertim
296 3424 325 3487 si
347 3423 408 3507 ι’ριιί
430 3445 530 3487 oerum
552 3444 611 3487 νοονι
635 3446 695 3487 esre
717 3424 846 3487 videtur.

139 3630 212 3720 Peg.
245 3631 322 3698 388.
352 3632 443 3706 νομαὶ
476 3633 620 3710 δαψιλεῖς
654 3630 705 3694 καί
738 3628 864 3706 μοίιιιτα
895 3627 1000 3703 ίπποις
1031 3631 1084 3696 καὶ
1116 3629 1187 3703 ένοις
1214 3640 1278 3704 τοῖς

101 3734 317 3814 ίπποβοίτοῐο.
377 3737 541 3804 Sententia
578 3737 720 3824 postulat
757 3742 795 3801 ut
826 3737 1042 3816 ἱπποβοίτΑΙΟ
1075 3740 1277 3805 rescribatur.

102 3837 197 3910 Simili
227 3848 340 3912 erroris
372 3865 488 3932 genere
517 3843 692 3934 Kramerus
721 3863 961 3929 nonnumquam
983 3847 1098 3910 retinet
1122 3846 1279 3912 adieetiva

100 3947 129 4009 in
157 3988 195 3998 -
224 3953 340 4030 βατος,
374 3951 431 4015 ubi
460 3957 574 4015 natura
603 3953 650 4014 rei
677 3987 718 3997 -
750 3950 841 4026 βοτος
865 3953 1014 4036 requirit,
1040 3955 1078 4015 ut
1099 3973 1172 4039 pag.
1201 3951 1277 4018 771.

101 4056 291 4134 λεοντθβΑτα
314 4057 340 4122 δ’
365 4057 409 4126 ές)
436 4056 479 4121 τοὶ
502 4055 620 4136 χωρία·
645 4064 717 4125 ταῖς
742 4055 767 4119 δ’
793 4055 851 4120 ὑπὸ
875 4047 959 4129 κννθς
985 4057 1127 4131 ἐπιτολὴν
1153 4060 1278 4139 ἡμέραις

102 4158 152 4224 ὑπὸ
182 4166 324 4229 κωνώπων
354 4163 505 4241 μεγάλαν
537 4162 735 4240 έξελαιίιέται
765 4164 807 4228 τοὶ
832 4164 915 4242 θηρία
941 4165 974 4228 έκ
999 4171 1057 4228 τῶν
1080 4168 1197 4241 τόπων,
1221 4167 1279 4230 ubi

101 4263 234 4336 Kramer.
268 4269 403 4348 „malim
436 4271 570 4335 seribere
600 4268 787 4347 λεοντθβοτα
819 4275 857 4335 ut
880 4291 955 4358 pag.
981 4268 1279 4356 747.”quasru11a

103 4369 135 4435 de
163 4396 196 4440 ea
218 4398 251 4441 re
273 4379 374 4463 possit
400 4398 466 4442 esee
490 4377 659 4442 dubitatio.
707 4375 794 4456 Quae
817 4380 906 4465 regio
929 4377 1034 4442 leones
1057 4375 1116 4441 alit
1140 4377 1278 4464 (uiuum
