3086 4968
820 249 885 324 470

304 441 383 532 Pag.
417 444 493 512 132.
517 445 571 512 24.
596 446 638 528 τῷ
662 446 732 520 τοὺς
756 443 960 524 βουλομένους
983 446 1139 528 χρόμιοτοι
1161 445 1333 525 λοιμβόνειν
1352 441 1419 524 ἔχειν

258 550 310 614 τόν
340 551 485 618 δώσοντος.
530 551 676 618 Humani
707 553 783 638 qnid
811 573 923 637 passus
954 557 1001 618 est
1031 551 1231 632 Dindorfius,
1264 556 1316 638 qui
1335 553 1422 617 nescio

260 657 351 722 cuius
381 658 543 725 infelicem
569 661 782 725 coniecturam
806 667 869 732 τοῖς
891 659 1088 738 βουλομένοις
1111 663 1231 746 recepit
1252 663 1286 724 in
1306 663 1422 724 textum.

304 865 385 954 Pag.
418 867 493 936 134.
528 867 581 936 17.
606 867 658 933 ιιοιὶ
680 871 765 934 τοῦτ’
790 866 824 944 ἐξ
846 867 987 947 οὶνοόγκνς
1011 867 1118 950 τρόπον
1142 871 1213 936 τινόι
1238 876 1424 935 adcreuit

259 979 349 1036 ποιεῖ.
394 970 433 1037 In
455 971 479 1038 S
501 973 640 1060 legitur:
664 979 715 1040 νῦν
737 977 771 1052 γ’
803 972 848 1038 aiv
877 984 994 1041 ποιοῖ.
1041 975 1227 1062 Descriptus
1247 977 1334 1042 locus
1354 981 1426 1041 esta

258 1075 385 1142 falsario
415 1099 454 1144 ex
485 1099 559 1166 pag.
593 1077 644 1143 70.
680 1078 710 1144 3.
738 1079 791 1145 aa}
816 1080 900 1145 τοῦτ’
924 1079 958 1156 ἐξ
982 1079 1123 1159 ιἰνοόγιονς
1147 1081 1257 1161 τρόπον
1280 1085 1335 1148 τιν’
1358 1081 1424 1160 αὐτῷ

260 1186 311 1245 νῦν
342 1192 395 1248 re
424 1192 484 1248 ΔΗ
515 1184 694 1264 συμβαίνει.
741 1183 880 1252 Confusa
909 1192 984 1253 sunt
1007 1188 1045 1253 de
1067 1208 1156 1254 more
1175 1190 1253 1254 ”AN
1277 1194 1309 1254 et
1332 1196 1384 1252 ΔΗ
1402 1191 1426 1250 et

259 1289 305 1353 sio
335 1291 438 1356 scriba
469 1300 550 1357 ποιοῖ
578 1291 667 1358 dedit
694 1313 751 1378 pro
781 1301 872 1359 ποιεῖ.
920 1294 1150 1360 Demosthenes
1180 1297 1249 1380 ipse
1279 1297 1313 1359 in
1334 1294 1426 1360 eaden

259 1413 294 1458 re
324 1395 407 1460 dixit
436 1417 510 1485 pag.
542 1395 594 1462 99.
627 1395 682 1463 28.
714 1399 767 1463 nat
798 1402 884 1464 τοῦτ’·
915 1399 1037 1474 εἲκότοις
1070 1399 1178 1481 τρόπον
1200 1403 1272 1467 τινόο
1295 1401 1425 1477 τρόττει,

260 1499 318 1564 ubi
342 1501 426 1585 qnod
448 1504 483 1566 in
501 1502 663 1568 nonnullis
682 1502 775 1570 libris
794 1511 843 1570 est
862 1503 970 1586 τρόπον
988 1507 1058 1573 τινὰ
1082 1512 1142 1574 νῦν
1166 1533 1210 1586 γε
1234 1508 1274 1582 δὴ
1299 1509 1426 1589 πρότσει,

260 1606 345 1672 unde
366 1612 480 1674 natum
503 1612 546 1674 sit
569 1614 709 1696 apparet.

262 1863 273 1872 -
306 1815 511 1884 Ostendimus
533 1819 599 1884 iam
623 1824 695 1884 ante
716 1821 752 1884 in
771 1840 837 1905 sqq.
858 1842 924 1887 esse
943 1822 1116 1910 legendum
1136 1822 1234 1889 πολὺν
1254 1824 1309 1900 ἤδη
1325 1821 1425 1904 χρόνον,

261 1926 293 1988 et
317 1919 358 1997 οἶς
383 1926 447 2006 γὰρ
471 1921 550 1991 οὖσιν
575 1923 728 2004 ὑμετέροις
754 1923 820 2006 ἔχει
850 1927 1011 2014 [χρῆσθαι]
1036 1929 1154 2004 τούτοις
1178 1931 1243 1996 κτὲ.
1269 1936 1301 1996 st
1321 1929 1377 1995 οὐδ’
1395 1926 1425 1991 ἂν
1522 1981 1523 1996 .

259 2029 290 2094 ἕν
314 2029 493 2114 Mansuete
516 2029 617 2111 μένειν
639 2033 794 2112 οὶσΦοολῶς
819 2035 967 2111 ἡγεῖτΑΙ.

305 2238 387 2327 Pag.
423 2237 497 2304 135.
530 2238 561 2304 2.
594 2237 648 2305 ἐόν
675 2263 751 2306 ποτε
775 2240 884 2323 συμβῇ
907 2264 937 2305 τι
961 2249 1112 2320 πτοῖσμοι
1137 2243 1257 2330 (πολλοὶ
1281 2245 1306 2310 δ’
1329 2242 1363 2308 όιν
1383 2238 1424 2320 ρι’-

260 2354 351 2410 νοιτΟ
383 2344 538 2432 scopare)
570 2345 634 2410 κτὲ.
667 2343 690 2411 S
719 2345 836 2425 γένοιτο
859 2347 1044 2428 τόνόρῶπωι.
1091 2346 1195 2434 Supra
1217 2371 1292 2438 pag.
1315 2348 1381 2414 100.
1399 2344 1422 2410 2.

261 2451 315 2517 εὀὶν
350 2475 425 2516 ποτε
459 2452 567 2533 συμβῇ
601 2474 630 2516 τι
666 2458 816 2531 πτοῖσμοο
852 2449 886 2541 (ἃ
922 2453 1029 2519 πολλοὶ
1065 2453 1178 2534 γένοιτ’
1212 2455 1251 2520 cia
1280 2454 1423 2536 οὶνόρότρ).

260 2557 436 2642 Utrobique
465 2556 684 2623 scribendum:
713 2566 864 2637 πτοοῖσμοο
888 2560 1006 2647 (πολλοὶ
1030 2558 1058 2626 δ’
1082 2560 1122 2626 όον
1144 2559 1257 2639 γένοιτ’
1281 2559 1423 2645 όνόρώτρ).

260 2663 333 2730 Non
363 2662 509 2730 dicebant
531 2661 678 2729 Oratores
700 2666 735 2728 in
757 2669 825 2729 tam
849 2665 959 2751 rapido
981 2666 1153 2732 verborum
1176 2667 1310 2733 flumine
1329 2665 1425 2745 γένοιτο

260 2771 421 2853 οὶνόρόιπιρ,
446 2768 551 2835 multo
575 2772 673 2835 etiam
697 2772 806 2835 minus
829 2771 883 2836 οὐκ
906 2767 978 2836 cisa
1002 2767 1082 2845 ὅπως
1105 2776 1163 2838 aut
1185 2775 1273 2854 πυροὶ
1296 2767 1427 2847 'Atrida
1521 2827 1522 2836 ,

261 2877 332 2960 δρῳ,
369 2876 424 2943 sed
458 2876 561 2942 adhue
594 2879 630 2941 in
664 2877 715 2942 his
748 2879 897 2944 omnibus
931 2899 1038 2944 caecos
1077 2878 1173 2946 duces
1201 2879 1319 2946 scribas
1345 2875 1428 2961 inepti

259 2985 432 3069 sequimur.
478 2980 670 3068 Saepissime
700 2987 809 3048 autem
838 2987 873 3048 in
903 2987 1033 3070 antiquo
1055 2984 1203 3051 lectionis
1225 2988 1308 3053 vitio
1328 3001 1429 3051 crassos

259 3096 292 3156 et
315 3089 456 3155 elisionis
478 3090 631 3174 impressa
653 3091 792 3176 vestigia
815 3095 976 3175 apparent.

305 3195 374 3277 Quo
404 3194 521 3260 meiius
551 3193 629 3260 haec
652 3197 833 3260 sentiantur¹
851 3195 1074 3262 Demosthenis
1096 3196 1270 3263 lectoribus
1293 3195 1426 3263 suaserim

257 3309 296 3369 ut
318 3320 483 3368 summum
508 3305 664 3366 oratorem
686 3321 750 3366 non
773 3303 865 3366 taciti
886 3300 1013 3390 legant,
1039 3303 1094 3371 sed
1117 3302 1184 3370 alta
1206 3325 1285 3372 voce
1312 3321 1426 3389 pronun-

257 3412 355 3485 tient,
385 3427 523 3491 namque
555 3408 600 3472 sic
628 3404 682 3471 fiet
711 3411 750 3471 ut
778 3406 1041 3474 incalescentibus
1071 3414 1103 3474 et
1137 3411 1370 3475 συνενόουσιῶσιν
1399 3424 1428 3470 ea

258 3517 366 3581 omnia
388 3533 452 3578 non
475 3512 556 3591 dici,
579 3511 633 3578 sed
652 3515 707 3601 agi
727 3513 811 3598 apud
830 3513 986 3599 populum
1005 3514 1058 3581 vel
1077 3517 1117 3580 ad
1135 3515 1258 3582 iudices
1269 3516 1426 3584 videantur·

258 3621 311 3688 Sic
334 3622 433 3686 etiam
456 3621 577 3704 optime
601 3619 765 3704 apparebit
788 3639 885 3705 quam
907 3620 1017 3706 rapido
1041 3641 1136 3686 cursu
1160 3625 1319 3688 concitata
1338 3620 1427 3686 Attica

259 3731 360 3796 oratio
377 3727 514 3803 feratur,
534 3730 567 3791 et
586 3745 682 3810 quam
701 3727 827 3811 ineptae
847 3728 912 3790 sint
927 3725 1111 3806 χοισμιιδόοιι
1132 3747 1172 3792 ex
1188 3727 1282 3794 libris
1292 3729 1425 3793 invectae.
1520 3733 1521 3754 ²

257 3836 347 3902 Idem
376 3855 468 3919 saepe
491 3831 624 3920 colligas
648 3853 687 3897 ex
708 3831 865 3897 librorum
888 3834 1053 3918 scripturis
1075 3835 1159 3898 inter
1182 3853 1215 3898 se
1239 3829 1424 3917 comparatis,

259 3946 350 4009 cuius
379 3942 426 4006 rei
457 3938 538 4004 dabo
568 3959 670 4003 unum
701 3937 895 4023 exemplum.
942 3938 1060 4004 Editur
1088 3960 1163 4027 pag.
1188 3938 1266 4006 300.
1293 3938 1343 4003 15.
1364 3931 1425 4000 ciro

260 4051 416 4129 σώφρονος
448 4043 660 4126 πσιρέσχθΤθ
691 4044 775 4122 ὑμᾶς
805 4043 934 4123 αὐτούς,
959 4044 1014 4110 sed
1035 4043 1183 4111 inlibris
1207 4050 1257 4112 est
1278 4034 1425 4132 praeteri

260 4161 293 4222 et
316 4166 344 4220 A
367 4150 572 4234 ποιρέσχεσόε.
619 4148 719 4241 Nulla
742 4155 790 4216 cst
813 4150 972 4217 dubitatio
996 4153 1074 4236 quin
1095 4172 1210 4218 verum
1234 4156 1277 4218 sit
1300 4148 1425 4230 παρέχειν

261 4262 369 4328 ἑοιντὸν
408 4260 566 4339 σώφρονοι,
599 4278 663 4322 non
697 4257 904 4341 ποιρέχεσόοιι,
940 4257 995 4323 sed
1028 4259 1063 4323 in
1094 4256 1330 4339 ποιρόσχΕΕΘΘ
1358 4255 1425 4333 ὑμᾶς

260 4369 341 4436 latet
364 4385 439 4434 vera
461 4365 617 4447 scriptura
638 4361 820 4444 παρέσχεθ’
845 4363 942 4443 ὑμᾶς.
