3034 4970
646 225 709 301 201

87 423 267 496 edllienem
290 421 438 492 Gessium
460 423 540 490 mu
567 422 599 488 8.
646 424 732 511 Ergo
762 422 887 489 fallitur
908 423 1022 491 Strabo
1045 367 1183 489 scribens
1205 423 1260 502 „ni

87 537 160 599 οθθονι
183 541 309 620 tropaea
327 533 489 597 νοναθθθονεί
508 554 584 617 quae
601 530 710 595 Parthi
730 531 766 593 de
786 530 931 594 Romanis
947 528 1128 594 οσοοιονονιθ.”
1150 529 1256 595 Etiam

87 643 174 707 ineo
201 639 314 705 Strabo
345 644 428 705 erret
457 638 541 724 quod
568 637 741 703 Phrastem
768 641 875 702 nannet
899 638 991 720 φιλία
1019 635 1090 717 τρῖς
1115 636 1258 715 Καίσαρα

88 747 129 812 τὸν
151 746 290 826 Σεβαςθν
312 747 346 811 id
369 746 489 811 secisse.
535 744 665 810 Veriora
689 743 814 809 docebit
837 743 898 811 Dio
922 740 1050 809 Cassius
1072 742 1108 808 ll.
1131 741 1168 808 ll.

122 985 194 1074 Peg.
231 986 306 1054 759.
342 989 379 1058 οῖς
416 987 469 1050 οὐκ
504 983 541 1050 θον
574 984 619 1050 ἔτι
653 983 883 1061 τολμήσοντας
912 990 1094 1063 κακουργεῖν
1127 982 1177 1049 δια
1205 983 1260 1058 την

87 1091 220 1172 αθσχθνην
255 1103 309 1169 τῆς
346 1092 453 1172 θφεοις.
503 1089 633 1156 Soloeue
668 1093 768 1156 oratio
803 1111 860 1175 pro
895 1091 1131 1168 τολμθσΑντας.
1182 1090 1260 1171 Quis

85 1201 171 1262 nescit
192 1199 251 1264 hoe
274 1219 377 1286 genus
398 1197 508 1262 mendi
530 1201 649 1282 passim
668 1199 702 1260 in
723 1193 893 1262 Oodieibus
913 1194 1111 1282 comparere?
1135 1201 1167 1262 et
1187 1201 1262 1262 sunt

86 1305 169 1368 eiiam
193 1326 269 1390 quos
293 1302 332 1368 οῖν
357 1325 431 1369 eum
454 1304 563 1368 futuro
585 1305 789 1368 coniunctum
812 1305 946 1368 minime
966 1303 1111 1369 offendat.
1146 1304 1262 1369 limen·
1377 1390 1378 1399 ἵ

87 1406 146 1474 dete
174 1414 328 1496 seriptum
360 1416 408 1476 est
437 1431 511 1498 pag.
539 1409 616 1475 359.
641 1412 694 1474 οὐκ
717 1408 756 1474 θον
782 1409 1002 1490 ὑποσχόμενος.
1029 1416 1061 1477 et
1084 1431 1158 1498 pag.
1184 1409 1259 1476 641.

86 1515 129 1579 οὐκ
148 1516 183 1581 νῖν
207 1517 449 1596 τολμησΑντας.

123 1755 188 1823 Non
220 1764 268 1824 est
291 1755 452 1824 Graecum
475 1777 549 1844 pag.
576 1753 651 1823 761.
677 1719 843 1834 προσδοκᾶν
869 1755 929 1821 δεῖν
955 1755 1072 1835 νῖγαθθν
1096 1756 1183 1838 παρὰ
1207 1764 1260 1824 τοῦ

87 1860 155 1940 θεοῦ,
179 1864 234 1930 sed
256 1862 375 1942 οῖραθθν
399 1872 465 1941 TI,
491 1862 575 1948 quod
598 1882 645 1947 sq.
671 1871 698 1926 n
726 1861 892 1928 absorbuit.

124 2087 201 2154 Noto
243 2094 275 2155 et
312 2089 469 2174 frequenti
503 2108 605 2154 errore
640 2088 770 2153 confuse
805 2091 879 2152 suni
913 2085 956 2151 τθι
991 2086 1117 2153 παλαιοί
1152 2093 1184 2155 σθ
1217 2090 1260 2154 τοὶ

88 2195 181 2258 πολλοί
203 2215 275 2282 pag.
302 2193 378 2260 777.
404 2197 435 2257 οὐ
460 2193 543 2272 λίνα
569 2194 601 2259 δὲ
625 2199 683 2258 τοῖν
704 2194 790 2258 ἐθνῶν
809 2193 852 2258 τθι
871 2192 1011 2271 θνθματα
1030 2195 1072 2259 τοῖ
1092 2205 1260 2263 ΠΑΛΛΙΑ

87 2297 128 2361 ize
156 2302 207 2374 την
239 2300 364 2377 οὶδοξίαν
395 2301 447 2366 καί
480 2299 551 2377 οῖμα
586 2301 720 2366 οῖτοπίαν
748 2308 802 2376 τῆς
839 2301 972 2381 ἐκφοροῖς
1007 2303 1117 2368 αὐτῶν.
1166 2303 1261 2370 Vides

86 2407 192 2470 νοννῖηο
214 2414 312 2471 velera
334 2406 417 2472 nihil
439 2407 539 2472 faeere
563 2407 602 2472 sd
624 2429 705 2473 rem.
742 2407 891 2493 Pleraque
908 2408 1039 2473 nomine
1058 2429 1091 2474 se
1112 2412 1260 2476 omittere

87 2509 169 2577 dicit:
192 2514 233 2578 τοὶ
256 2513 397 2591 θνθαατα
420 2514 463 2578 τοὶ
488 2523 650 2590 ΠΟΛΛΑ.

124 2739 196 2830 Peg.
232 2738 308 2808 782.
344 2739 429 2810 εὐθὺς
464 2739 496 2803 δὲ
530 2736 583 2803 καί
620 2737 674 2813 την
709 2736 798 2804 πθλιν
833 2733 897 2805 εἷλε
934 2739 1124 2818 καλουμένην
1158 2745 1261 2808 Ἀσκοῖ

88 2847 351 2929 (ΞΎΛΛΗφθεῖσαν
383 2847 440 2910 ὑπὸ
472 2850 525 2909 τοῦ
557 2843 724 2922 βασιλέως.
770 2845 833 2912 Pro
865 2845 1000 2912 absurdo
1028 2851 1262 2929 σνλληφθεῖσαν

87 2956 245 3020 conficiunt
267 2953 511 3034 ἀπολειφθεῖσαν
534 2956 590 3017 eut
615 2953 893 3033 καταλειφθεῖσαν.
940 2952 1057 3018 Neutri
1078 2953 1194 3018 horum
1216 2954 1264 3021 lo·

88 3077 134 3123 eus
161 3066 222 3125 est:
255 3062 282 3125 si
314 3061 385 3144 quis
412 3060 486 3122 ηνθο
508 3058 622 3122 ennodii
645 3080 764 3143 eamque
785 3057 862 3121 θοιθθ
885 3060 1030 3144 relinquit
1053 3059 1171 3125 dieitur
1192 3081 1264 3128 eon-

87 3167 191 3232 slenter
229 3165 413 3232 Ἐκλείπειν
449 3166 503 3242 την
538 3166 643 3249 πόλιν,
680 3164 887 3250 quemobrem
923 3165 1140 3245 ἐκλειφθεῖσαν
1175 3187 1264 3254 repo·

86 3273 221 3339 nendum.

125 3495 167 3562 De
187 3497 308 3564 infelici
330 3495 416 3564 Aelii
439 3494 542 3573 Gelli,
565 3496 717 3582 praesenti
740 3496 946 3583 Augustalis,
971 3496 1121 3561 adversus
1144 3496 1264 3564 Arabes

91 3603 272 3686 expeditione
300 3605 438 3669 scribens
470 3604 582 3668 Strabo
612 3606 719 3668 narret
749 3622 822 3688 pag.
850 3598 925 3668 782.
951 3622 1012 3686 quo
1034 3607 1126 3685 paeto
1150 3602 1265 3670 multis

92 3713 235 3776 aerumnis
253 3712 288 3774 in
309 3712 495 3797 Aegyptum
517 3709 657 3775 redierit.
678 3707 846 3787 ἐπεραίωσε
863 3709 917 3782 την
929 3707 1058 3787 ςρατιοὶν
1071 3707 1265 3785 ἑνδεκαταῖος

93 3812 126 3884 εἷς
152 3817 233 3889 Mula
267 3813 375 3897 θρροον,
409 3813 461 3881 εἶθ’
495 3816 629 3896 ὑπερθεὶς
662 3817 705 3885 εῖο
735 3815 855 3879 Κοπτὸν
878 3815 963 3892 μετὰ
988 3820 1045 3878 τῶν
1069 3817 1265 3893 ὨΝΗθῆναι

93 3915 245 3999 θνναμθνιον
277 3930 407 4002 κατῆρεν
441 3924 482 3994 είς
515 3920 761 3999 Ἀλεξάνδρειαν.
811 3920 942 3985 Frustra
965 3921 1068 3985 adhuc
1091 3923 1266 3989 absurdum

93 4023 218 4102 ὠνηθῆναι
251 4026 364 4095 Critiei
394 4033 606 4094 tentaverunt.
654 4025 768 4093 (loreis
796 4026 932 4100 θνηθῆναι
958 4029 1108 4116 coniecit,
1132 4027 1267 4096 Kreme·

91 4149 136 4195 rus
163 4137 305 4213 σοιθῆναι,
339 4135 393 4200 sed
423 4135 504 4200 οὐδὲν
537 4135 621 4210 ηαοῖς
650 4133 774 4210 ὤνησαν.
825 4132 949 4198 Natura
970 4135 1016 4197 rei
1039 4132 1128 4197 effert
1150 4133 1265 4202 lucem.

92 4230 205 4304 Panem
238 4244 401 4327 copiarum
432 4240 658 4306 Alexandriam
690 4240 817 4305 reduxit
848 4237 969 4303 relictis
999 4241 1033 4303 in
1063 4241 1177 4304 itinere
1203 4251 1266 4316 τοῖς

92 4341 128 4415 si
149 4344 315 4428 δυναμένοις
342 4383 384 4397 -
409 4344 507 4433 quid?
533 4368 573 4413 an
597 4343 754 4424 σ’νηθῆναιί
780 4367 821 4410 an
845 4342 996 4422 σωθῆναιθ
1037 4343 1139 4412 Sensu
1161 4353 1268 4414 carent
