3034 4970
799 225 861 297 166
908 222 911 229 ’

477 423 481 434 ·
534 415 714 488 'ouoern
739 459 780 470 -
805 421 1112 488 ‘ouonorr'rcnn

278 636 429 702 Libanius
462 636 515 701 IV.
552 658 624 724 pag.
655 634 732 700 238.
764 635 955 714 ὁμολόγησον
985 633 1004 710 ἦ
1029 637 1097 711 Ιμὸον
1126 637 1203 712 ἐμοῦ
1237 635 1353 708 πιόντος
1382 636 1410 699 τό

233 746 348 806 κώνειον
378 743 463 815 εὸόὺς
494 743 583 806 οἴσειν
607 743 666 814 σὸος
691 740 820 821 τροφός.
857 741 955 807 Recte
979 741 1096 806 Reieke
1122 737 1139 813 ἦ
1162 745 1224 817 μήν
1247 763 1303 827 pro
1327 727 1408 817 ἡμῖν,

232 849 287 914 sed
318 851 428 914 eadem
459 869 552 934 opera
578 870 635 934 pro
659 848 849 926 ὁμολόγησον
873 847 1016 924 όμοΕΟΝ
1043 849 1248 912 emendatum
1273 849 1408 933 oportuit.

231 955 356 1020 Mirum
385 960 433 1020 est
464 976 560 1039 quam
592 975 683 1038 saepe
712 957 746 1018 in
774 954 865 1018 libris
893 954 1003 1030 ὁμόσνι
1024 957 1058 1018 in
1082 955 1276 1030 ὁμολογῆσαι
1300 954 1409 1018 abierit.

230 1060 387 1126 Dedimus
417 1061 563 1145 exempla
590 1059 629 1126 ad
652 1056 918 1137 Demosthenem,
943 1062 1092 1124 menius
1116 1062 1238 1144 optimo
1262 1055 1411 1124 OodioeS

234 1168 359 1252 saepius
382 1169 427 1232 sio
451 1171 499 1231 ent
522 1171 672 1231 erratum.

611 1403 692 1486 Ἱερό
716 1423 756 1471 nr
780 1407 875 1485 ἱερεῖον
900 1421 1051 1471 connum.

277 1587 401 1654 Multos
432 1593 577 1653 veterum
609 1587 694 1652 locos
725 1608 761 1652 ea
792 1586 880 1652 labes
912 1587 1030 1651 infecit.
1068 1585 1154 1651 Hine
1185 1593 1270 1652 oerta
1291 1587 1413 1652 Libanio

233 1700 343 1780 parata
362 1701 409 1759 est
429 1697 579 1759 eorrectio
599 1693 653 1758 IV.
676 1692 751 1758 586.
776 1693 827 1758 10.
850 1696 908 1756 τῶν
929 1693 999 1757 θεῶν
1020 1731 1063 1740 -
1081 1702 1144 1764 σοῖς
1164 1695 1248 1771 ἐμοῖο
1266 1696 1414 1770 armore

235 1803 267 1865 οὐ
300 1801 381 1866 σόνν
412 1825 440 1865 τι
473 1805 523 1865 σὸν
555 1805 620 1864 νοῦν
652 1796 874 1879 προσεχόντων,
910 1799 978 1863 Imo
1006 1807 1166 1870 νεοσσοῖς
1192 1787 1275 1877 Ιἐμοῖς
1301 1801 1413 1877 ὁερΟΙΟ.

233 1907 425 1972 Plutarchus
458 1906 549 1971 Tom.
579 1905 619 1971 ΙΙ.
644 1927 717 1992 pag.
746 1905 843 1970 1102.
868 1924 897 1970 u.
923 1905 1099 1985 ἀπέρχεται
1123 1906 1226 1982 λόγων
1249 1909 1283 1970 τὸ
1306 1915 1415 1970 Μενοι-

235 2013 327 2093 δρεῑον
350 2014 408 2096 (sie
432 2011 581 2078 Valcken.
606 2013 709 2074 Diotr.
734 2033 763 2096 p.
791 2009 867 2076 284.
893 2029 923 2075 Β.
947 2031 1003 2094 pro
1027 2011 1061 2074 σὸ
1083 2011 1139 2087 μὲν
1162 2012 1325 2096 οὸνδρεῖον)·

485 2117 566 2183 aava
590 2121 622 2181 οὐ
646 2117 843 2197 προσέχουσιν
868 2117 950 2182 οὐδέν
974 2141 1023 2194 μοι
1050 2118 1135 2188 όεοῖο.

570 2359 683 2434 ’Άγειν
706 2358 747 2428 εἷς
771 2357 939 2434 ὁμολογίαν
963 2375 1003 2421 λον
1027 2373 1092 2422 ΒΙΜ.

282 2540 435 2605 Libaniue
457 2537 498 2602 ΙΙ.
525 2537 577 2602 15.
606 2536 636 2601 1.
660 2539 796 2602 οὸσειλῶν
821 2537 934 2617 ἑτέρους
959 2537 1158 2615 βοισοονόσειν,
1183 2540 1249 2603 imo
1273 2559 1345 2606 vero
1362 2535 1415 2613 βοι-

238 2655 371 2719 σοονιεῖν,
393 2649 425 2709 et
447 2649 518 2729 post
541 2665 642 2728 pauca
665 2665 722 2729 pro
746 2647 797 2708 σὸν
823 2645 989 2721 κρινόμενον
1015 2647 1057 2716 εἷς
1079 2646 1247 2722 ὁμολογίαν
1268 2644 1416 2720 ἘΝόγειν

237 2750 452 2836 reponendum
483 2749 619 2833 simplex
643 2749 765 2827 Ἄγειν.
810 2749 937 2814 Dicitur
969 2754 1054 2815 enim
1087 2752 1128 2820 εἷς
1160 2751 1326 2840 ὁμολογιόιν
1355 2748 1414 2826 dyo

239 2877 296 2942 pro
326 2857 487 2932 ὁμολογεῖν
516 2861 587 2918 ποιῶ
612 2855 770 2940 frequenti
793 2857 877 2940 apud
901 2877 1009 2920 omnes
1032 2877 1107 2933 nou,
1131 2861 1169 2920 ut
1193 2858 1234 2928 εἷς
1259 2856 1358 2939 ἔλεον,
1379 2855 1415 2923 εἰς

239 2963 393 3039 ὁμόνοιοιν,
426 2962 468 3031 εἷς
500 2961 686 3038 οὸνοὸμννσιν,
716 2962 759 3032 εἷς
784 2962 926 3027 ε’νσόςοοσιν
949 2959 1039 3038 ὁγειν
1063 2968 1095 3027 et
1118 2962 1182 3026 alia
1204 2968 1349 3027 sexcenta
1368 2978 1417 3044 pro

240 3070 354 3144 ἐλεεῖν,
381 3067 510 3143 ὁμονοεῖν
535 3072 592 3130 oet.
619 3075 724 3130 ποιεῖν.
761 3067 864 3131 Nemo
888 3069 922 3130 in
940 3067 1004 3155 tali
1026 3089 1059 3131 re
1083 3068 1204 3144 ε’νοὸγειν
1223 3074 1279 3132 aut
1298 3067 1415 3144 οὸνοὸγειν

129 3189 130 3194 ’
238 3174 372 3239 dicebat.
409 3172 504 3257 Apud
533 3171 780 3236 Demosthenem
808 3193 881 3259 pag.
915 3170 990 3239 617.
1024 3171 1077 3237 27.
1102 3176 1156 3245 τὴν
1180 3173 1269 3237 σόλον
1293 3176 1333 3244 εἷς
1356 3168 1416 3247 ὁμό-

237 3304 319 3345 νοιοον
343 3277 471 3356 ἄγοντες
497 3281 531 3342 in
553 3276 575 3342 S
599 3281 755 3362 seriptum
778 3279 947 3355 οὸνοὸγονσες
972 3299 1099 3343 summo
1118 3281 1188 3343 iure
1208 3285 1348 3362 spretum
1366 3281 1414 3340 est.

282 3386 437 3451 Libanius
466 3387 585 3449 iterum
615 3405 688 3471 pag.
720 3383 774 3448 24.
807 3383 838 3451 9.
870 3381 930 3450 οἶδε
961 3384 1024 3465 γὸορ
1048 3387 1100 3450 aa}
1124 3386 1305 3463 οὸσοολλοιγὸι
1328 3386 1415 3450 κοινῶν

238 3491 328 3570 ἄγειν
352 3493 394 3562 εἷς
418 3489 543 3570 όδυρμὸν
566 3488 734 3569 ἄνθρωπον,
757 3491 791 3554 id
816 3496 864 3556 est
887 3490 1041 3571 όδόρεσόοοι
1066 3497 1169 3557 ποιεῖν.

465 3741 739 3797 ΠΡΟΟΤΙΘΕΙΟ.
766 3731 932 3812 νιροσνιόεὸς
955 3749 996 3797 uu
1020 3734 1197 3812 προστιθεῖς.

286 3911 439 3977 Libaniua
470 3912 510 3977 ΙΙ.
542 3934 614 4000 pag.
648 3913 724 3978 482.
760 3917 790 3979 1.
823 3912 861 3977 σὺ
893 3913 924 3977 δὲ
951 3913 1045 3992 οὸΦεὸς
1069 3913 1145 4000 (leg.
1170 3913 1291 3998 Ἐφεὸς)
1315 3912 1414 3986 οὶὸικεῖν

243 4021 396 4100 οὸ-σφοιλῶο
429 4027 491 4090 τοῖς
517 4025 741 4098 καταφρονοῦσι
767 4027 825 4084 τῶν
850 4017 946 4096 νόμων
970 4021 1040 4090 τοὺς
1064 4019 1107 4083 τόν
1131 4020 1235 4084 ὁὸκοιιοο
1259 4021 1348 4096 σιμόν
1367 4015 1414 4076 οὑκ

243 4126 390 4202 ἐωμένους
427 4124 582 4202 ὁσόγΕΙΕ
621 4134 659 4206 τῇ
696 4126 761 4204 §lup
797 4126 848 4188 κοιὸ
882 4135 920 4205 τῇ
952 4124 1046 4203 Φύσει
1078 4129 1268 4204 νιροσσιόΕΙΕ
1296 4123 1336 4188 σοὸ
1364 4127 1413 4190 τῆς

244 4231 396 4308 οὸνοὸγκνς.
432 4229 522 4308 Quod
546 4233 650 4295 estin
673 4231 764 4295 libris
785 4231 950 4311 προστιθεὶς
971 4229 1088 4296 Reialre
1108 4233 1143 4295 in
1164 4231 1334 4311 προσσίόΗ(
1351 4243 1413 4290 mu·

241 4341 347 4408 tatum
369 4336 506 4403 volebat.
543 4333 628 4400 Satis
651 4340 717 4400 erat
741 4342 906 4401 aooentum
928 4338 1083 4424 corrigere
1103 4343 1135 4402 et
1155 4340 1317 4418 προστιθεῖς
1335 4329 1411 4397 resti·

1509 1061 1511 1166 t

1508 1644 1511 1775 Ι

1507 1829 1511 1978 Ι

1508 2415 1511 2504 t
