3086 4968
681 252 744 324 491

118 445 148 514 δὲ
180 452 237 515 τοῦ
262 454 449 513 ΜΗΔΕΝΛ
473 446 545 525 μηδ’
569 445 608 512 ἀν
630 445 715 524 ἀξιος
740 446 758 528 ἦ
784 446 908 522 πάντας
932 449 1094 529 ἀπείρξετε
1119 453 1183 517 κτὲ.
1217 452 1309 519 Ρ111-

118 575 216 641 quam
247 550 346 620 semel
376 554 457 619 vitio
488 557 602 619 natum
632 558 680 619 est
709 554 815 633 μηδενὶ
848 553 942 632 μηδὲν
972 556 1307 641 1111111111διδάναι

117 661 255 726 inseruit
286 660 326 724 de
347 678 412 724 suo.
460 658 554 725 Nunc
576 659 707 725 demum
731 663 839 726 omnia
861 665 933 747 apte
957 665 989 726 ct
1011 661 1161 727 concinne
1184 682 1309 750 compo-

118 769 181 833 sita
212 771 305 844 sunt,
330 769 363 830 et
385 766 542 831 1111111111
566 768 731 832 contrariis
753 767 942 853 respondent
966 766 1110 841 πλείονας
1135 767 1152 844 si
1176 774 1307 847 προσῆκε

116 877 216 952 τιμάν
250 876 283 937 11
313 869 430 950 μηδένα
456 874 553 948 τιμάν
576 872 648 949 μηδ’
672 871 712 938 ἀν
735 870 820 948 ἀξιος
846 868 874 954 ἦ.
920 872 1088 939 Praeterea
1110 870 1195 950 ἀξιος
1215 884 1308 952 τιμῆς

117 983 204 1045 recte
237 977 351 1061 habet,
387 973 474 1053 ἀξιοε
508 981 562 1042 τοῖο
597 979 713 1057 λαβεῖν
747 1001 777 1043 τι
808 999 872 1044 non
900 980 993 1045 item.
1042 977 1174 1046 Sumere
1204 983 1310 1067 potuit

117 1081 237 1150 sciolus
268 1102 364 1148 suum
394 1081 499 1160 μηδενὶ
532 1083 625 1161 μηδὲν
652 1081 763 1149 διδίναι
788 1104 828 1149 ex
849 1104 922 1172 pag.
948 1081 1025 1149 488.
1052 1081 1172 1163 1111
1196 1083 1308 1162 ἐξεῖναι

117 1193 158 1273 τῷ
185 1187 272 1270 δήμῳ
295 1193 354 1253 τῶν
378 1188 488 1254 ἑαυτοῦ
513 1187 613 1255 δοῦναι
634 1189 739 1266 μηδενὶ
758 1188 865 1267 μηδὲν.
885 1195 918 1256 11
936 1210 1009 1277 pag.
1030 1188 1107 1256 488.
1127 1190 1182 1259 27.
1202 1193 1307 1272 μηδενὶ

117 1297 180 1362 δεῖν
203 1294 299 1374 μηδὲν
322 1294 433 1361 διδίναι
457 1295 529 1374 μηδ’
553 1294 591 1362 ἀν
615 1296 712 1362 ίτιοῦν
736 1294 846 1378 πράξιι.

162 1507 247 1595 Peg.
274 1503 348 1571 459.
376 1503 407 1570 4.
432 1502 494 1571 οὐδ’
521 1502 612 1571 ἐκεῖν’
637 1503 766 1585 εὔλογον
786 1545 828 1557 -
849 1505 1137 1588 καταμεμφόμενίν
1161 1530 1247 1583 τινας
1267 1545 1309 1558 -

117 1615 190 1687 τοὺς
225 1612 395 1694 χρησίμους
424 1609 513 1685 ὄντας
537 1617 596 1676 τῶν
619 1619 714 1691 τιμῶν
739 1615 911 1696 ἀποςερεῖν.
960 1612 997 1678 In
1020 1611 1044 1678 S
1068 1612 1189 1702 legitur
1211 1640 1311 1681 κατα-

117 1721 323 1804 μεμφόμενον
348 1727 465 1784 'rote
488 1737 545 1803 pro
567 1741 666 1792 τινας.
713 1718 1309 1801 1111111111111καταμεμφ1μενοΝ

118 1837 273 1900 ΟΛΙΓοος
303 1825 401 1899 τινοίς.
450 1833 510 1891 ΟΝ
541 1831 573 1891 11
604 1833 680 1891 ΟΛῙ
712 1825 867 1892 facillime
887 1826 1140 1912 confunduntur,
1163 1833 1195 1894 et
1218 1849 1310 1917 saepe

117 1942 150 2001 N
175 1954 232 2020 pro
257 1943 302 1998 Al
325 1931 476 1999 scribitur
497 1936 531 1996 et
552 1936 672 2000 contra.

164 2143 245 2209 Post
274 2162 376 2228 pauca
404 2140 596 2229 legendum:
629 2137 704 2207 ὅταν
739 2149 899 2217 παντελῶς
931 2143 1052 2221 μλδΕΝ
1084 2141 1177 2208 πλέον
1207 2142 1310 2228 μέλλῃ

118 2247 286 2323 εἶναιτοῖς
310 2257 436 2330 messia
461 2244 556 2326 οὖσιν,
581 2268 638 2334 pro
663 2248 740 2327 μηδὲ
764 2249 857 2315 πλέον
881 2248 985 2332 μέλλῃ
1003 2251 1097 2330 μηδὲν
1117 2245 1204 2316 εἶναι.
1239 2250 1311 2316 Dit-

118 2355 291 2444 tographia
314 2360 379 2420 est:
404 2354 481 2432 μηδὲ
502 2356 539 2418 in
563 2359 671 2433 textu,
695 2355 791 2434 μηδὲν
815 2378 834 2424 a
857 2362 1029 2423 correctore
1051 2359 1086 2423 in
1108 2358 1266 2446 margine.

164 2565 245 2654 Pag.
272 2563 348 2630 459.
374 2564 429 2641 12.
454 2560 504 2638 οὓς
530 2565 589 2630 οὐδ’
614 2565 708 2639 αὐτὸς
732 2563 818 2639 οὗτος
838 2569 975 2636 ἀντείποι
996 2567 1034 2634 ἀν
1054 2570 1098 2649 μὴ
1118 2568 1188 2651 οὐχὶ
1209 2575 1311 2642 καλῶς

118 2673 214 2755 ἔχειν.
261 2670 383 2738 Vocula
411 2669 451 2737 ἀν
482 2693 545 2738 non
575 2676 623 2738 111
654 2693 711 2738 111
741 2673 811 2739 1111
833 2677 947 2760 posita.
993 2675 1140 2761 Requirit
1163 2681 1308 2756 constans

118 2780 356 2866 compositionis
386 2778 578 2844 consuetudo
607 2782 645 2843 ut
678 2780 850 2845 scribatur:
887 2781 950 2845 οὐδ’
981 2776 1057 2847 ”AN
1093 2780 1187 2853 αὐτδς
1222 2777 1308 2853 οὗτοι

118 2887 256 2952 ἀντείποι
287 2886 332 2962 μδ
363 2884 433 2964 οὐχί
464 2890 566 2958 καλῶς
592 2881 690 2964 ἔχειν,
715 2889 747 2949 11
770 2887 815 2950 sie
838 2883 961 2973 legitur
983 2889 1016 2951 in
1038 2888 1228 2971 nescioquo
1252 2885 1311 2953 Oc

120 2993 191 3059 dice
213 2992 387 3057 Parisiensi
411 2991 449 3056 de
471 2993 587 3058 veteris
611 2993 794 3057 correctoris
817 2995 1007 3059 coniectura.

165 3097 357 3183 Saepissime
387 3099 423 3162 in
452 3094 567 3164 Codice
597 3095 621 3163 fl
651 3097 845 3184 particulam
869 3096 908 3163 ἀν
932 3105 988 3164 aut
1011 3099 1186 3165 scribarum
1209 3098 1311 3187 negli-

119 3205 232 3293 gentia
260 3205 412 3270 omissam
443 3223 510 3268 esse
541 3203 634 3271 video
665 3209 722 3270 aut
755 3208 863 3270 eontra
893 3204 1019 3270 dicendi
1044 3225 1139 3272 usum
1161 3203 1231 3272 loco
1253 3226 1311 3271 suo

119 3315 256 3377 motam

167 3522 249 3612 Peg.
280 3520 357 3588 459.
392 3520 444 3588 19.
477 3525 541 3594 πῶς
574 3522 636 3604 yar
667 3523 721 3589 οὐκ
753 3522 882 3604 αἰσχρὸν
912 3522 998 3588 κατά
1030 3522 1087 3601 μὲν
1117 3524 1172 3598 τὴν
1195 3522 1314 3605 atropos

122 3629 272 3712 ἀψευδεῖν
296 3628 384 3708 νόμον
409 3625 610 3710 respectat,
626 3667 667 3678 -
682 3631 712 3693 ἐν
734 3630 769 3695 δὲ.
785 3630 827 3710 τῷ
850 3631 934 3711 κοινῷ
954 3632 998 3709 μὴ
1017 3630 1149 3710 χρῆσθαι
1170 3629 1213 3710 τῷ
1233 3628 1313 3709 νόμῳ

121 3736 222 3817 τούτῳ
252 3737 307 3811 τὴν
339 3733 426 3799 πόλιν
464 3734 532 3822 [τδιν
565 3735 662 3810 αὐτὴν
699 3732 895 3813 ἐπιτάξατοιν
929 3744 992 3809 τοῖς
1027 3735 1188 3820 ίδιῶταιι],
1225 3735 1313 3800 ἀλλά

121 3843 194 3916 τοὺς
220 3841 338 3920 ἀγαθόν
362 3864 391 3905 τι
417 3839 625 3915 πεποιηκότας
650 3837 861 3917 ἐξαπατῆσαι.
909 3841 1024 3928 Spurio
1047 3847 1121 3907 sunt
1143 3841 1241 3907 verba
1258 3842 1314 3915 τὴν

123 3949 223 4023 αὐτὴν
255 3944 452 4022 ίπιτοίξαοοιν
483 3956 545 4020 τοῖς
575 3946 717 4018 ἰδιώταις.
764 3945 900 4013 Volebat
926 3948 1029 4014 dicere
1051 3947 1148 4012 homo
1172 3948 1315 4032 quisquis

123 4061 189 4123 eet:
223 4056 240 4130 ἡ
273 4051 363 4125 πόλις
396 4050 461 4129 ίίτις
486 4054 565 4129 αὐτὴ
591 4051 705 4141 (τοῦτο)
730 4059 792 4124 τοῖς
817 4052 949 4126 ἰδιώταις
973 4051 1142 4130 ἐπέταξεν,
1168 4053 1223 4118 sed
1245 4056 1316 4139 quis

122 4181 188 4229 non
217 4159 375 4248 intelligit
406 4180 443 4226 eo
475 4176 569 4224 sensu
599 4159 663 4224 dici
693 4180 755 4225 non
785 4157 1316 4244 ρο111τ1νοιύτ1νέπιτοίξαοιινί

122 4269 293 4334 Praeterea
314 4265 373 4331 illa
393 4266 491 4333 verba
513 4264 605 4352 plane
628 4271 703 4332 sunt
726 4285 959 4352 supervacanea
982 4270 1015 4332 11
1037 4269 1148 4333 otiosa.
1196 4265 1315 4332 Eadem

124 4378 212 4442 enim
235 4375 392 4440 sententia
413 4375 496 4438 inest
518 4374 553 4437 in
575 4372 681 4441 verbis
706 4371 793 4452 νίμον
818 4371 1013 4458 respector.
