3080 4972
703 193 745 266 tt

166 385 246 469 Quis
270 388 379 452 eredat
401 407 511 474 regem
533 386 723 473 Philippum
746 389 994 455 Atheniensibus
1011 389 1093 455 hano
1112 387 1312 456 historiolam

119 497 158 561 de
190 495 435 561 Anthemoerito
466 493 525 558 teli
554 500 697 579 tempore
724 498 805 560 serio
827 516 969 561 narrasse
992 500 1029 560 ut
1052 496 1228 562 ostenderet
1250 500 1310 562 im·

118 603 213 687 pium
244 605 277 665 et
306 597 497 666 sceleratum
520 620 587 665 esse
609 600 732 666 facinus
754 607 987 668 sacrosanctum
1010 601 1168 669 Feeielem
1191 602 1312 670 violare

119 712 178 771 aut
201 702 337 771 neoerei

165 812 336 877 Praeterea
361 831 380 876 a
402 811 534 877 Reislrio
557 814 662 898 aooipe
687 810 862 891 ὑπθμνιρμΑ
885 836 942 900 pro
966 815 1186 891 ὑπομνήματα.
1233 813 1311 882 Din-

120 916 239 983 dorfius
270 916 441 1003 volgatam
472 919 606 982 retinuit
635 919 750 982 similia
773 920 904 1003 οσονιρία
927 942 987 985 eree
1010 921 1126 986 diesne.
1174 919 1311 985 Silonis

119 1024 305 1108 depravatis
336 1024 397 1088 erit
427 1022 636 1100 eredendum,
670 1025 708 1090 de
737 1031 869 1091 naturae
890 1028 1026 1092 veritate
1050 1031 1083 1091 et
1105 1024 1313 1110 simplicitate

120 1134 230 1194 ectum
255 1133 314 1194 est.
349 1128 456 1214 Negat
478 1149 554 1194 sena
572 1131 671 1207 ratio,
695 1129 771 1194 libri
790 1133 895 1209 aiunt;
920 1132 985 1196 atri
1002 1132 1141 1209 creditne,
1158 1130 1314 1212 Quirites?

103 1226 110 1239 ¹
167 1232 333 1300 Oontmrio
364 1253 467 1300 errore
496 1241 663 1320 pareatum
685 1242 735 1302 est
757 1237 841 1323 apud
864 1237 1113 1305 Demosthenem
1134 1260 1207 1326 pag.
1235 1237 1311 1304 616.

123 1339 176 1406 18.
210 1347 270 1406 τῶν
301 1339 395 1420 ἔργον
427 1338 466 1405 ὧν
498 1339 674 1419 ὑπθμννμΑ
699 1341 776 1418 ἦσαν
804 1345 830 1408 οί
854 1343 994 1424 ςέφανοι.
1042 1343 1163 1411 Addita
1184 1343 1315 1410 literula

121 1439 408 1512 scribendum2'cir
432 1447 650 1526 ὑπομνθμΛΤ
676 1445 753 1522 ἦσαν
777 1451 801 1515 ol
827 1449 967 1532 ςέφανοι.

166 1690 247 1778 Peg.
274 1689 349 1754 160.
377 1690 409 1756 2.
434 1690 486 1754 καί
513 1692 575 1768 γὰρ
597 1686 648 1754 irs
672 1696 811 1771 φανερῶς
835 1691 1037 1774 διεφερόμεθα
1060 1692 1158 1774 iperio
1184 1691 1313 1771 ἐξεπέμ-

122 1819 218 1872 πετε,
261 1796 342 1884 [καί]
381 1798 451 1868 σοὺς
485 1797 637 1870 πλέοντας
671 1801 709 1869 ὥς
746 1799 829 1874 taor
865 1799 1031 1871 ἐπωλεῖτε,
1067 1807 1130 1870 τοῖς
1166 1799 1311 1869 ἐναντίοις

122 1902 296 1980 ἐβοηθεῖτε,
327 1903 382 1976 πίον
405 1906 509 1984 χώραν
532 1928 591 1982 μον
616 1910 717 1975 κακῶς
741 1904 883 1971 ἐποιεῖτε.
931 1904 1138 1988 intubique
1161 1909 1311 1968 antuus-

121 2029 218 2093 quam
241 2010 297 2074 καί
318 2010 593 2094 interponendum.

167 2115 271 2196 Quam
294 2117 442 2199 ineptum
464 2121 512 2180 est
535 2115 573 2180 de
595 2115 691 2202 longo
715 2119 747 2181 st
769 2115 997 2182 molestissimo
1016 2116 1100 2188 bello
1120 2116 1239 2182 dicere:
1257 2111 1308 2181 θτε

121 2227 260 2306 Φανερῶς
284 2220 498 2304 διεφερόμεθα.

165 2465 244 2555 Peg.
277 2463 352 2529 160.
378 2461 409 2527 8.
434 2462 506 2544 πρὸς
530 2462 581 2528 τὸν
604 2461 721 2544 Πίρσνρν
744 2461 889 2544 πρέσβεις
914 2462 1122 2534 οίπεςοίλκαπε
1146 2464 1308 2540 πείσοντας

124 2575 214 2638 αὐτὸν
246 2571 312 2649 ε’μοί
345 2576 504 2647 πολεμεῖν.
538 2574 571 2633 et
600 2572 672 2655 post
701 2588 818 2654 paueat
849 2575 990 2634 τοσοῦτον
1021 2571 1091 2648 ὑμῖν
1116 2573 1230 2651 περίεςι
1254 2577 1308 2637 τοῦ

123 2681 192 2760 πρὸς
217 2677 273 2756 ἐμὲ
296 2677 404 2752 μίσονς
429 2671 486 2743 iles
510 2675 581 2755 πρδς
608 2675 717 2740 ἐκεῖνον
741 2674 924 2754 διαλέγεσθε
947 2676 1013 2757 περί
1038 2683 1092 2750 πῆς
1117 2678 1305 2757 ἐπιμαχίας.

122 2783 294 2850 Verissima
317 2782 395 2847 haee
419 2786 493 2846 sunt
516 2787 548 2846 et
571 2803 589 2847 a
612 2780 816 2868 Theopompo
839 2787 955 2848 sumta.

164 2892 237 2978 ipso
268 2888 482 2958 Demosthene
513 2893 640 2954 auotore
673 2888 719 2973 (in
750 2889 832 2953 Plil.
864 2887 921 2952 III.
946 2909 1017 2976 pag.
1046 2887 1119 2954 129.
1148 2888 1202 2976 10)
1228 2911 1308 2957 anno

123 2997 234 3062 abhino
270 2998 365 3062 tertio
399 2995 501 3082 'legati
535 2994 574 3059 ad
609 3015 719 3082 regern
749 2991 919 3059 Persarum
949 2997 1042 3059 missi
1071 3001 1155 3060 sunt.
1202 2997 1310 3063 Movit

123 3123 228 3190 regem
259 3099 440 3188 legatorum
472 3099 572 3163 oratio
603 3103 635 3163 et
667 3097 811 3184 Satrapis
838 3119 909 3163 orne
932 3101 1115 3166 maritimae
1136 3102 1309 3186 imperavit

124 3214 158 3272 ut
179 3206 352 3273 Perinthiis
376 3227 395 3270 a
417 3204 568 3290 Phihppo
592 3205 727 3269 obsessis
750 3205 991 3290 opitularentur.

167 3313 229 3380 Sed
261 3317 309 3378 est
338 3313 458 3377 vitium
481 3311 515 3374 iu
537 3311 644 3377 verbis
666 3311 848 3388 διαλέγεσθε
874 3312 940 3390 περί
964 3321 1019 3386 τῆς
1045 3311 1233 3392 ἐπιμαχίας.
1271 3311 1307 3378 In

123 3458 210 3527 libris
240 3466 290 3527 est
321 3460 387 3538 περί
412 3465 467 3532 τῆς
491 3458 735 3538 ε’πισνμμαχίας
758 3464 872 3524 netum
895 3481 935 3526 ex
959 3415 1147 3538 ἐπίμοχθος.
1183 3459 1220 3524 In
1243 3482 1307 3529 uno

124 3564 235 3634 (lodioe
265 3571 420 3634 eorreotor
450 3566 628 3647 ἐπιμαχίας
653 3565 845 3632 emendavit.
891 3565 990 3632 Reote
1013 3565 1142 3650 quidem
1165 3569 1309 3653 quisquis

126 3677 184 3752 est;
214 3674 269 3740 sed
295 3674 412 3739 vitiose
439 3671 580 3738 abundat
602 3669 756 3738 articulus
778 3673 812 3736 in
836 3672 901 3751 περ)
927 3680 1013 3737 THc
1036 3672 1226 3753 ἐπιμαχίας.
1260 3674 1309 3740 Ex

125 3779 192 3862 ipse
219 3783 265 3846 rei
293 3782 408 3844 nature
438 3781 606 3862 postquam
638 3776 765 3854 foedus,
797 3780 945 3854 societas,
978 3798 1040 3863 pax
1064 3782 1239 3864 composita
1262 3786 1309 3847 est

126 3885 320 3968 appellantur
344 3885 377 3947 αί
400 3882 546 3960 σπονδαί,
572 3883 605 3947 αί
629 3882 792 3960 συνθῆκαι,
817 3887 833 3958 ἡ
859 3884 1057 3963 συμμαχία,
1083 3885 1100 3958 ἡ
1126 3885 1305 3968 ε’πιμαχία,

127 3991 279 4069 triplus,
307 3990 360 4056 sed
387 3990 463 4056 dum
490 3991 528 4056 ds
550 4011 627 4075 paee
651 3989 744 4054 etde
768 3991 899 4054 caeteris
922 3992 1030 4078 egitur
1054 3992 1173 4056 incerto
1193 3998 1308 4058 eventu

126 4093 239 4160 dieitur
269 4094 469 4173 διαλέγεσθαι
499 4096 565 4176 περί
591 4097 725 4173 είρνίννς,
751 4095 817 4176 περί
842 4095 989 4172 σπονδῶν,
1014 4095 1080 4176 περί
1105 4098 1308 4176 συμμαχίας.

126 4197 349 4287 Exemplorum
373 4202 467 4288 plena
490 4208 564 4270 sunt
587 4205 704 4270 omnia.
752 4199 878 4268 Vitium
903 4201 962 4267 alit
983 4201 1071 4267 loeus
1092 4202 1312 4289 Aristophanis

126 4305 161 4368 in
183 4307 302 4393 ίιρννςίν.
329 4307 404 4374 983.
