3086 4968
659 256 724 330 469

105 458 239 537 πρᾶγμοι
271 452 425 532 ὑποθγουσι
455 453 511 526 τθιν
543 453 643 519 πθλιν.
688 452 824 519 Summo
852 453 922 518 iure
945 452 1130 519 Scheeferus
1154 457 1284 521 statuit:

107 585 257 645 „pennam
278 583 338 625 eece
355 561 391 623 ab
410 559 592 644 ἱκορθιὲιιθικο
611 560 726 624 θυινθυε
745 560 815 624 olim
834 565 965 622 σιειιθιιηι
973 581 1130 642 purpurae
1141 558 1285 624 cracow

105 666 222 732 Tamen
249 670 370 732 constat
394 666 470 731 hoec
494 664 572 731 olim
596 667 635 732 ab
659 665 907 750 Harpocratione
930 664 1015 750 apud
1037 663 1285 731 Demosthenem

104 773 182 839 lecta
204 774 301 839 fuisse
324 774 359 836 in
381 793 414 838 v.
440 776 711 849 Δυσιοποῦμοιιτ
740 770 808 834 ἀντὶ
833 775 886 834 τοῦ
909 771 1069 851 Φοβοῦμαι
1092 770 1286 848 Δημοσθένης

105 886 306 950 Φιλιππικοῖς.
340 883 373 944 et
399 881 433 942 in
455 899 485 943 v.
519 876 788 956 ‘'ractyovcre:
819 878 888 941 ύντὶ
913 881 966 942 τού
990 876 1156 956 προύγουσι
1182 885 1285 955 Δημο-

104 985 202 1061 σθένης
224 992 431 1054 Φιλιππικοῖς.
465 984 588 1069 Nempe
611 983 696 1050 follit
718 986 823 1069 opinio
846 1004 899 1049 eos
923 985 980 1069 qui
1001 981 1286 1070 Harpocrationem

103 1092 204 1159 multo
226 1090 414 1157 melioribus
435 1090 526 1156 libris
548 1110 645 1175 quem
667 1111 751 1154 nunc
773 1090 929 1156 habemus
951 1111 1048 1155 usum
1071 1111 1137 1155 esse
1159 1095 1283 1178 putant.

104 1197 207 1264 Pauca
230 1197 386 1283 quaedam
410 1196 507 1262 hebet
529 1195 663 1261 meliora
681 1197 796 1260 nostris
815 1216 916 1280 neque
936 1216 972 1261 ea
990 1198 1101 1283 magni
1119 1198 1286 1261 momenti.

104 1303 149 1368 Dr
178 1303 273 1368 libris
304 1303 473 1367 Atticianis
503 1321 584 1385 quse
614 1300 702 1366 affert
734 1306 791 1366 aut
820 1303 987 1389 perexigui
1016 1304 1112 1387 pretii
1134 1308 1209 1366 sunt
1233 1307 1289 1367 aut

104 1415 207 1494 aperte
236 1407 398 1474 mendosa.
445 1404 544 1491 Saepe
575 1426 648 1471 eum
680 1409 813 1473 vitiosae
842 1407 993 1473 lectiones
1015 1410 1049 1471 in
1073 1407 1217 1472 fraudem
1241 1409 1288 1472 in·

104 1515 261 1581 duxerunt
291 1519 322 1578 et
352 1515 380 1578 si
410 1512 535 1597 quando
566 1509 723 1577 criticum
756 1533 850 1600 agere
884 1511 955 1578 vult
989 1515 1125 1598 turpiter
1154 1535 1187 1578 ss
1214 1513 1287 1578 dare

102 1620 199 1700 solet,
231 1624 271 1684 ut
300 1642 332 1686 v.
363 1618 537 1703 Ἀπρθτυν,
565 1616 712 1699 Κλιμύζη
735 1631 767 1683 et
790 1617 879 1684 olibi.
925 1618 1013 1683 Haec
1036 1621 1106 1704 ipse
1129 1624 1161 1684 et
1183 1619 1288 1685 multa

101 1726 148 1792 his
175 1725 298 1792 similia
329 1725 489 1791 declarent
519 1745 616 1809 quam
646 1724 791 1789 mendosi
819 1723 896 1789 libri
929 1728 1074 1789 veterum
1109 1727 1176 1789 iam
1211 1731 1287 1790 tunc

101 1832 397 1908 circumferrentur,
423 1832 461 1896 de
484 1852 548 1916 qua
569 1851 602 1896 re
625 1830 666 1894 ad
689 1830 791 1896 elium
811 1828 1035 1896 Demosthenis
1057 1830 1164 1896 locum
1189 1831 1292 1915 pluri·

101 1939 158 2006 bus
182 1958 352 2024 exponam.

143 2150 245 2216 Recte
268 2148 290 2214 S
314 2149 439 2215 omittit
460 2169 534 2234 pag.
559 2146 634 2212 128.
661 2146 713 2212 15.
739 2145 920 2225 συμβιὶντος
942 2147 1032 2220 τινύς.
1071 2147 1193 2214 Deinde
1217 2171 1291 2236 sup-

101 2257 272 2342 plendum
304 2252 362 2320 33⁸⁸
395 2254 458 2335 72⁶9
489 2253 524 2317 Τθ
555 2253 608 2319 W
640 2253 674 2318 Τθ
707 2263 832 2330 ποθῆσαι
863 2254 915 2319 κοιὶ
946 2254 982 2319 τθ
1016 2253 1100 2341 (ΚΑΙ
1137 2256 1210 2344 ΤΟ)
1245 2258 1289 2336 μὴ

100 2371 238 2439 ποιῆσοιι.

143 2573 226 2659 Pag.
247 2568 322 2636 128.
343 2567 397 2636 28.
419 2569 450 2634 ri
469 2575 616 2645 ποιῶμεν;
639 2567 741 2635 ποθλοιι
763 2595 808 2640 τις
828 2569 919 2643 ἡδέος
933 2569 1009 2635 ”AN
1022 2572 1093 2643 θσιος
1106 2573 1290 2652 ε’ρωτθσΩΝ

101 2678 244 2753 κύθητοιι.
293 2673 425 2740 Gaudeo
452 2696 505 2740 me
529 2673 692 2741 Dindorfio
714 2676 860 2760 probasse
884 2677 1053 2755 ε’ρωτησλε
1076 2698 1189 2743 verum
1214 2701 1289 2746 esse.

100 2784 165 2850 Ubi
196 2780 297 2848 semel
324 2783 501 2846 constiterit
525 2780 615 2856 ἡδέως
639 2780 676 2845 ἂν
698 2781 851 2860 ε’ροντύσιο,
880 2781 968 2856 ἡδέος
994 2781 1032 2845 ιθν
1056 2783 1211 2860 πεύσομαι
1234 2793 1291 2852 aut

102 2889 210 2954 simile
234 2886 312 2972 quid
337 2907 394 2972 pro
419 2886 603 2967 ἐρωτήσαιμι
628 2887 680 2953 τε1
700 2887 848 2965 πυθοίμην
868 2892 951 2953 recte
970 2887 1049 2962 dici,
1070 2894 1141 2952 tum
1161 2890 1292 2957 demum

100 2995 260 3062 librorum
282 2993 412 3059 lectioni
435 2997 680 3080 acquiescemus.
724 2992 815 3073 Quod
839 2993 985 3078 equidem
1008 3015 1187 3080 numquam
1207 2998 1293 3064 futu·

99 3123 173 3166 rum
199 3120 268 3166 esse
291 3103 368 3165 satis
391 3102 464 3165 scio.

145 3309 228 3396 Pag.
255 3306 331 3372 131.
357 3307 389 3373 2.
414 3308 569 3373 σπονδεῖοι
594 3307 719 3387 νομίζων
744 3347 784 3358 -
810 3308 877 3388 περὶ
898 3304 935 3374 ὧν
954 3310 1155 3390 βουλεύεσθε,
1175 3315 1292 3379 rectius

99 3420 133 3479 et
156 3415 266 3481 verius
289 3413 358 3497 (τύ)
382 3412 449 3493 περὶ
475 3409 512 3477 ὦν
537 3412 733 3491 βουλεύεσθε,

145 3519 353 3585 Rectissime·
367 3518 489 3607 iegitur
517 3540 591 3606 pag.
625 3518 700 3587 779.
736 3518 766 3584 3.
799 3528 861 3594 τοῖς
894 3517 931 3584 ὧν
955 3520 1134 3587 οὶπθκτεινεν
1158 3524 1172 3588 ὁ
1195 3525 1289 3600 δῆμος

98 3628 172 3699 τοὺς
206 3625 365 3705 ποτέροις,
398 3624 453 3690 sed
485 3628 519 3689 in
539 3619 624 3690 'aliis
647 3623 724 3691 locis
746 3626 824 3691 hacc
848 3625 972 3692 dicendi
995 3627 1097 3694 forma
1120 3633 1232 3716 periit,
1256 3637 1294 3699 ut

98 3755 176 3820 pag.
203 3728 279 3796 498.
304 3731 348 3807 μη
368 3729 557 3805 πεποιηκθτοι
577 3734 648 3816 (TA
670 3733 755 3811 add.)
777 3733 829 3808 ἐφ’
850 3727 891 3803 οἷς
914 3730 1023 3813 εύρετο.
1045 3740 1077 3799 et
1095 3757 1168 3823 pag.
1196 3738 1291 3804 1123.

101 3840 134 3903 l.
168 3838 341 3919 ιἰφρθρησοιι
358 3838 412 3909 την
444 3842 559 3902 σιιυτού
592 3837 737 3918 πενθεριὶν
762 3842 868 3902 τοιῦτοι
894 3838 978 3926 (lege
1000 3839 1057 3920 rie)
1083 3840 1142 3920 ἀφ’
1165 3837 1203 3906 ὧν
1227 3843 1290 3926 ἔζη.

100 3950 135 4010 et
157 3965 231 4031 pag.
259 3941 356 4010 1127.
383 3941 414 4008 3.
436 3939 511 4009 trec
535 3943 679 4026 θοουμιθζη
702 3943 826 4016 τούτους
850 3944 927 4031 (leg.
952 3946 1036 4029 τούς)
1060 3945 1114 4023 ὑφ’
1139 3942 1177 4011 ὦν
1204 3951 1289 4031 οιύτῷ

101 4049 315 4131 θοουμοθζεσθοιι
347 4055 504 4128 προσῆκεν.
538 4057 570 4116 et
595 4071 670 4139 pog.
699 4049 797 4116 1325.
823 4049 854 4116 5.
877 4049 985 4126 δείξειν
1009 4052 1039 4114 ἕν
1064 4052 1134 4127 ύμῖν
1159 4077 1291 4133 γεγενη-

100 4155 185 4235 μένοι
215 4153 283 4235 περὶ
314 4150 352 4219 ὧν
385 4163 518 4220 ποιεῖτοιι
542 4158 597 4230 την
620 4154 730 4236 Φύσιν.
777 4155 908 4223 Codices
931 4158 973 4221 roi
998 4159 1211 4238 γεγενημένοι,
1237 4164 1292 4228 sed

100 4269 142 4328 tu
171 4267 339 4345 transpone
369 4261 568 4339 γεγενημένοι
600 4262 643 4325 τὰ
675 4262 740 4342 περὶ
775 4259 813 4327 ὧν
845 4264 909 4328 κτὲ.
941 4264 1014 4330 vide
1038 4285 1133 4350 supra
1155 4267 1196 4333 ad
1218 4291 1291 4366 pag.

103 4366 159 4436 57.
186 4364 238 4432 15.
264 4365 306 4430 τθι
330 4366 395 4449 περὶ
420 4362 458 4433 ὧν
479 4364 675 4446 βουλεύεσθε.
