3026 4970
803 253 868 323 318

242 451 427 516 annotatur:
459 456 592 513 TlNec
624 447 723 531 φασίν
752 445 846 518 ένίους
871 444 1059 523 ἠγνοηκότας
1083 447 1118 510 τὸ
1143 443 1206 517 έθος
1231 449 1284 509 τοῦ
1306 443 1406 516 ποιητοῦ

242 551 288 620 ὅτι
320 554 381 626 ἔθος
405 555 466 622 ε’ςέν
491 555 573 634 αὐτῷ
600 553 663 618 ἀπὸ
687 557 740 616 τοῦ
767 561 844 616 ΓΑΡ
870 549 1022 633 ἄρχεσθαι
1048 551 1098 615 διὰ
1123 555 1213 615 τοῦτο
1239 548 1407 614 πεπλακέναι

242 664 293 726 τδν
317 660 415 741 εἰχον.
451 659 611 739 sursunt
634 658 685 723 illi
709 654 808 728 τινέςί
832 654 1034 722 Callistratus
1057 658 1206 733 fortasse,
1231 656 1286 720 sed
1307 653 1409 719 nonde

242 787 300 831 suo
322 768 369 830 ita
390 765 512 830 iudicet
534 765 590 829 sed
613 763 790 828 Aristarchi
814 763 972 827 iudicium
991 767 1144 848 sequitur.
1178 762 1316 827 Fallitur
1333 763 1409 826 elien

243 871 327 956 quod
367 871 494 936 scribit:
539 869 631 939 ε’νίοος
676 866 873 932 πεπλακέναι
913 869 964 932 τὸν
998 869 1099 947 ςίχον.
1158 867 1283 946 Quanto
1317 867 1411 931 melius

242 977 440 1041 Aristonicus
463 996 502 1038 ex
525 974 726 1039 Aristarcho:
751 974 907 1038 ιέθετεῑται
931 977 969 1046 ὡς
995 977 1028 1039 ἐκ
1052 983 1107 1066 τῆς
1133 973 1265 1047 Ἰλιιίδος
1293 973 1336 1061 (Β.
1360 971 1409 1055 66).

243 1080 514 1159 μετενηνεγμένος.
547 1088 667 1157 γελοῖον
698 1080 728 1144 δὲ
759 1081 855 1144 εἰπεῖν
886 1079 938 1143 καί
972 1081 1050 1168 (leg.
1083 1080 1115 1144 δὲ
1146 1080 1212 1144 καί
1247 1082 1352 1164 εἰπεῖν)
1375 1077 1412 1141 τὸν
1497 1081 1498 1174 l

244 1187 274 1250 ἐν
299 1187 385 1267 λθχῳ
406 1183 644 1250 καθοτνοκέναι.
669 1187 865 1272 Agnoscisne
882 1186 1060 1252 Aristarchi
1081 1183 1236 1251 acumen?
1260 1186 1412 1251 Neumhra
1497 1177 1498 1252 l

171 1361 173 1366 ,
245 1293 452 1358 dubitationis
475 1293 612 1376 supersit
635 1293 711 1357 audi
734 1293 951 1357 Aristonicum
975 1293 1014 1357 ed
1037 1293 1129 1357 Iliad.
1155 1304 1187 1356 Β.
1215 1292 1268 1356 66.

426 1401 537 1474 κλῦτε,
563 1395 667 1477 Φίλοι·
694 1396 769 1469 θεῖθς
794 1422 843 1475 μοι
869 1398 1003 1462 ἐνύπνιον
1027 1395 1114 1472 ἦλθεν
1138 1397 1254 1478 ὄνειρος.

246 1504 260 1567 ὅ
291 1502 448 1583 νίςερίσκος
481 1500 526 1566 ὅτι
558 1503 588 1566 ἐν
618 1513 656 1583 τῇ
691 1513 711 1570 Ξ
744 1513 799 1578 τῆς
824 1502 1009 1575 Ὀδυσσείας
1034 1511 1134 1576 κακῶς
1160 1503 1301 1584 φέρεται.
1344 1504 1412 1576 Iam,

246 1610 352 1694 oredo,
388 1608 466 1693 quid
499 1611 546 1673 rei
579 1611 623 1673 sit
657 1609 750 1674 focile
783 1608 989 1696 intelligitur.
1048 1610 1252 1675 Aristarchus
1286 1614 1317 1674 et
1348 1609 1414 1672 hune

245 1737 375 1782 versum
405 1720 436 1780 et
467 1713 605 1780 alterum
635 1714 747 1800 Odyss.
777 1740 812 1792 μ.
846 1713 922 1782 271.
954 1715 1112 1793 ὠβέλισεν.
1160 1716 1232 1781 Non
1254 1718 1369 1800 poteret
1388 1730 1415 1774 es
1498 1729 1499 1756 ι

244 1821 331 1887 fraus
354 1821 574 1886 Aristarchum
598 1820 697 1886 latere
720 1842 817 1906 quem
841 1842 924 1886 nnus
948 1824 1080 1906 quisque
1103 1827 1249 1887 nostrum
1268 1827 1324 1884 τῶν
1345 1824 1415 1900 φιλο

244 1928 345 2006 μθρον
369 1925 457 1992 facili
480 1929 609 2013 negotio
632 1927 863 2011 deprehendere
888 1930 1053 2012 potuisset.
1103 1925 1303 1992 Callistratus
1325 1928 1414 1989 cutem

244 2033 420 2098 Aristarchi
449 2033 606 2096 iudicium
639 2038 766 2097 secutus
796 2036 929 2098 coniecit
960 2054 1015 2097 cur
1042 2054 1153 2098 versus
1187 2031 1307 2097 alienus
1337 2030 1416 2094 luent

244 2141 466 2224 interpositus:
509 2158 624 2222 nempe
666 2159 704 2202 ex
738 2141 936 2225 ignoratione
980 2139 1217 2203 consuetudinis
1250 2136 1415 2201 Homericae

245 2245 307 2309 απὸ
327 2250 380 2309 τοῦ
402 2253 478 2308 ΓΑΡ
500 2241 664 2323 ἄρχεσθαι.
689 2243 791 2307 Miror
811 2252 920 2307 autem
940 2243 1123 2308 Beklrerum
1146 2247 1251 2327 spreta
1263 2239 1415 2307 Aristarchi

245 2352 400 2415 sententie
421 2351 589 2413 retinuisse
612 2348 809 2414 versiculum
833 2352 924 2433 qussi
947 2351 1054 2414 omnis
1079 2351 1123 2412 sic
1144 2352 1265 2433 optime
1286 2347 1416 2412 heberent

247 2460 279 2520 et
299 2454 382 2519 nihil
405 2456 533 2519 omnino
555 2459 637 2518 esset
661 2452 869 2518 difficultatis.

292 2561 437 2626 Tertium
467 2562 501 2624 in
532 2559 632 2624 simili
662 2581 696 2624 re
727 2558 979 2645 interpolationis
1011 2559 1197 2645 exemplum
1228 2558 1415 2646 reperiturin

246 2666 337 2731 lliad.
372 2675 414 2730 Ψ.
447 2664 522 2730 620.
553 2665 611 2729 nbi
639 2664 782 2731 Achilles
813 2664 853 2730 sd
883 2665 1050 2731 Nestorem
1081 2668 1117 2728 in
1147 2665 1233 2731 ludis
1255 2663 1415 2729 funebribus

246 2772 386 2839 Patrocli
407 2774 454 2837 its
477 2772 572 2836 dicit:

756 2879 861 2957 διδωμι
885 2878 917 2942 δέ
941 2901 987 2942 τοι
1013 2879 1075 2944 τόδ’
1102 2877 1210 2943 ἄεθλον

383 2986 502 3057 αὔτως·
527 2987 560 3050 οὐ
585 2985 648 3065 γὰρ
673 2982 736 3059 πύξ
760 3009 800 3060 γε
824 2987 989 3066 μαχήσεαι
1015 2984 1081 3049 οὐδὲ
1105 2985 1290 3057 παλαίσεις,

383 3092 450 3157 οὐδέ
474 3095 503 3155 τ’
527 3093 688 3159 arsames
713 3092 871 3165 ἐσδύσεαι,
898 3092 964 3157 οὐδὲ
988 3091 1113 3156 πθδεσσι
1139 3169 1142 3174 ¹

384 3199 523 3263 θεύσεαι·
549 3198 602 3274 ἤδη
628 3197 690 3277 γθιρ
714 3198 859 3277 χαλεπὸν
885 3198 970 3261 κατὰ
994 3203 1093 3277 γῆρας
1118 3199 1248 3275 ἐπείγει.

378 3301 448 3378 Ὦς
474 3305 577 3370 εειπὼν
602 3305 632 3367 ἐν
656 3304 747 3384 χερσί
771 3305 865 3368 τίθει·
890 3300 903 3367 6
929 3303 960 3367 δὲ
984 3301 1093 3380 δέξατο
1117 3305 1244 3382 χαίρων.

283 3410 359 3476 625.
383 3411 438 3475 καί
461 3434 513 3486 μιν
537 3409 683 3491 Φωνήσας
706 3409 800 3473 σε’πεα
823 3411 991 3490 πτερόεντα
1016 3407 1207 3489 sportellis*

385 3515 464 3602 [Ναί
489 3517 523 3590 δὴ
547 3515 653 3579 ταῦτα
679 3538 718 3591 γε
743 3514 866 3591 ποίντα,
895 3515 997 3591 τέκος,
1023 3515 1107 3578 κατὰ
1130 3522 1241 3595 μοῖραν
1266 3506 1383 3593 ἔπειτα]
1500 3525 1501 3538 ’

383 3624 415 3687 οὐ
440 3632 517 3687 ΓΑΡ
542 3619 588 3685 ἐτ’
614 3619 736 3697 ἔμπεδα
761 3628 857 3706 γυῖα,
882 3623 995 3703 φίλος,
1022 3621 1111 3693 πθδες
1135 3622 1195 3687 οὐδ’
1221 3620 1264 3686 ἔτι
1287 3625 1375 3700 χεῖρες

384 3727 471 3805 ὤμων
494 3726 710 3809 ἀμφοτέρωθεν
735 3727 937 3793 ἐπαΐσσονται
963 3728 1110 3809 ἐλαφραί.

293 3835 379 3910 Audi
407 3856 491 3900 nunc
521 3833 698 3898 Aristarchi
728 3835 963 3898 annotationem
991 3833 1031 3897 ad
1053 3854 1100 3899 vs.
1128 3831 1205 3899 627.
1233 3833 1355 3910 ἧδιπλῆ
1375 3819 1410 3888 ὅτι

247 3940 310 4005 οέπδ
341 3943 395 4004 τοῦ
427 3949 504 4004 ΓΑΡ
537 3938 673 4018 ἄρχεται
705 3940 739 4002 τὸ
772 3941 944 4004 αἰτιατικδν
967 3938 1134 4018 προτάξας.
1161 3938 1225 4005 Sed
1246 3923 1364 4012 Nestor,
1384 3933 1412 3992 111

247 4053 284 4112 tu
307 4047 413 4124 rides,
438 4050 491 4110 οὐκ
515 4046 578 4110 ciri
602 4049 655 4110 τοῦ
678 4054 755 4110 ΓΑΡ
782 4044 910 4126 ἤρξατο,
934 4044 988 4110 ssd
1013 4066 1031 4109 a
1053 4046 1179 4110 verbis:

359 4152 425 4215 Ναὶ
451 4152 485 4226 δὴ
508 4153 613 4216 ταῦτα
636 4175 676 4228 γε
700 4149 830 4227 ποίντα,
855 4151 960 4226 τέκος,
986 4153 1071 4216 κατὰ
1095 4159 1205 4232 μοῖραν
1229 4151 1342 4218 ἐσειπεε.

294 4256 378 4337 Quid
401 4263 509 4324 sutem
532 4263 637 4343 potest
661 4278 727 4322 esse
750 4259 785 4321 in
808 4258 866 4323 tali
889 4279 922 4323 re
947 4258 1125 4323 evidentius
1151 4279 1247 4343 qnam
1270 4257 1413 4322 Nestorem

249 4384 396 4431 exorsum
420 4384 486 4430 esse
508 4365 559 4428 his
581 4364 707 4430 verbis:
