3052 4970
810 246 876 314 286

249 443 440 511 Homericae
462 440 679 508 observatione
704 442 737 506 et
759 438 918 526 originem
939 434 1031 503 verbi
1055 430 1202 510 ἀνέσαιμι
1223 435 1255 498 et
1274 429 1412 496 notionem

245 551 446 638 indagemus.
491 544 719 614 Considerendi
741 548 816 611 sunt
838 545 872 608 in
896 562 933 608 ee
950 561 986 608 re
1003 541 1040 606 hi
1058 539 1144 626 opud
1161 537 1332 605 Homerum
1345 533 1412 600 loci:

249 655 308 722 Od.
331 681 360 721 ιι.
386 653 463 721 361.

518 757 549 834 ἐς
573 760 597 844 ῥ’
621 757 788 837 θσοθμινθον
809 755 962 821 'GCACA
983 751 1048 819 λθε.

293 865 351 932 od.
376 863 406 942 ξ.
432 862 512 932 280.

520 969 551 1044 ἐς
575 968 680 1050 θέφρον
704 965 737 1032 δέ
760 967 795 1044 μ’
816 961 939 1030 ‘'eCAC
962 959 1026 1041 θγε
1049 960 1175 1027 colmes.

247 1079 305 1145 ubi
336 1076 546 1144 Horleienus:
580 1076 598 1151 ἧ
629 1072 758 1148 Αἰολικθ
784 1071 859 1162 (leg.
888 1073 905 1147 ἡ
930 1068 1113 1151 Ἀργολικιὶ)
1147 1068 1214 1147 „ic
1245 1066 1370 1148 δίφρον
1395 1058 1417 1124 θ’

247 1183 424 1258 θνέσας.”

294 1289 387 1357 liied.
410 1297 454 1355 N.
478 1285 555 1356 657.

519 1393 563 1467 εἰς
587 1391 692 1474 δίφρον
715 1389 742 1456 δ’
767 1396 1030 1457 ANecANTec
1053 1383 1142 1466 θγον.

247 1503 306 1569 ubi
334 1501 514 1589 Didymus:
546 1498 752 1571 Ἀπολλώνιος
785 1497 800 1563 θ
832 1494 941 1570 Ῥθθιος
971 1495 1002 1560 ἐν
1024 1493 1068 1576 τῷ
1091 1492 1165 1575 πρὸς
1191 1490 1345 1568 Ζηνόδοτον
1366 1489 1423 1567 »ἐς

252 1607 392 1690 ἐθφρον
416 1605 467 1694 (δ’)
491 1603 745 1676 docitem?

296 1713 355 1781 Od.
381 1737 405 1778 ν.
431 1709 509 1778 274.

385 1817 457 1892 ποθι
480 1816 514 1895 μ’
538 1814 689 1882 ἐκέλευσα
712 1812 848 1880 Πύλονδε
871 1819 1052 1888 καταςῆσαι
1077 1811 1129 1877 καὶ
1155 1810 1297 1894 ἐφέσσαι.

250 1925 309 1992 ubi
337 1922 549 1991 Harleienus:
583 1925 599 1999 ἡ
633 1924 751 1987 Ῥιανοῦ
781 1918 1029 2002 θποφθσσαι
1065 1917 1253 2006 (legendum
1286 1912 1424 1998 ἐφέσσαι)

251 2029 453 2110 θποπέμψαι.

296 2135 355 2202 od.
380 2159 405 2201 ο.
428 2133 507 2203 277.

612 2235 702 2304 οέλλοθ
725 2262 767 2316 με
793 2236 860 2312 νηὸς
883 2233 1027 2320 ἔφεσσαι.

297 2345 356 2412 od.
380 2342 410 2421 ξ.
434 2342 511 2411 295.

523 2450 553 2524 ἐς
577 2447 701 2527 Λιβύην
724 2449 759 2528 μ’
783 2448 835 2516 ἐπὶ
859 2450 926 2526 ναὸς
951 2448 1121 2530 ἐφέσσατο.

251 2556 352 2646 vulgo
383 2555 522 2622 ἐέσσατο.
553 2555 713 2622 scholion:
744 2553 862 2629 Ῥιανθς
893 2560 990 2638 φησιν
1025 2553 1244 2638 ἐφέσσατο.
1283 2550 1428 2630 Ζηνόδοτος

252 2663 450 2746 ἐφείσατο.

298 2768 357 2835 od.
381 2792 416 2834 π.
442 2765 520 2854 443.

388 2872 526 2941 πολλοθκι
553 2873 682 2953 γοθνασι
706 2881 795 2940 σοῖσιν
818 2873 1031 2954 ἐφεσσθμενος
1055 2872 1146 2955 κρέας
1169 2872 1263 2940 θπτθν

388 2982 418 3047 ἐν
442 2980 598 3062 χείρεσσιν
621 2977 724 3057 ἐθηκεν
748 2977 923 3059 ἐπέσχετε
946 2988 1035 3047 εοῖνον
1058 2978 1181 3062 ἐρνθρθν.

297 3088 388 3156 nied.
417 3097 441 3153 1.
467 3085 543 3152 455.

434 3194 557 3271 μήποτε
580 3191 709 3271 γοθνασι
734 3198 822 3257 σοῖσιν
846 3188 1032 3275 ἐφέσσεσθαι
1056 3192 1149 3284 φθλον
1171 3191 1234 3258 νέθν

434 3296 469 3375 ἐξ
488 3298 597 3378 ἐμέθεν
621 3304 787 3378 γεγαῶτα.

298 3415 338 3471 Α.
363 3403 441 3472 310.
489 3406 550 3471 θνα
575 3404 607 3470 δὲ
631 3404 786 3487 Χρυσηίδα
800 3441 842 3452 -
856 3400 936 3470 εἶπεν
958 3401 1057 3482 occu.

297 3506 904 3592 Lm.fflfffflhmm.

296 3617 386 3685 Haec
408 3621 515 3685 omnio
537 3639 636 3684 unam
655 3622 688 3683 et
708 3618 841 3684 eandem
860 3618 1023 3683 notionem
1042 3619 1205 3683 continent
1225 3621 1257 3683 et
1276 3638 1315 3683 ex
1335 3616 1433 3683 eodem

251 3728 348 3810 stirpe
371 3727 528 3813 prognata
550 3727 636 3789 sunt.
674 3721 857 3810 Hesychius
879 3721 1098 3805 Ἐφέσσαιτ
1124 3724 1301 3789 ἐπικαθίσαι
1325 3731 1364 3805 τῇ
1385 3721 1432 3796 νηΐ.

249 3830 341 3897 Idem
371 3829 629 3902 Ἀνέσαντεςτ
663 3827 918 3900 θνακαθθοαντεο.
964 3828 1013 3895 De
1042 3830 1200 3895 industria
1221 3832 1358 3895 utuntur
1376 3825 1433 3894 On·-

251 3938 309 4003 tici
339 3940 461 4002 veteres
490 3936 598 4002 verbis
629 3955 668 4000 ex
699 3933 830 4016 καθίζειν
864 3936 1048 4020 compositis
1077 3939 1115 3999 ut
1138 3939 1288 4020 eppcreet
1309 3936 1434 4003 verbum

249 4040 391 4107 ‘'ezelN
421 4045 456 4106 in
484 4041 536 4108 his
568 4043 707 4126 antiquis
734 4039 849 4128 glossis
870 4043 983 4107 inesse.
1030 4039 1240 4126 Rectissime,
1263 4044 1300 4106 ut
1324 4044 1433 4128 opinor.
1509 4035 1510 4048 ¹

250 4148 362 4214 Fuisse
385 4147 464 4214 olim
487 4147 638 4214 videntur
661 4147 723 4212 duo
747 4147 845 4213 verbe
868 4149 1036 4213 transitivo
1057 4143 1162 4212 ἝΖΩ
1182 4151 1214 4213 et
1235 4148 1344 4226 ἾΖΩ,
1371 4167 1435 4232 quc

252 4274 327 4318 rum
348 4249 421 4334 ἵζω,
446 4251 560 4335 ἐφθζο,
582 4251 693 4331 καθίζω
714 4250 858 4316 tulerunt
878 4257 1036 4328 aetatem,
1058 4274 1096 4316 ex
1115 4250 1221 4318 ἝΖΩ
1239 4252 1320 4318 nihil
1339 4274 1436 4338 super-

252 4364 301 4428 est
334 4363 459 4446 proeter
489 4358 631 4424 αονθοθιναι
661 4355 756 4442 ἕσας,
787 4355 907 4436 ἕσασα,
939 4358 1123 4442 ἀνέσαντες,
1154 4358 1298 4438 ἀνέσαιμι
1322 4359 1362 4425 de
1383 4379 1436 4444 quo
