3052 4970
834 257 900 325 370

567 448 621 524 ἤδη
645 447 708 528 γὰρ
732 445 817 528 <boloe
834 443 914 510 Ἧεν
937 445 987 510 ἐπὶ
1011 444 1129 526 χθόνα,

272 553 327 619 sed
358 558 394 628 tu
418 575 537 621 revoca
565 555 740 642 fugitivam
770 552 936 619 literulam
966 573 1003 617 ac
1033 550 1170 616 rescribe
1194 546 1284 614 ‘'Hlau
1305 542 1367 632 (ᾖεν)
1385 540 1422 606 iri

271 656 387 738 xilva,
412 660 645 746 quodpropter
669 659 718 723 ἐπὶ
742 657 848 740 zatun
873 659 948 742 (non
971 657 1069 741 χθονί)
1094 657 1302 722 necessarium
1321 655 1367 717 est.

319 763 452 850 Saepius
471 765 672 831 Aristarchus
691 785 748 851 pro
767 761 815 839 ἦεν
836 765 978 849 reposuit
997 761 1065 845 ᾖεν,
1079 761 1186 827 ueluti
1204 759 1310 846 Odyss.
1324 769 1353 822 Σ.
1366 753 1424 820 253.

498 872 583 948 μετὰ
607 879 685 936 τοῖσι
710 869 737 935 δ’
764 869 837 947 ἐμὸς
861 870 948 940 πόσις
973 863 1022 941 ἦεν
1044 865 1224 936 Ὀδυσσεύς.

271 976 328 1040 ubi
351 976 529 1064 Didymus:
562 973 625 1058 dcv
658 977 713 1041 σὺν
743 977 786 1055 τῷ
821 985 834 1039 Ι
866 975 1048 1055 Ἀρίςαρχυς
1079 971 1131 1037 καὶ
1166 968 1356 1052 ’Λριςοφάνης
1375 963 1425 1030 tui

271 1085 324 1147 τοῦ
348 1077 410 1154 ἦεν
433 1085 556 1171 corrige
588 1082 656 1147 cirri
689 1086 744 1147 τοῦ
779 1082 833 1164 ᾔει.
882 1081 1068 1146 Promissus
1090 1079 1175 1165 apud
1197 1078 1361 1144 Homerum
1380 1071 1428 1147 ἤϊεν

269 1192 301 1254 et
325 1183 374 1268 lav
397 1190 473 1274 poni
494 1188 606 1256 solent.

829 1499 911 1565 LVI.

572 1717 824 1775 ΧΔΟΜΩΔΙΑΙ
849 1745 892 1757 -
915 1717 1178 1773 monaulum.

320 1920 358 1984 In
380 1918 516 1986 Homeri
534 1919 697 1996 versibus,
717 1937 854 2004 quorum
874 1936 968 1982 nemo
987 1921 1035 1981 e‘st
1055 1919 1147 1982 testis
1166 1922 1199 1982 et
1218 1925 1322 1986 auctor
1337 1918 1433 2004 praeter

275 2023 407 2092 (lodices
430 2028 485 2111 qui
508 2025 603 2090 hodie
624 2028 810 2109 supersunt,
831 2042 923 2108 saepe
944 2025 1088 2088 invenias
1105 2024 1263 2090 immanes
1279 2026 1373 2091 hiatus
1387 2039 1433 2085 non

275 2136 439 2196 cantorum
472 2135 619 2197 veterum
649 2131 773 2194 incuria
804 2129 858 2194 sed
891 2129 1068 2193 scribarum
1100 2132 1254 2214 sequioris
1283 2131 1381 2196 aetatis
1399 2145 1433 2190 so

277 2237 383 2302 cordia
412 2242 503 2303 natos
533 2240 566 2302 et
596 2235 753 2321 probabili
784 2236 1006 2301 emendatione
1037 2237 1265 2315 removendos,
1299 2233 1434 2302 relutiin

277 2340 369 2406 Iliad.
393 2351 434 2408 Ψ.
461 2341 514 2408 71.

435 2446 534 2513 dolare
558 2473 600 2526 με
624 2443 689 2513 ὄττι
715 2447 840 2528 rclxrsc
865 2447 970 2521 πύλας
995 2448 1116 2514 'Asilae
1139 2449 1271 2529 casprino.

275 2554 331 2618 ubi
360 2573 423 2618 non
455 2558 581 2618 tantum
612 2539 750 2640 turpiter
780 2553 871 2619 hiant
903 2554 1031 2619 numeri
1057 2556 1091 2618 in
1118 2578 1159 2631 με
1183 2551 1268 2632 ὅττι,
1289 2553 1434 2619 sedetiam

278 2661 381 2724 omnis
410 2660 579 2726 verborum
611 2662 801 2745 compositio
831 2658 997 2724 claudicat.
1048 2659 1132 2740 Quid
1163 2665 1211 2726 cst
1240 2664 1319 2726 enim
1340 2657 1434 2742 περήσω

278 2771 310 2830 et
333 2765 416 2830 unde
437 2763 574 2850 pendet?
608 2765 738 2851 Optime
762 2767 870 2831 omnia
893 2786 926 2830 se
950 2765 1113 2830 habebunt
1135 2767 1193 2831 ubi
1220 2767 1391 2832 correxeris:

435 2871 535 2936 tetrus
559 2874 595 2950 μ’
619 2867 729 2936 i'ssssc
749 2869 884 2953 ”ssKtru
909 2870 1015 2942 πύλαις
1036 2871 1156 2936 'Afilae
1180 2875 1305 2953 περήσω.

321 2978 393 3043 Non
414 2981 523 3042 minus
545 2976 636 3043 foeda
656 2984 703 3043 cst
726 2976 862 3064 vulgata
884 2977 980 3042 lectio
1003 2975 1117 3064 Odyss.
1143 2994 1173 3044 λ.
1202 2977 1276 3045 144.

459 3082 559 3159 ratri,
584 3081 680 3162 εαὶναξ
703 3088 768 3156 πῶς
792 3081 843 3147 κέν
866 3107 907 3160 με
933 3082 1081 3161 ἀναγνοίη
1105 3085 1156 3149 τὸν
1184 3085 1284 3151 ἐόντα.

277 3189 332 3254 sed
354 3188 442 3254 facili
463 3191 593 3277 negotio
616 3191 827 3254 restituentur
849 3191 977 3254 numeri
1000 3191 1045 3254 sic

546 3295 686 3366 ὈΠπως
712 3292 746 3359 κέ
770 3297 805 3372 μ’
830 3295 978 3372 ἀναγνοίη
1006 3296 1057 3360 τὸν
1081 3296 1181 3363 ἐόντα.

320 3399 357 3464 In
387 3400 498 3465 eodem
525 3398 685 3487 Odysseae
714 3400 797 3466 libro
826 3415 859 3464 u.
887 3398 939 3464 52.
966 3421 1029 3466 non
1052 3405 1162 3470 minus
1183 3403 1335 3470 molestus
1355 3401 1438 3465 hiatus

277 3510 325 3572 est
348 3508 383 3571 in
410 3506 533 3572 verbis:
1294 3556 1297 3560 .

562 3605 604 3676 ὀὐ
628 3610 692 3691 γάρ
716 3636 763 3676 πω
789 3609 940 3676 ἐτέθαπτο
966 3611 1025 3678 ὑπὸ
1052 3612 1169 3693 χθονός.

276 3738 356 3804 qnae
378 3738 469 3784 aures
498 3718 579 3783 ferre
609 3722 741 3804 possunt
771 3720 805 3783 in
828 3717 1021 3784 mollissimo
1043 3722 1184 3786 carmine
1206 3721 1370 3790 Homerico
1389 3711 1437 3781 irl-

276 3827 375 3889 icurc
399 3820 478 3888 oet?
514 3823 599 3904 Quid
621 3822 746 3912 igitur?
781 3824 909 3910 Repone
933 3828 1199 3912 praepositionem
1219 3832 1254 3894 in
1277 3828 1332 3896 tali
1348 3849 1378 3893 re
1392 3822 1438 3888 uai-

279 3934 397 3995 talam:

527 4037 560 4101 οὐ
582 4034 646 4117 γάρ
670 4061 718 4102 πω
743 4036 894 4103 ἐτέθαπτο
921 4046 1038 4104 ΚΑΤΑ
1061 4039 1178 4120 χθονός.

276 4145 382 4207 atres
405 4139 494 4208 salva
517 4142 586 4207 erit.
