3034 4970
805 171 961 290 ιον

240 404 440 495 ίνοροάζεοίοοι
461 413 577 494 ζῶντος
600 414 630 477 ἒν
649 418 720 483 ποεῖς
742 407 831 484 tarra
852 413 916 476 ἀτδ
935 411 1065 493 φύλλων
1085 413 1139 477 καί
1160 422 1283 494 κοιρπῶν
1297 409 1414 504 ἀγρίων,

241 521 261 561 *
291 523 413 596 εὀίῆτος
445 526 558 602 φλοιάν
590 519 737 598 δενδρείων
762 518 944 597 ἀφροδισίων
968 521 1062 601 χωρίς
1086 521 1138 584 xxi
1164 521 1250 585 οίνου.
1297 518 1416 605 Supple

240 631 359 694 verim:
386 626 544 713 (ἔχοντοις)
571 626 718 699 εὀἀητΑΟ
745 624 806 707 (ἐκ)
831 630 945 706 φλοιῶν
968 626 1128 706 δενδρείων.
1215 679 1220 688 ,

288 733 446 800 Similiter
478 754 550 820 pag.
590 730 665 799 714.
696 729 753 794 ὃόοο
785 731 867 795 δοκεῖ
895 732 967 810 πρὸς
999 731 1161 808 εὐοέβειοιν
1195 732 1248 796 xxi
1274 730 1415 805 ὂοιάτητοι.

243 838 407 906 Sententia
429 859 493 904 non
516 847 563 903 est
587 836 747 903 absoluta:
769 836 967 902 addendum:
991 833 1050 901 ὅσοι
1076 838 1160 902 δοκεῖ
1182 837 1335 926 (ἀφελεῖν)
1355 838 1417 917 πρὸς

242 945 420 1025 εὐσέβειαν,
444 951 482 1009 ut
506 943 590 1028 apud
612 943 876 1027 Aristophanem:

429 1053 461 1116 τί
486 1048 518 1113 δὲ
541 1053 578 1128 μ’
603 1049 793 1131 ὠφελήσων
818 1049 842 1113 οἱ
866 1051 967 1129 ῥυθμοί
991 1051 1063 1130 πρὸς
1087 1048 1253 1132 τάλφιτοι;

286 1263 367 1351 Pag.
401 1259 478 1328 714.
508 1265 615 1324 narrat
646 1257 759 1323 Strabo
790 1258 868 1322 duos
889 1258 1041 1324 Indorum
1064 1260 1235 1344 sophistas·
1248 1261 1418 1346 (Brachma-

243 1375 313 1450 nas)
344 1364 588 1447 παρερχομένους
620 1363 692 1442 πρὸς
710 1365 778 1454 ιτην
809 1363 1012 1444 Ἀλεξάνδρου
1043 1366 1201 1446 τράτεζιιν
1225 1367 1418 1445 τωρωςάντοος

244 1477 382 1540 δειπνεῖν.
421 1471 501 1559 [κυνί]
533 1473 692 1549 κοιρτερίοιν
717 1470 867 1533 διδάσκειν
891 1479 1153 1552 τωροιχωροῦντιις
1179 1473 1222 1544 είς
1248 1498 1316 1538 τινοι
1339 1474 1419 1536 τόπον

245 1581 391 1657 πλησίον,
415 1575 489 1642 ὅπου
512 1577 563 1641 τὸν
586 1578 641 1653 μὲν
666 1575 871 1655 πρεσβύτερον
896 1579 1031 1642 renarra
1056 1577 1160 1643 ὕπτιον
1184 1580 1349 1660 ἀνέχεοίοιι
1371 1585 1420 1642 τῶν

247 1691 357 1766 ἡλίων,
393 1723 434 1734 -
467 1687 517 1749 τὸν
546 1685 571 1747 δ’
602 1682 709 1749 ἑςοίνοοι
740 1691 910 1760 μονοοκελῆ
936 1681 1025 1758 ξύλον
1051 1687 1215 1764 ἐπηρμένον
1239 1685 1420 1765 ἀμφοτέροις

245 1804 316 1866 τρεῖς
347 1792 452 1873 χερσίν
484 1785 550 1854 droa
581 1790 730 1868 τρίπηχυ.
777 1788 815 1853 In
844 1791 894 1854 his
918 1792 969 1854 κοιί
995 1799 1067 1857 ante
1091 1795 1253 1873 κιορτερίοιν
1284 1794 1421 1857 διδάτκειν

246 1898 360 1967 Gorads
383 1898 506 1963 addidit
528 1895 698 1960 intelieiter
721 1895 904 1960 admodum.
951 1897 1081 1962 Vitium
1106 1908 1154 1963 est
1175 1902 1263 1964 enim
1282 1903 1314 1963 in
1332 1901 1420 1963 διδάο·

246 2032 318 2073 κειν.
366 2003 528 2087 Scriptum
553 2009 620 2066 erat
644 2010 1075 2069 KAPTePIANAACKelN
1100 2012 1133 2070 et
1155 2006 1259 2070 futilis
1282 2012 1422 2071 corrector

247 2112 406 2191 κοιρτερίων
430 2109 599 2172 ΔΙδιίτκειν
624 2106 809 2185 substituit,
835 2129 935 2194 quum
959 2099 1040 2175 esset
1058 2114 1221 2190 κοιρτερίων
1243 2115 1281 2176 Δ’
1301 2092 1422 2177 ’Arxata

247 2221 351 2286 Nemo
374 2220 408 2280 in
431 2237 464 2279 re
488 2229 555 2278 tarn
579 2213 735 2296 simplici,
761 2215 871 2298 erede,
896 2222 991 2281 testes
1015 2218 1084 2282 dari
1107 2218 1281 2303 postulabit
1289 2239 1297 2297 ;
1321 2215 1422 2304 produ-

248 2346 318 2391 eam
349 2331 458 2387 tamen
488 2340 604 2402 unum,
636 2322 688 2383 eui
720 2323 781 2384 erit
803 2341 928 2387 neeesse
952 2324 1092 2397 eredere,
1116 2323 1305 2390 Strabonem
1326 2328 1421 2410 ipsum

247 2452 322 2517 pag.
346 2426 423 2495 719.
443 2425 512 2497 τοὺς
537 2425 568 2488 δὲ
592 2427 757 2502 γυμνητοις
783 2425 873 2514 (Leg.
897 2429 1073 2515 γυμνητιις)
1095 2433 1179 2493 aar&
1200 2433 1332 2508 τοῦνομοι
1350 2455 1423 2507 γυμ-

248 2537 313 2608 νοὺς
332 2533 437 2614 λοξὴν
457 2569 500 2580 -
521 2539 761 2596 ramerum
786 2532 1070 2608 'acriorurac⁸
1093 2528 1421 2616 saepememorati,

247 2663 362 2726 nempe
388 2640 447 2724 hoo
477 2640 546 2722 ipso
576 2636 662 2720 loeo,
696 2658 757 2721 quo
781 2639 819 2703 de
843 2642 980 2726 agimus.
1028 2639 1225 2707 simillimus
1249 2645 1322 2709 huie
1344 2643 1424 2707 loeus

248 2756 296 2816 est
318 2762 392 2834 pag.
417 2742 493 2810 713.
517 2745 624 2808 ἀσκεῖν
650 2744 680 2806 δὲ
704 2744 755 2808 uei
776 2745 900 2817 τούτους
924 2748 1081 2818 κάκείνους
1104 2749 1277 2829 κοορτερίοιν.

292 2957 387 3044 Apud
421 2953 616 3019 sininornn
649 2975 720 3041 pag.
760 2954 836 3022 718.
893 2957 1072 3023 Aiexander
1107 2959 1284 3024 Mandanin
1317 2958 1424 3025 indum

246 3071 339 3134 voeat
360 3063 400 3128 ad
423 3081 489 3126 sese
512 3062 671 3144 proposito
694 3063 722 3124 si
744 3064 867 3126 venerit
890 3066 1043 3147 praemio,
1069 3067 1118 3128 sin
1141 3068 1251 3130 minus
1270 3065 1423 3152 supplicio.

246 3169 427 3256 Respondet
461 3165 541 3244 μήτε
577 3166 661 3244 adra]
697 3167 756 3230 δεῖν
792 3174 850 3230 τῶν
883 3170 957 3246 παρ’
988 3170 1097 3233 ἐκείνου
1122 3171 1253 3248 δωρεῶν,
1279 3168 1315 3236 ὧν
1340 3171 1423 3240 οὐδεὶς

247 3278 348 3358 κόρος,
381 3276 462 3352 μήτε
492 3272 518 3335 δ’
551 3272 683 3346 ἀπειλῆς
715 3267 792 3336 είνοιι
825 3274 924 3355 φόβον
954 3271 975 3355 ᾧ
1009 3275 1094 3354 ζῶντι
1126 3277 1183 3354 μὲν
1214 3281 1348 3358 ἀρκοῦσιν
1384 3275 1422 3347 εἴη

247 3385 357 3466 τροφδς
391 3382 407 3454 ἡ
439 3379 568 3454 Ἰνδική,
597 3379 754 3442 ἀποθωνὼν
779 3379 810 3442 δὲ
834 3379 1096 3456 ἀτοιλλάξλΙΤΟ
1121 3391 1176 3457 τῆς
1200 3381 1422 3465 τετρυχωμένην

246 3494 345 3556 ’Alio
368 3490 467 3566 γήρως
487 3483 607 3562 οωρκός.
633 3481 810 3548 Barbarum
831 3494 878 3549 est
898 3487 1122 3564 ἀπαλλάξοιτο
1142 3488 1422 3573 proamitae-11.

247 3597 374 3662 Bonum
397 3592 518 3656 faetum
542 3589 626 3674 quod
648 3592 695 3653 rei
717 3596 831 3654 natura
840 3592 988 3676 fatorum
1007 3594 1147 3677 postulat
1160 3597 1423 3672 ἀπυλλάξΟΙΤο.

293 3700 460 3764 Praeterea
491 3696 592 3760 seribe
624 3696 721 3760 ‘Trio
747 3700 846 3776 γήρως
869 3718 925 3781 pro
949 3699 1022 3762 ἀπό.
1071 3698 1218 3765 Sexcenti
1242 3705 1327 3787 apud
1350 3700 1426 3766 Stra·

248 3809 365 3874 bonem
387 3803 450 3868 looi
472 3802 531 3866 hoe
555 3803 635 3867 vitio
660 3802 771 3867 infecti
793 3803 896 3869 adhue
918 3805 1114 3872 inemendati
1138 3808 1405 3874 eircumferuntur.

295 4015 378 4102 Pag.
412 4011 488 4079 725.
520 4049 563 4060 -
594 4011 853 4091 ἀπεργαζομένων
885 4052 927 4062 -
958 4016 1065 4096 ἀχλὺν
1095 4013 1152 4084 ὥτε
1184 4019 1227 4082 τοὶ
1260 4020 1315 4097 πρὸ
1340 4015 1425 4081 ποδῶν

255 4122 359 4212 [μέρη]
390 4120 433 4196 aa
465 4118 600 4194 ὂοάοίνι.
647 4116 804 4204 Expunge
834 4118 933 4197 μέρη,
963 4122 1046 4206 quod
1077 4122 1170 4207 plane
1197 4145 1291 4190 sensu
1312 4137 1427 4188 eassnrn

252 4235 310 4296 est.
356 4226 393 4290 In
417 4221 519 4288 simili
541 4244 574 4286 re
598 4221 640 4286 τά
664 4225 718 4301 πρὸ
743 4225 839 4289 ποδῶν
863 4226 1009 4292 dicebant
1032 4248 1151 4300 omnes.

258 4391 260 4396 .
349 4331 435 4411 Quod
456 4336 526 4392 aare
542 4330 634 4410 ροάοο
656 4351 738 4393 nemo
760 4338 887 4416 aperiat,
912 4335 987 4398 οοιίν·
1007 4343 1182 4400 scrutentur
1201 4339 1273 4421 ρίορ
1307 4385 1313 4402 .
