3034 4970
654 237 719 308 173

116 433 190 498 cilios
216 433 294 496 ieter
319 452 349 495 se
378 429 469 494 Eleos
496 435 525 494 et
555 428 680 493 Piratae
708 430 805 494 eodem
828 429 884 494 illo
906 437 1029 496 νιοοιίοιο
1050 438 1176 518 tempere
1198 461 1279 504 ρρρρ.

115 538 195 602 σνιζιιι
222 537 313 602 tradit
340 535 513 600 Ροιιοοιιίοι
534 533 588 600 Vl.
612 533 667 598 22.
691 533 722 599 2.
746 541 792 599 ea
814 544 848 601 ret
870 545 1008 625 atrosque
1030 539 1122 604 simut
1142 545 1280 610 societate

115 667 167 706 ονιιι
195 643 346 708 Messeniis
374 642 542 706 eooioaetoa
563 641 668 726 fuisse
685 665 795 724 perum
813 645 968 726 probabile
981 648 1053 728 fier.
1078 646 1150 712 Non
1173 649 1278 715 dicam

114 770 190 834 posse
208 749 280 815 duos
297 752 443 815 inimicos
462 748 502 814 sd
522 769 725 814 sommunem
746 751 887 815 amicum
907 751 1140 832 adiuvandum,
1162 760 1194 819 et
1212 777 1280 822 ma·

114 857 157 942 gis
178 856 267 920 etiam
289 855 328 920 ad
348 875 553 920 communem
572 853 709 919 salutem
728 855 897 940 tuendam,
917 877 1006 923 arma
1018 861 1211 936 consociare,
1225 863 1280 928 sed

113 960 187 1026 malo
214 965 397 1048 argumento
426 963 477 1025 nti
509 961 664 1048 graviore.
711 960 848 1026 Prodest
870 964 961 1028 testis
983 984 1002 1028 s
1023 964 1179 1032 Kramero
1203 970 1279 1034 eita-

113 1071 169 1131 tus:
197 1068 325 1148 τετιίρτρ
357 1065 390 1131 δὲ
416 1065 610 1143 Ὀλυμπιοίδι
642 1066 694 1130 καὶ
722 1077 867 1150 resorberi
892 1069 1001 1149 τρωτὸν
1032 1072 1057 1136 ol
1081 1081 1203 1138 Πισαῖοι
1227 1074 1279 1138 καὶ

114 1171 247 1250 βασιλεὺς
274 1173 374 1236 αὐτῶν
405 1170 593 1236 Πανταλέων
625 1172 638 1236 i
662 1172 884 1254 Ὀμφαλίωνος
908 1176 995 1255 παρίο
1017 1183 1076 1241 τῶν
1100 1179 1280 1261 προσχώρων

113 1278 287 1356 ἀθροίσαντες
311 1276 457 1351 ἐποίησαν
480 1278 549 1342 ἀντ’
573 1277 700 1342 Ἠλείων
724 1279 767 1342 τίς
787 1281 963 1358 Ὀλύμπια.
1001 1282 1090 1349 Idem
1110 1285 1148 1351 de
1169 1288 1280 1353 eodem

113 1384 209 1448 scribit
236 1383 286 1448 VI.
319 1383 373 1448 21.
410 1383 439 1447 l.
473 1420 516 1432 —
546 1381 642 1463 ἄνδρα
670 1392 797 1450 Πισαῖον
821 1387 1032 1454 Πανταλέοντι
1056 1391 1280 1471 ἐναντιούμενον

113 1490 148 1566 τῷ
174 1488 390 1572 Ὀμφαλίωνος
414 1494 604 1570 τυραννοῦντι
630 1491 661 1553 ἐν
685 1491 764 1574 Πίσρ
789 1493 841 1557 καί
866 1496 1126 1562 ’AHOCTACIN
1151 1498 1281 1574 βουλεύ-

76 1665 77 1668 ,
113 1617 164 1660 ινιι
191 1597 249 1662 ἀπὸ
281 1595 420 1660 Ἠλείων.
453 1594 670 1683 Cogitandum
700 1599 843 1682 primum
875 1606 923 1664 ert
952 1602 1029 1686 quid
1059 1604 1101 1667 sit
1124 1604 1280 1672 ύτύςασιν

112 1699 263 1782 βουλεύειν,
298 1704 510 1790 similiterque
542 1704 580 1770 de
610 1703 826 1771 Pantaleontis
855 1705 920 1771 filio
949 1706 1002 1772 VI.
1032 1707 1085 1772 22.
1111 1707 1142 1774 4.
1166 1711 1280 1790 Πύρρου

111 1806 138 1871 δὲ
157 1813 205 1873 τοῦ
223 1810 451 1882 Πανταλέοντος
472 1809 557 1887 μετὰ
577 1817 782 1892 Δαμοφῶντα
803 1799 853 1875 τὸν
874 1812 1011 1891 οίδελφὸν
1031 1815 1279 1891 βασιλεύσαντος

112 1923 218 1980 Πισαῖοι
239 1917 374 1995 πόλεμον
395 1917 526 1983 ἑκούσιον
548 1917 741 1982 ἐπανείλοντο
762 1919 904 1988 Ἠλείοις.
939 1927 1281 1988 ΕΤΝΑΠΕΟΤΗΟΑΝ

112 2017 138 2082 δέ
163 2027 261 2104 σφισιν
292 2025 356 2090 oiri
387 2023 515 2088 Ἠλείων
548 2023 695 2091 Μακίςιοι
727 2024 779 2088 καί
812 2026 1038 2102 Σκιλλούντιοι,
1063 2023 1142 2092 οὗτοι
1167 2029 1224 2112 μὲν
1248 2032 1283 2095 ἐκ

110 2132 156 2199 τῆς
196 2129 390 2210 Τριφυλίας,
432 2134 490 2193 τῶν
525 2130 555 2194 δὲ
592 2127 696 2194 σίλλων
731 2131 885 2210 περιοίκων
920 2132 1111 2198 Δυσπόντιοι.
1159 2134 1283 2222 Nempe

110 2233 248 2309 ύποςῆναι
273 2236 462 2322 (desciscere,
487 2234 622 2320 deficere)
648 2236 797 2300 dicuntur
819 2238 874 2320 qui
895 2237 978 2306 bello
997 2237 1090 2303 irsoti
1109 2245 1141 2304 et
1159 2242 1279 2308 subaet‘

110 2340 308 2406 subalterius
330 2340 638 2426 populiimperium
663 2349 695 2406 et
717 2341 870 2406 ditionem
894 2343 1073 2409 oeciderunt
1097 2349 1128 2410 et
1155 2349 1283 2413 nomine

110 2450 177 2512 socii
196 2468 302 2532 reapse
320 2451 478 2532 imperate
496 2447 618 2512 faciunt
639 2451 671 2512 et
690 2450 724 2512 in
743 2449 794 2512 his
813 2445 938 2512 ἕπονται
959 2445 977 2529 ᾖ
995 2448 1033 2513 eir
1053 2473 1099 2521 τις
1120 2451 1283 2530 ἐξηγῆται.

108 2551 206 2639 ltaque
234 2557 261 2620 si
290 2554 316 2619 oi
345 2555 482 2617 Πισύται
513 2555 561 2618 ita
590 2558 664 2618 sunt
694 2553 927 2618 Messeniorum
959 2557 1051 2633 socii,
1083 2577 1208 2622 neeesse
1235 2563 1283 2623 est

110 2679 154 2723 eos
183 2660 380 2726 Elidensium
412 2661 504 2745 signa
535 2661 641 2743 sequi,
672 2679 774 2743 neque
804 2658 871 2724 ullo
900 2660 995 2724 modo
1025 2659 1093 2725 fieri
1119 2665 1224 2747 potuit
1247 2668 1284 2728 ut

107 2763 257 2831 Elidensee
281 2786 355 2830 oum
383 2762 547 2850 Spartanis
566 2764 719 2841 fenerent,
741 2764 868 2831 Pisatae
887 2786 960 2831 eum
979 2764 1157 2831 Messeniis.
1194 2767 1285 2848 Quod

108 2874 205 2936 antem
236 2872 353 2936 dieitur
383 2869 559 2935 Pantaleon
581 2870 736 2937 οὶπύςασιν
759 2871 937 2949 βουλεύειν,
962 2877 994 2935 et
1016 2870 1179 2958 Pyrrhum
1202 2873 1285 2939 Pan-

108 2977 244 3044 taleontis
272 2975 379 3041 filium
405 2977 576 3055 ύποςῆναι,
603 2977 717 3042 diserte
742 2982 877 3041 testatur
899 2976 1074 3041 Pausanias
1095 2976 1147 3042 VI.
1172 2977 1226 3044 22.
1252 2981 1283 3046 3.

107 3083 264 3150 rebellasse
298 3082 540 3148 Pantaleontem
576 3081 767 3169 Olympiade
802 3081 953 3163 ίνίροοίιοο
986 3079 1105 3167 qeerte'.
1155 3083 1284 3150 Bellum

108 3187 332 3256 Messeniaoum
362 3189 540 3255 coniectum
571 3194 619 3254 est
651 3187 852 3275 Olympiadis
881 3188 1037 3270 eipeeimoe
1066 3196 1184 3254 octavae
1206 3213 1284 3256 οιοιοο

107 3297 235 3373 ιοιιιιιιίο,
268 3295 304 3360 id
334 3299 382 3360 est
412 3293 507 3360 XXII
537 3300 609 3360 ante
640 3297 745 3372 annis;
778 3297 886 3378 itaque
917 3293 998 3358 nihil
1021 3315 1132 3360 causae
1156 3301 1203 3361 est
1228 3318 1285 3362 eur

107 3399 230 3488 vulgate
254 3400 339 3485 apud
361 3398 549 3466 Strabonem
573 3403 730 3486 scriptura
751 3401 902 3466 mendosa
924 3403 1225 3468 esseexistimetur.

145 3504 293 3592 Sequitur
321 3511 360 3570 ut
387 3506 512 3572 disertis
543 3508 735 3572 testimoniis
768 3507 983 3572 demonstrem
1008 3505 1176 3573 Elidenses
1199 3509 1285 3576 Mes·

106 3615 193 3678 seniis
214 3616 248 3678 in
260 3613 396 3678 ..recreatio
416 3611 499 3677 bello
521 3611 633 3677 tulisse
651 3632 754 3698 opem.
788 3613 875 3676 Audi
893 3612 1086 3677 Pausaniam
1107 3612 1160 3678 IV.
1181 3614 1234 3683 16.
1253 3617 1283 3685 7.

105 3719 279 3793 Μεσσηνίοις
315 3718 370 3795 μὲν
407 3712 456 3782 οὖν
491 3721 627 3783 Ἠλεῖοι
663 3717 715 3782 καὶ
747 3716 916 3799 Ἀρκοίδες,
949 3715 993 3782 ἔτι
1026 3717 1057 3782 δὲ
1089 3719 1124 3797 ἐξ
1148 3721 1284 3801 ’Ἄργους

106 3821 230 3901 ύφίκετο
257 3825 310 3889 καί
344 3828 490 3896 Σικυῶνος
522 3823 659 3902 βοήθεια.
706 3823 797 3904 Quod
828 3826 1049 3890 testimonium
1079 3823 1284 3896 confirmetur
1365 3842 1368 3848 ’

105 3928 196 3997 altero
226 3931 279 3998 IV.
312 3929 366 3998 17.
390 3929 422 3996 2.
445 3932 503 3996 ubi
526 3933 635 3997 scribit
657 3928 832 3996 Messenios
856 3935 888 3996 et
911 3932 1010 3996 socios
1032 3931 1169 3997 Arcades
1193 3940 1284 4002 atrox

105 4035 254 4117 proelium
284 4037 334 4100 e’rrt
365 4045 404 4117 τῇ
436 4037 609 4117 καλουμένιρ
639 4035 767 4118 μενοίλιρ
790 4037 900 4117 τύφρῳ
924 4038 1119 4102 commisisse
1143 4038 1283 4107 dederes

106 4140 157 4213 μὲν
175 4149 232 4206 τῶν
255 4142 364 4207 Ἠλεί
373 4167 417 4207 ων
440 4150 495 4217 τῆς
516 4142 646 4226 ροοίχιρς,
666 4139 804 4206 οίπύντων
824 4143 855 4206 δὲ
877 4141 1024 4220 Ἀργείων
1037 4142 1090 4206 καὶ
1105 4147 1282 4215 Σικυωνίων.

105 4245 171 4312 Non
200 4249 348 4336 fugerant
376 4250 453 4314 haee
485 4249 697 4324 Kramemm,
721 4247 776 4312 sed
800 4249 923 4326 „Illeoa
947 4270 1019 4334 ραοο
1041 4249 1210 4314 Ροαοοιοίοο
1232 4277 1282 4336 ορ-

100 4354 191 4432 pellet
222 4355 435 4420 Meaeeoiorsoo
467 4360 558 4419 aoeies
593 4353 738 4442 (inquit),
777 4353 904 4420 Piratae
938 4355 1056 4419 videtur
1090 4355 1287 4437 intellipere.'’
