<?xml version="1.0" encoding="UTF-8"?>
<!DOCTYPE html PUBLIC "-//W3C//DTD XHTML 1.0 Transitional//EN"
    "http://www.w3.org/TR/xhtml1/DTD/xhtml1-transitional.dtd">
<html xmlns="http://www.w3.org/1999/xhtml" xml:lang="en" lang="en">
 <head>
  <title>
</title>
<meta http-equiv="Content-Type" content="text/html;charset=utf-8" />
  <meta name='ocr-system' content='tesseract 3.04.00' />
  <meta name='ocr-capabilities' content='ocr_page ocr_carea ocr_par ocr_line ocrx_word'/>
</head>
<body>
  <div class='ocr_page' id='page_1' title='image "./miscellaneacrit02cobegoog_0210.png"; bbox 0 0 3034 4970; ppageno 0'>
   <div class='ocr_carea' id='block_1_1' title="bbox 812 226 877 295">
    <p class='ocr_par' dir='ltr' id='par_1_1' title="bbox 812 226 877 295">
     <span class='ocr_line' id='line_1_1' title="bbox 812 226 877 295; baseline 0.015 -1"><span class='ocrx_word' id='word_1_1' title='bbox 812 226 877 295; x_wconf 85' lang='lat' dir='ltr'>las</span> 
     </span>
    </p>
   </div>
   <div class='ocr_carea' id='block_1_2' title="bbox 249 415 1499 934">
    <p class='ocr_par' dir='ltr' id='par_1_2' title="bbox 249 415 1499 934">
     <span class='ocr_line' id='line_1_2' title="bbox 294 415 1418 508; baseline 0 -24"><span class='ocrx_word' id='word_1_2' title='bbox 294 416 373 508; x_wconf 77' lang='lat' dir='ltr'>Peg.</span> <span class='ocrx_word' id='word_1_3' title='bbox 409 417 484 485; x_wconf 81' lang='grc'><strong>566.</strong></span> <span class='ocrx_word' id='word_1_4' title='bbox 516 416 602 494; x_wconf 81' lang='grc' dir='ltr'><strong><em>οὗτος</em></strong></span> <span class='ocrx_word' id='word_1_5' title='bbox 634 419 660 483; x_wconf 75' lang='grc' dir='ltr'>δ’</span> <span class='ocrx_word' id='word_1_6' title='bbox 683 418 745 487; x_wconf 74' lang='lat' dir='ltr'>iria</span> <span class='ocrx_word' id='word_1_7' title='bbox 770 419 784 484; x_wconf 87' lang='grc' dir='ltr'><strong><em>ί</em></strong></span> <span class='ocrx_word' id='word_1_8' title='bbox 808 420 960 497; x_wconf 86' lang='grc' dir='ltr'><strong><em>Προυσίιις</em></strong></span> <span class='ocrx_word' id='word_1_9' title='bbox 984 419 998 484; x_wconf 87' lang='grc' dir='ltr'><strong><em>ί</em></strong></span> <span class='ocrx_word' id='word_1_10' title='bbox 1023 421 1075 486; x_wconf 76' lang='lat' dir='ltr'>asi</span> <span class='ocrx_word' id='word_1_11' title='bbox 1099 420 1249 500; x_wconf 79' lang='grc' dir='ltr'>Ἀννίβου</span> <span class='ocrx_word' id='word_1_12' title='bbox 1272 415 1418 498; x_wconf 73' lang='grc' dir='ltr'>δεξάμενος</span> 
     </span>
     <span class='ocr_line' id='line_1_3' title="bbox 251 524 1499 618; baseline -0.004 -26"><span class='ocrx_word' id='word_1_13' title='bbox 251 564 294 576; x_wconf 92' lang='grc'>-</span> <span class='ocrx_word' id='word_1_14' title='bbox 324 527 377 592; x_wconf 79' lang='grc' dir='ltr'>νομί</span> <span class='ocrx_word' id='word_1_15' title='bbox 406 536 461 602; x_wconf 75' lang='grc' dir='ltr'>σῆς</span> <span class='ocrx_word' id='word_1_16' title='bbox 485 528 538 606; x_wconf 80' lang='grc' dir='ltr'>ἐφ’</span> <span class='ocrx_word' id='word_1_17' title='bbox 562 524 781 606; x_wconf 77' lang='grc' dir='ltr'><strong><em>Ἑλλησπόντῳ</em></strong></span> <span class='ocrx_word' id='word_1_18' title='bbox 805 528 942 606; x_wconf 68' lang='grc' dir='ltr'>Φρυγίοις</span> <span class='ocrx_word' id='word_1_19' title='bbox 966 527 1129 598; x_wconf 76' lang='grc' dir='ltr'><strong><em>ἈΝΑςιὶς</em></strong></span> <span class='ocrx_word' id='word_1_20' title='bbox 1153 528 1239 592; x_wconf 75' lang='grc' dir='ltr'><strong><em>κοντοὶ</em></strong></span> <span class='ocrx_word' id='word_1_21' title='bbox 1263 527 1420 603; x_wconf 66' lang='grc' dir='ltr'><strong><em>συμβάσεις</em></strong></span> <span class='ocrx_word' id='word_1_22' title='bbox 1498 605 1499 618; x_wconf 19' lang='lat'>¹</span> 
     </span>
     <span class='ocr_line' id='line_1_4' title="bbox 249 629 1422 716; baseline -0.003 -18"><span class='ocrx_word' id='word_1_23' title='bbox 249 641 312 706; x_wconf 82' lang='grc' dir='ltr'>τοῖς</span> <span class='ocrx_word' id='word_1_24' title='bbox 344 634 553 706; x_wconf 62' lang='lat' dir='ltr'>&#39;Arretinis</span> <span class='ocrx_word' id='word_1_25' title='bbox 601 632 742 697; x_wconf 80' lang='lat' dir='ltr'><strong>Haerent</strong></span> <span class='ocrx_word' id='word_1_26' title='bbox 773 634 808 696; x_wconf 89' lang='lat' dir='ltr'>in</span> <span class='ocrx_word' id='word_1_27' title='bbox 843 629 964 702; x_wconf 68' lang='grc' dir='ltr'>σίνος-νίς</span> <span class='ocrx_word' id='word_1_28' title='bbox 1000 638 1185 716; x_wconf 78' lang='lat' dir='ltr'>reponentes</span> <span class='ocrx_word' id='word_1_29' title='bbox 1221 634 1366 700; x_wconf 76' lang='grc' dir='ltr'>νίννίςιισιν</span> <span class='ocrx_word' id='word_1_30' title='bbox 1395 637 1422 696; x_wconf 90' lang='lat' dir='ltr'>et</span> 
     </span>
     <span class='ocr_line' id='line_1_5' title="bbox 250 736 1421 820; baseline -0.007 -14"><span class='ocrx_word' id='word_1_31' title='bbox 250 740 314 806; x_wconf 86' lang='lat' dir='ltr'>alia</span> <span class='ocrx_word' id='word_1_32' title='bbox 332 738 564 820; x_wconf 77' lang='grc' dir='ltr'><strong><em>ιὶσροσδιίνυσιι.</em></strong></span> <span class='ocrx_word' id='word_1_33' title='bbox 611 739 689 805; x_wconf 78' lang='lat' dir='ltr'>Erat</span> <span class='ocrx_word' id='word_1_34' title='bbox 707 744 816 802; x_wconf 89' lang='lat' dir='ltr'>tamen</span> <span class='ocrx_word' id='word_1_35' title='bbox 836 736 1010 802; x_wconf 81' lang='lat' dir='ltr'>facillimus</span> <span class='ocrx_word' id='word_1_36' title='bbox 1028 736 1116 802; x_wconf 89' lang='lat' dir='ltr'>locus</span> <span class='ocrx_word' id='word_1_37' title='bbox 1136 737 1176 803; x_wconf 93' lang='lat' dir='ltr'>ad</span> <span class='ocrx_word' id='word_1_38' title='bbox 1196 737 1421 805; x_wconf 86' lang='lat' dir='ltr'>emendandum.</span> 
     </span>
     <span class='ocr_line' id='line_1_6' title="bbox 249 842 1421 934; baseline -0.004 -26"><span class='ocrx_word' id='word_1_39' title='bbox 249 843 379 911; x_wconf 87' lang='lat' dir='ltr'>Prusias</span> <span class='ocrx_word' id='word_1_40' title='bbox 401 843 582 934; x_wconf 77' lang='lat' dir='ltr'><strong>Phrygiam</strong></span> <span class='ocrx_word' id='word_1_41' title='bbox 606 845 645 910; x_wconf 92' lang='lat' dir='ltr'>ad</span> <span class='ocrx_word' id='word_1_42' title='bbox 663 842 910 929; x_wconf 77' lang='lat' dir='ltr'>Hellespontum</span> <span class='ocrx_word' id='word_1_43' title='bbox 929 843 1067 907; x_wconf 76' lang='lat' dir='ltr'>biumeni</span> <span class='ocrx_word' id='word_1_44' title='bbox 1086 865 1125 908; x_wconf 84' lang='lat' dir='ltr'>ex</span> <span class='ocrx_word' id='word_1_45' title='bbox 1145 843 1270 910; x_wconf 85' lang='lat' dir='ltr'>foedere</span> <span class='ocrx_word' id='word_1_46' title='bbox 1289 843 1421 909; x_wconf 77' lang='grc' dir='ltr'><strong><em>σινισιιείί.</em></strong></span> 
     </span>
    </p>
   </div>
   <div class='ocr_carea' id='block_1_3' title="bbox 249 947 1500 1144">
    <p class='ocr_par' dir='ltr' id='par_1_3' title="bbox 249 947 1500 1144">
     <span class='ocr_line' id='line_1_7' title="bbox 249 947 1500 1050; baseline -0.004 -35"><span class='ocrx_word' id='word_1_47' title='bbox 249 949 357 1039; x_wconf 77' lang='lat' dir='ltr'>Igitur</span> <span class='ocrx_word' id='word_1_48' title='bbox 384 972 498 1017; x_wconf 84' lang='lat' dir='ltr'>verum</span> <span class='ocrx_word' id='word_1_49' title='bbox 530 955 578 1017; x_wconf 90' lang='lat' dir='ltr'>est</span> <span class='ocrx_word' id='word_1_50' title='bbox 608 959 664 1024; x_wconf 81' lang='grc' dir='ltr'>σῆς</span> <span class='ocrx_word' id='word_1_51' title='bbox 695 949 833 1030; x_wconf 70' lang='grc' dir='ltr'>Φρυγίοις</span> <span class='ocrx_word' id='word_1_52' title='bbox 863 949 1023 1020; x_wconf 76' lang='grc' dir='ltr'><strong><em>’ΛΠΟςίις</em></strong></span> <span class='ocrx_word' id='word_1_53' title='bbox 1058 955 1123 1021; x_wconf 84' lang='grc' dir='ltr'>σοῖς</span> <span class='ocrx_word' id='word_1_54' title='bbox 1157 950 1363 1021; x_wconf 82' lang='grc' dir='ltr'>Ἀσσιιλικοῖς.</span> <span class='ocrx_word' id='word_1_55' title='bbox 1390 947 1421 1012; x_wconf 90' lang='lat' dir='ltr'>ef.</span> <span class='ocrx_word' id='word_1_56' title='bbox 1499 1027 1500 1050; x_wconf 21' lang='grc' dir='ltr'>ἢ</span> 
     </span>
     <span class='ocr_line' id='line_1_8' title="bbox 250 1053 1500 1144; baseline -0.004 -24"><span class='ocrx_word' id='word_1_57' title='bbox 250 1055 366 1144; x_wconf 81' lang='lat' dir='ltr'><strong>Polyb.</strong></span> <span class='ocrx_word' id='word_1_58' title='bbox 390 1056 493 1122; x_wconf 88' lang='lat' dir='ltr'>XXII.</span> <span class='ocrx_word' id='word_1_59' title='bbox 519 1053 574 1121; x_wconf 84' lang='lat'>27.</span> <span class='ocrx_word' id='word_1_60' title='bbox 694 1063 696 1068; x_wconf 87' lang='grc'><strong>’</strong></span> <span class='ocrx_word' id='word_1_61' title='bbox 1499 1067 1500 1076; x_wconf 75' lang='grc'>’</span> 
     </span>
    </p>
   </div>
   <div class='ocr_carea' id='block_1_4' title="bbox 251 1262 1501 1990">
    <p class='ocr_par' dir='ltr' id='par_1_4' title="bbox 251 1262 1501 1990">
     <span class='ocr_line' id='line_1_9' title="bbox 296 1262 1423 1352; baseline 0.004 -23"><span class='ocrx_word' id='word_1_62' title='bbox 296 1263 423 1330; x_wconf 74' lang='grc' dir='ltr'><strong><em>ὃΉιΔΒο</em></strong></span> <span class='ocrx_word' id='word_1_63' title='bbox 454 1284 528 1352; x_wconf 75' lang='lat' dir='ltr'>pag.</span> <span class='ocrx_word' id='word_1_64' title='bbox 554 1263 630 1330; x_wconf 83' lang='lat'><strong>565.</strong></span> <span class='ocrx_word' id='word_1_65' title='bbox 654 1263 817 1343; x_wconf 75' lang='grc' dir='ltr'>γεγονίσος</span> <span class='ocrx_word' id='word_1_66' title='bbox 841 1263 941 1343; x_wconf 79' lang='grc' dir='ltr'><strong><em>ἐτέρου</em></strong></span> <span class='ocrx_word' id='word_1_67' title='bbox 962 1262 1044 1338; x_wconf 80' lang='grc' dir='ltr'><strong><em>σινίς</em></strong></span> <span class='ocrx_word' id='word_1_68' title='bbox 1069 1271 1219 1345; x_wconf 78' lang='grc' dir='ltr'><strong><em>μερισμοῦ</em></strong></span> <span class='ocrx_word' id='word_1_69' title='bbox 1244 1273 1298 1340; x_wconf 73' lang='grc' dir='ltr'>τῆς</span> <span class='ocrx_word' id='word_1_70' title='bbox 1317 1265 1423 1346; x_wconf 72' lang='grc' dir='ltr'>χοίρους,</span> 
     </span>
     <span class='ocr_line' id='line_1_10' title="bbox 251 1367 1501 1454; baseline -0.002 -18"><span class='ocrx_word' id='word_1_71' title='bbox 251 1367 285 1436; x_wconf 82' lang='grc' dir='ltr'>οὗ</span> <span class='ocrx_word' id='word_1_72' title='bbox 308 1374 431 1447; x_wconf 74' lang='grc' dir='ltr'><strong><em>μᾶλλον</em></strong></span> <span class='ocrx_word' id='word_1_73' title='bbox 451 1371 612 1451; x_wconf 82' lang='grc' dir='ltr'><strong><em>Φρονσίσιιι</em></strong></span> <span class='ocrx_word' id='word_1_74' title='bbox 633 1370 681 1436; x_wconf 72' lang='grc' dir='ltr'>δεῖ</span> <span class='ocrx_word' id='word_1_75' title='bbox 701 1371 744 1435; x_wconf 78' lang='grc' dir='ltr'>σίν</span> <span class='ocrx_word' id='word_1_76' title='bbox 767 1375 817 1434; x_wconf 83' lang='grc' dir='ltr'>νῦν</span> <span class='ocrx_word' id='word_1_77' title='bbox 839 1378 988 1434; x_wconf 79' lang='grc' dir='ltr'><strong>ΟΙΕΤΛΙ</strong></span> <span class='ocrx_word' id='word_1_78' title='bbox 1010 1371 1183 1448; x_wconf 73' lang='grc' dir='ltr'><strong><em>λέγοντος,</em></strong></span> <span class='ocrx_word' id='word_1_79' title='bbox 1204 1382 1244 1454; x_wconf 71' lang='grc' dir='ltr'>τῇ</span> <span class='ocrx_word' id='word_1_80' title='bbox 1265 1372 1295 1437; x_wconf 76' lang='grc' dir='ltr'>δὲ</span> <span class='ocrx_word' id='word_1_81' title='bbox 1312 1374 1424 1452; x_wconf 74' lang='grc' dir='ltr'><strong><em>ἅρχιιιι·</em></strong></span> <span class='ocrx_word' id='word_1_82' title='bbox 1500 1443 1501 1454; x_wconf 18' lang='lat'>¹</span> 
     </span>
     <span class='ocr_line' id='line_1_11' title="bbox 251 1466 1424 1564; baseline 0.001 -24"><span class='ocrx_word' id='word_1_83' title='bbox 251 1475 347 1558; x_wconf 72' lang='grc' dir='ltr'>λογίρι</span> <span class='ocrx_word' id='word_1_84' title='bbox 384 1479 513 1556; x_wconf 79' lang='grc' dir='ltr'><strong><em>μετρίως</em></strong></span> <span class='ocrx_word' id='word_1_85' title='bbox 549 1478 769 1559; x_wconf 79' lang='grc' dir='ltr'>προσέχοντος.</span> <span class='ocrx_word' id='word_1_86' title='bbox 825 1466 1000 1561; x_wconf 82' lang='lat' dir='ltr'>Receptam</span> <span class='ocrx_word' id='word_1_87' title='bbox 1034 1477 1113 1559; x_wconf 86' lang='lat' dir='ltr'>olim</span> <span class='ocrx_word' id='word_1_88' title='bbox 1147 1482 1288 1564; x_wconf 90' lang='lat' dir='ltr'>oportuit</span> <span class='ocrx_word' id='word_1_89' title='bbox 1320 1483 1424 1564; x_wconf 82' lang='lat' dir='ltr'>certam</span> 
     </span>
     <span class='ocr_line' id='line_1_12' title="bbox 251 1579 1422 1672; baseline -0.004 -23"><span class='ocrx_word' id='word_1_90' title='bbox 251 1579 361 1649; x_wconf 80' lang='lat' dir='ltr'>Cernis</span> <span class='ocrx_word' id='word_1_91' title='bbox 392 1581 645 1649; x_wconf 75' lang='lat' dir='ltr'>emendationem</span> <span class='ocrx_word' id='word_1_92' title='bbox 675 1584 718 1648; x_wconf 79' lang='grc' dir='ltr'>σίν</span> <span class='ocrx_word' id='word_1_93' title='bbox 746 1587 797 1646; x_wconf 82' lang='grc' dir='ltr'>νῦν</span> <span class='ocrx_word' id='word_1_94' title='bbox 817 1582 956 1648; x_wconf 84' lang='grc' dir='ltr'>’ΌΝΤΑ</span> <span class='ocrx_word' id='word_1_95' title='bbox 981 1582 1143 1661; x_wconf 76' lang='grc' dir='ltr'><strong><em>λέγοντος.</em></strong></span> <span class='ocrx_word' id='word_1_96' title='bbox 1192 1581 1240 1650; x_wconf 85' lang='lat' dir='ltr'>Cf.</span> <span class='ocrx_word' id='word_1_97' title='bbox 1264 1605 1335 1672; x_wconf 78' lang='lat' dir='ltr'>pag.</span> <span class='ocrx_word' id='word_1_98' title='bbox 1357 1581 1422 1648; x_wconf 74' lang='lat'>574.</span> 
     </span>
     <span class='ocr_line' id='line_1_13' title="bbox 252 1683 1424 1771; baseline 0 -19"><span class='ocrx_word' id='word_1_99' title='bbox 252 1683 271 1752; x_wconf 74' lang='grc' dir='ltr'><em>ὅ</em></span> <span class='ocrx_word' id='word_1_100' title='bbox 290 1711 320 1752; x_wconf 83' lang='grc' dir='ltr'>σι</span> <span class='ocrx_word' id='word_1_101' title='bbox 344 1688 370 1752; x_wconf 79' lang='grc' dir='ltr'>δ’</span> <span class='ocrx_word' id='word_1_102' title='bbox 394 1686 433 1753; x_wconf 77' lang='grc' dir='ltr'>ἂν</span> <span class='ocrx_word' id='word_1_103' title='bbox 458 1689 600 1771; x_wconf 67' lang='grc' dir='ltr'>διαφύγῃ</span> <span class='ocrx_word' id='word_1_104' title='bbox 621 1699 676 1763; x_wconf 74' lang='grc' dir='ltr'>τῆς</span> <span class='ocrx_word' id='word_1_105' title='bbox 701 1694 844 1762; x_wconf 76' lang='grc' dir='ltr'>ποιλοιιρῖς</span> <span class='ocrx_word' id='word_1_106' title='bbox 868 1690 983 1770; x_wconf 83' lang='grc' dir='ltr'>ίςορίιος</span> <span class='ocrx_word' id='word_1_107' title='bbox 1007 1695 1097 1755; x_wconf 76' lang='grc' dir='ltr'><strong><em>τοῦτο</em></strong></span> <span class='ocrx_word' id='word_1_108' title='bbox 1120 1692 1176 1766; x_wconf 77' lang='grc' dir='ltr'>μὲν</span> <span class='ocrx_word' id='word_1_109' title='bbox 1200 1689 1304 1756; x_wconf 71' lang='grc' dir='ltr'><strong><em>ἑκτέον</em></strong></span> <span class='ocrx_word' id='word_1_110' title='bbox 1327 1728 1366 1739; x_wconf 93' lang='grc'>-</span> <span class='ocrx_word' id='word_1_111' title='bbox 1389 1689 1424 1753; x_wconf 80' lang='grc' dir='ltr'>νίν</span> 
     </span>
     <span class='ocr_line' id='line_1_14' title="bbox 251 1793 1424 1884; baseline -0.001 -24"><span class='ocrx_word' id='word_1_112' title='bbox 251 1793 284 1860; x_wconf 79' lang='grc' dir='ltr'>δὲ</span> <span class='ocrx_word' id='word_1_113' title='bbox 315 1801 405 1859; x_wconf 83' lang='grc' dir='ltr'>ΝΤΝ</span> <span class='ocrx_word' id='word_1_114' title='bbox 432 1797 573 1861; x_wconf 83' lang='grc' dir='ltr'>’ΌΝΤΑ</span> <span class='ocrx_word' id='word_1_115' title='bbox 604 1795 737 1862; x_wconf 77' lang='grc' dir='ltr'><strong><em>λεκτέον.</em></strong></span> <span class='ocrx_word' id='word_1_116' title='bbox 770 1801 802 1861; x_wconf 91' lang='lat' dir='ltr'>et</span> <span class='ocrx_word' id='word_1_117' title='bbox 824 1816 898 1884; x_wconf 77' lang='lat' dir='ltr'>pag.</span> <span class='ocrx_word' id='word_1_118' title='bbox 930 1794 1006 1860; x_wconf 82' lang='grc'><strong>465.</strong></span> <span class='ocrx_word' id='word_1_119' title='bbox 1040 1798 1129 1874; x_wconf 76' lang='grc' dir='ltr'><strong><em>ἡμεῖς</em></strong></span> <span class='ocrx_word' id='word_1_120' title='bbox 1160 1796 1210 1876; x_wconf 76' lang='grc' dir='ltr'>δέ,</span> <span class='ocrx_word' id='word_1_121' title='bbox 1234 1797 1311 1880; x_wconf 79' lang='grc' dir='ltr'><strong><em>φησί</em></strong></span> <span class='ocrx_word' id='word_1_122' title='bbox 1330 1795 1424 1882; x_wconf 80' lang='lat' dir='ltr'>(Poly-</span> 
     </span>
     <span class='ocr_line' id='line_1_15' title="bbox 251 1900 1192 1990; baseline 0.002 -23"><span class='ocrx_word' id='word_1_123' title='bbox 251 1900 361 1990; x_wconf 89' lang='lat' dir='ltr'>bius),</span> <span class='ocrx_word' id='word_1_124' title='bbox 384 1902 427 1966; x_wconf 77' lang='lat' dir='ltr'>roi</span> <span class='ocrx_word' id='word_1_125' title='bbox 452 1905 503 1966; x_wconf 85' lang='grc' dir='ltr'>νῦν</span> <span class='ocrx_word' id='word_1_126' title='bbox 526 1900 599 1967; x_wconf 75' lang='lat' dir='ltr'>dara</span> <span class='ocrx_word' id='word_1_127' title='bbox 623 1902 808 1980; x_wconf 74' lang='grc' dir='ltr'>δηλώσομεν.</span> <span class='ocrx_word' id='word_1_128' title='bbox 832 1908 864 1966; x_wconf 88' lang='lat' dir='ltr'>et</span> <span class='ocrx_word' id='word_1_129' title='bbox 887 1903 932 1967; x_wconf 88' lang='lat' dir='ltr'>sio</span> <span class='ocrx_word' id='word_1_130' title='bbox 956 1905 1080 1988; x_wconf 87' lang='lat' dir='ltr'>saepius</span> <span class='ocrx_word' id='word_1_131' title='bbox 1103 1903 1192 1969; x_wconf 82' lang='lat' dir='ltr'>alibi.</span> 
     </span>
    </p>
   </div>
   <div class='ocr_carea' id='block_1_5' title="bbox 249 2107 1503 3261">
    <p class='ocr_par' dir='ltr' id='par_1_5' title="bbox 249 2107 1503 3261">
     <span class='ocr_line' id='line_1_16' title="bbox 297 2107 1424 2198; baseline -0.002 -22"><span class='ocrx_word' id='word_1_132' title='bbox 297 2111 477 2176; x_wconf 68' lang='lat' dir='ltr'>sinimus</span> <span class='ocrx_word' id='word_1_133' title='bbox 501 2107 651 2186; x_wconf 80' lang='lat' dir='ltr'>Codices.</span> <span class='ocrx_word' id='word_1_134' title='bbox 675 2114 791 2198; x_wconf 88' lang='lat' dir='ltr'>quibus</span> <span class='ocrx_word' id='word_1_135' title='bbox 812 2112 907 2178; x_wconf 89' lang='lat' dir='ltr'>hodie</span> <span class='ocrx_word' id='word_1_136' title='bbox 930 2115 1071 2196; x_wconf 89' lang='lat' dir='ltr'>utimur,</span> <span class='ocrx_word' id='word_1_137' title='bbox 1093 2119 1265 2178; x_wconf 88' lang='lat' dir='ltr'>manarunt</span> <span class='ocrx_word' id='word_1_138' title='bbox 1284 2134 1321 2179; x_wconf 85' lang='lat' dir='ltr'>ex</span> <span class='ocrx_word' id='word_1_139' title='bbox 1334 2117 1424 2178; x_wconf 83' lang='lat' dir='ltr'>vetere</span> 
     </span>
     <span class='ocr_line' id='line_1_17' title="bbox 251 2215 1503 2306; baseline -0.002 -24"><span class='ocrx_word' id='word_1_140' title='bbox 251 2217 345 2294; x_wconf 84' lang='lat' dir='ltr'>libro,</span> <span class='ocrx_word' id='word_1_141' title='bbox 393 2215 425 2280; x_wconf 84' lang='lat' dir='ltr'>in</span> <span class='ocrx_word' id='word_1_142' title='bbox 459 2237 521 2300; x_wconf 89' lang='lat' dir='ltr'>quo</span> <span class='ocrx_word' id='word_1_143' title='bbox 556 2217 652 2284; x_wconf 90' lang='lat' dir='ltr'>homo</span> <span class='ocrx_word' id='word_1_144' title='bbox 687 2219 866 2284; x_wconf 88' lang='lat' dir='ltr'>multarum</span> <span class='ocrx_word' id='word_1_145' title='bbox 900 2218 1068 2284; x_wconf 88' lang='lat' dir='ltr'>literarum</span> <span class='ocrx_word' id='word_1_146' title='bbox 1102 2221 1267 2306; x_wconf 80' lang='lat' dir='ltr'>margines</span> <span class='ocrx_word' id='word_1_147' title='bbox 1300 2218 1425 2306; x_wconf 86' lang='lat' dir='ltr'>opplevit</span> <span class='ocrx_word' id='word_1_148' title='bbox 1502 2259 1503 2280; x_wconf 44' lang='grc' dir='ltr'><strong><em>ι</em></strong></span> 
     </span>
     <span class='ocr_line' id='line_1_18' title="bbox 251 2323 1503 2412; baseline -0.004 -23"><span class='ocrx_word' id='word_1_149' title='bbox 251 2323 509 2389; x_wconf 76' lang='lat' dir='ltr'>annotationibus</span> <span class='ocrx_word' id='word_1_150' title='bbox 537 2344 601 2389; x_wconf 91' lang='lat' dir='ltr'>non</span> <span class='ocrx_word' id='word_1_151' title='bbox 629 2325 798 2390; x_wconf 82' lang='lat' dir='ltr'>ineruditis</span> <span class='ocrx_word' id='word_1_152' title='bbox 829 2328 886 2390; x_wconf 87' lang='lat' dir='ltr'>aut</span> <span class='ocrx_word' id='word_1_153' title='bbox 908 2329 1075 2410; x_wconf 74' lang='lat' dir='ltr'>poetarum</span> <span class='ocrx_word' id='word_1_154' title='bbox 1097 2324 1182 2390; x_wconf 85' lang='lat' dir='ltr'>locos</span> <span class='ocrx_word' id='word_1_155' title='bbox 1205 2345 1359 2412; x_wconf 88' lang='lat' dir='ltr'>apponens</span> <span class='ocrx_word' id='word_1_156' title='bbox 1377 2327 1424 2388; x_wconf 87' lang='lat' dir='ltr'>aut</span> <span class='ocrx_word' id='word_1_157' title='bbox 1502 2331 1503 2340; x_wconf 77' lang='grc'>’</span> 
     </span>
     <span class='ocr_line' id='line_1_19' title="bbox 252 2429 1424 2516; baseline -0.004 -20"><span class='ocrx_word' id='word_1_158' title='bbox 252 2430 339 2498; x_wconf 88' lang='lat' dir='ltr'>dicta</span> <span class='ocrx_word' id='word_1_159' title='bbox 369 2429 608 2514; x_wconf 84' lang='lat' dir='ltr'>memorabilia,</span> <span class='ocrx_word' id='word_1_160' title='bbox 639 2451 719 2516; x_wconf 88' lang='lat' dir='ltr'>quae</span> <span class='ocrx_word' id='word_1_161' title='bbox 751 2434 814 2516; x_wconf 93' lang='lat' dir='ltr'>ipsi</span> <span class='ocrx_word' id='word_1_162' title='bbox 846 2430 1033 2496; x_wconf 81' lang='lat' dir='ltr'>Strabonem</span> <span class='ocrx_word' id='word_1_163' title='bbox 1062 2429 1222 2496; x_wconf 83' lang='lat' dir='ltr'>lectitanti</span> <span class='ocrx_word' id='word_1_164' title='bbox 1244 2434 1278 2496; x_wconf 91' lang='lat' dir='ltr'>in</span> <span class='ocrx_word' id='word_1_165' title='bbox 1299 2435 1424 2497; x_wconf 87' lang='lat' dir='ltr'>mentem</span> 
     </span>
     <span class='ocr_line' id='line_1_20' title="bbox 251 2533 1424 2622; baseline -0.005 -20"><span class='ocrx_word' id='word_1_166' title='bbox 251 2538 404 2602; x_wconf 85' lang='lat' dir='ltr'>venirent.</span> <span class='ocrx_word' id='word_1_167' title='bbox 451 2534 541 2602; x_wconf 89' lang='lat' dir='ltr'>Hace</span> <span class='ocrx_word' id='word_1_168' title='bbox 572 2539 681 2602; x_wconf 89' lang='lat' dir='ltr'>omnia</span> <span class='ocrx_word' id='word_1_169' title='bbox 712 2557 906 2622; x_wconf 87' lang='lat' dir='ltr'>quamquam</span> <span class='ocrx_word' id='word_1_170' title='bbox 942 2557 960 2600; x_wconf 89' lang='lat' dir='ltr'>a</span> <span class='ocrx_word' id='word_1_171' title='bbox 994 2533 1158 2602; x_wconf 78' lang='lat' dir='ltr'>Strabonis</span> <span class='ocrx_word' id='word_1_172' title='bbox 1192 2541 1348 2603; x_wconf 87' lang='lat' dir='ltr'>sententia</span> <span class='ocrx_word' id='word_1_173' title='bbox 1371 2554 1424 2598; x_wconf 88' lang='lat' dir='ltr'>non</span> 
     </span>
     <span class='ocr_line' id='line_1_21' title="bbox 252 2641 1423 2728; baseline -0.003 -22"><span class='ocrx_word' id='word_1_174' title='bbox 252 2641 437 2717; x_wconf 84' lang='lat' dir='ltr'>abhorrent,</span> <span class='ocrx_word' id='word_1_175' title='bbox 471 2647 579 2706; x_wconf 89' lang='lat' dir='ltr'>tamen</span> <span class='ocrx_word' id='word_1_176' title='bbox 610 2645 735 2728; x_wconf 89' lang='lat' dir='ltr'>saepius</span> <span class='ocrx_word' id='word_1_177' title='bbox 766 2664 828 2709; x_wconf 91' lang='lat' dir='ltr'>non</span> <span class='ocrx_word' id='word_1_178' title='bbox 859 2645 937 2708; x_wconf 89' lang='lat' dir='ltr'>satis</span> <span class='ocrx_word' id='word_1_179' title='bbox 960 2647 1033 2727; x_wconf 92' lang='lat' dir='ltr'>apte</span> <span class='ocrx_word' id='word_1_180' title='bbox 1056 2663 1131 2706; x_wconf 93' lang='lat' dir='ltr'>cum</span> <span class='ocrx_word' id='word_1_181' title='bbox 1154 2642 1347 2728; x_wconf 87' lang='lat' dir='ltr'>reliquorum</span> <span class='ocrx_word' id='word_1_182' title='bbox 1366 2660 1423 2708; x_wconf 82' lang='lat' dir='ltr'>uer·</span> 
     </span>
     <span class='ocr_line' id='line_1_22' title="bbox 250 2747 1424 2833; baseline -0.003 -19"><span class='ocrx_word' id='word_1_183' title='bbox 250 2747 366 2814; x_wconf 91' lang='lat' dir='ltr'>borum</span> <span class='ocrx_word' id='word_1_184' title='bbox 396 2749 623 2832; x_wconf 78' lang='lat' dir='ltr'>compositione</span> <span class='ocrx_word' id='word_1_185' title='bbox 653 2753 785 2833; x_wconf 72' lang='lat' dir='ltr'>cadunt,</span> <span class='ocrx_word' id='word_1_186' title='bbox 813 2755 869 2814; x_wconf 89' lang='lat' dir='ltr'>aut</span> <span class='ocrx_word' id='word_1_187' title='bbox 893 2748 1033 2833; x_wconf 90' lang='lat' dir='ltr'>alioquin</span> <span class='ocrx_word' id='word_1_188' title='bbox 1056 2751 1207 2814; x_wconf 88' lang='lat' dir='ltr'>orationis</span> <span class='ocrx_word' id='word_1_189' title='bbox 1230 2771 1353 2816; x_wconf 86' lang='lat' dir='ltr'>cursum</span> <span class='ocrx_word' id='word_1_190' title='bbox 1374 2749 1424 2811; x_wconf 89' lang='lat' dir='ltr'>im-</span> 
     </span>
     <span class='ocr_line' id='line_1_23' title="bbox 251 2853 1425 2944; baseline -0.004 -25"><span class='ocrx_word' id='word_1_191' title='bbox 251 2854 400 2939; x_wconf 84' lang='lat' dir='ltr'>pediunt,</span> <span class='ocrx_word' id='word_1_192' title='bbox 444 2859 499 2919; x_wconf 87' lang='lat' dir='ltr'>aut</span> <span class='ocrx_word' id='word_1_193' title='bbox 538 2854 671 2938; x_wconf 86' lang='lat' dir='ltr'>moleste</span> <span class='ocrx_word' id='word_1_194' title='bbox 714 2859 961 2940; x_wconf 87' lang='lat' dir='ltr'>interrumpunt.</span> <span class='ocrx_word' id='word_1_195' title='bbox 1020 2853 1128 2919; x_wconf 90' lang='lat' dir='ltr'>Multa</span> <span class='ocrx_word' id='word_1_196' title='bbox 1162 2855 1201 2920; x_wconf 89' lang='lat' dir='ltr'>de</span> <span class='ocrx_word' id='word_1_197' title='bbox 1235 2877 1346 2944; x_wconf 81' lang='lat' dir='ltr'>genere</span> <span class='ocrx_word' id='word_1_198' title='bbox 1372 2853 1425 2916; x_wconf 87' lang='lat' dir='ltr'>boe</span> 
     </span>
     <span class='ocr_line' id='line_1_24' title="bbox 249 2957 1424 3048; baseline -0.007 -21"><span class='ocrx_word' id='word_1_199' title='bbox 249 2966 373 3027; x_wconf 83' lang='lat' dir='ltr'>veteres</span> <span class='ocrx_word' id='word_1_200' title='bbox 402 2959 547 3025; x_wconf 79' lang='lat' dir='ltr'>Editoras</span> <span class='ocrx_word' id='word_1_201' title='bbox 576 2970 778 3038; x_wconf 86' lang='lat' dir='ltr'>notaverunt,</span> <span class='ocrx_word' id='word_1_202' title='bbox 814 2962 979 3047; x_wconf 87' lang='lat' dir='ltr'>complura</span> <span class='ocrx_word' id='word_1_203' title='bbox 1009 2959 1184 3026; x_wconf 85' lang='lat' dir='ltr'>Kramerus</span> <span class='ocrx_word' id='word_1_204' title='bbox 1219 2957 1424 3048; x_wconf 84' lang='lat' dir='ltr'>deprehendit,</span> 
     </span>
     <span class='ocr_line' id='line_1_25' title="bbox 249 3063 1424 3154; baseline -0.005 -22"><span class='ocrx_word' id='word_1_205' title='bbox 249 3067 343 3154; x_wconf 89' lang='lat' dir='ltr'>plura</span> <span class='ocrx_word' id='word_1_206' title='bbox 362 3068 461 3131; x_wconf 86' lang='lat' dir='ltr'>etiam</span> <span class='ocrx_word' id='word_1_207' title='bbox 479 3063 662 3131; x_wconf 80' lang='lat' dir='ltr'>Meinekius</span> <span class='ocrx_word' id='word_1_208' title='bbox 683 3065 829 3143; x_wconf 86' lang='lat' dir='ltr'>confixit,</span> <span class='ocrx_word' id='word_1_209' title='bbox 852 3068 907 3133; x_wconf 91' lang='lat' dir='ltr'>sed</span> <span class='ocrx_word' id='word_1_210' title='bbox 926 3072 1095 3152; x_wconf 86' lang='lat' dir='ltr'>supersunt</span> <span class='ocrx_word' id='word_1_211' title='bbox 1113 3070 1213 3148; x_wconf 89' lang='lat' dir='ltr'>etiam</span> <span class='ocrx_word' id='word_1_212' title='bbox 1233 3068 1298 3133; x_wconf 87' lang='lat' dir='ltr'>alia</span> <span class='ocrx_word' id='word_1_213' title='bbox 1312 3063 1424 3152; x_wconf 88' lang='lat' dir='ltr'>perinde</span> 
     </span>
     <span class='ocr_line' id='line_1_26' title="bbox 251 3156 1304 3261; baseline -0.003 -20"><span class='ocrx_word' id='word_1_214' title='bbox 251 3176 359 3260; x_wconf 91' lang='lat' dir='ltr'>spuria</span> <span class='ocrx_word' id='word_1_215' title='bbox 382 3178 414 3238; x_wconf 91' lang='lat' dir='ltr'>et</span> <span class='ocrx_word' id='word_1_216' title='bbox 439 3173 579 3238; x_wconf 89' lang='lat' dir='ltr'>insiticia</span> <span class='ocrx_word' id='word_1_217' title='bbox 602 3173 712 3238; x_wconf 90' lang='lat' dir='ltr'>eodem</span> <span class='ocrx_word' id='word_1_218' title='bbox 736 3176 806 3238; x_wconf 90' lang='lat' dir='ltr'>iure</span> <span class='ocrx_word' id='word_1_219' title='bbox 829 3156 1008 3238; x_wconf 86' lang='lat' dir='ltr'>damnanda</span> <span class='ocrx_word' id='word_1_220' title='bbox 1030 3178 1062 3238; x_wconf 89' lang='lat' dir='ltr'>et</span> <span class='ocrx_word' id='word_1_221' title='bbox 1085 3174 1304 3261; x_wconf 80' lang='lat' dir='ltr'>expungenda.</span> 
     </span>
    </p>
   </div>
   <div class='ocr_carea' id='block_1_6' title="bbox 250 3380 1424 4105">
    <p class='ocr_par' dir='ltr' id='par_1_6' title="bbox 250 3367 1424 4105">
     <span class='ocr_line' id='line_1_27' title="bbox 294 3380 1424 3471; baseline 0 -23"><span class='ocrx_word' id='word_1_222' title='bbox 294 3381 377 3471; x_wconf 79' lang='lat' dir='ltr'>Peg.</span> <span class='ocrx_word' id='word_1_223' title='bbox 398 3380 472 3447; x_wconf 84' lang='lat'><strong>588.</strong></span> <span class='ocrx_word' id='word_1_224' title='bbox 497 3383 622 3447; x_wconf 71' lang='lat' dir='ltr'>Sasine</span> <span class='ocrx_word' id='word_1_225' title='bbox 643 3387 872 3450; x_wconf 85' lang='lat' dir='ltr'>commemorat</span> <span class='ocrx_word' id='word_1_226' title='bbox 890 3383 945 3458; x_wconf 69' lang='lat' dir='ltr'>riv</span> <span class='ocrx_word' id='word_1_227' title='bbox 964 3382 1118 3467; x_wconf 79' lang='grc' dir='ltr'>Νέμεσιν,</span> <span class='ocrx_word' id='word_1_228' title='bbox 1139 3403 1237 3468; x_wconf 92' lang='lat' dir='ltr'>quam</span> <span class='ocrx_word' id='word_1_229' title='bbox 1256 3380 1424 3462; x_wconf 76' lang='grc' dir='ltr'>Ἀδρνίιειον</span> 
     </span>
     <span class='ocr_line' id='line_1_28' title="bbox 250 3479 1424 3576; baseline -0.007 -21"><span class='ocrx_word' id='word_1_230' title='bbox 250 3487 462 3574; x_wconf 85' lang='lat' dir='ltr'>appellabant.</span> <span class='ocrx_word' id='word_1_231' title='bbox 477 3489 684 3575; x_wconf 83' lang='lat' dir='ltr'>Adscriptum</span> <span class='ocrx_word' id='word_1_232' title='bbox 697 3489 761 3554; x_wconf 85' lang='lat' dir='ltr'>fuit</span> <span class='ocrx_word' id='word_1_233' title='bbox 771 3491 806 3554; x_wconf 92' lang='lat' dir='ltr'>in</span> <span class='ocrx_word' id='word_1_234' title='bbox 818 3479 978 3576; x_wconf 81' lang='lat' dir='ltr'>margine:</span> <span class='ocrx_word' id='word_1_235' title='bbox 993 3491 1188 3572; x_wconf 75' lang='grc' dir='ltr'>’λυσίμαχος</span> <span class='ocrx_word' id='word_1_236' title='bbox 1201 3489 1229 3553; x_wconf 81' lang='grc' dir='ltr'>δ’</span> <span class='ocrx_word' id='word_1_237' title='bbox 1243 3487 1315 3556; x_wconf 81' lang='grc' dir='ltr'>σίου</span> <span class='ocrx_word' id='word_1_238' title='bbox 1326 3483 1424 3570; x_wconf 86' lang='grc' dir='ltr'><strong><em>Φισίν·</em></strong></span> 
     </span>
     <span class='ocr_line' id='line_1_29' title="bbox 387 3585 1254 3679; baseline 0.001 -21"><span class='ocrx_word' id='word_1_239' title='bbox 387 3593 432 3662; x_wconf 73' lang='lat' dir='ltr'>ira</span> <span class='ocrx_word' id='word_1_240' title='bbox 457 3593 558 3666; x_wconf 75' lang='grc' dir='ltr'><strong><em>δέοις</em></strong></span> <span class='ocrx_word' id='word_1_241' title='bbox 583 3596 720 3668; x_wconf 78' lang='grc' dir='ltr'><strong><em>Νέμεσις</em></strong></span> <span class='ocrx_word' id='word_1_242' title='bbox 744 3595 874 3674; x_wconf 77' lang='grc' dir='ltr'>μεγνίλν</span> <span class='ocrx_word' id='word_1_243' title='bbox 899 3594 982 3679; x_wconf 76' lang='grc' dir='ltr'><strong><em>θεὸς,</em></strong></span> <span class='ocrx_word' id='word_1_244' title='bbox 1004 3585 1022 3667; x_wconf 73' lang='lat' dir='ltr'>ri</span> <span class='ocrx_word' id='word_1_245' title='bbox 1047 3594 1124 3661; x_wconf 77' lang='grc' dir='ltr'><strong><em>τσίδε</em></strong></span> <span class='ocrx_word' id='word_1_246' title='bbox 1147 3597 1254 3661; x_wconf 84' lang='grc' dir='ltr'>σοίνσιι</span> 
     </span>
     <span class='ocr_line' id='line_1_30' title="bbox 387 3699 1287 3782; baseline -0.001 -16"><span class='ocrx_word' id='word_1_247' title='bbox 387 3701 459 3781; x_wconf 77' lang='grc' dir='ltr'>πρὸς</span> <span class='ocrx_word' id='word_1_248' title='bbox 482 3699 628 3780; x_wconf 83' lang='grc' dir='ltr'><strong><em>μιικιίρνιν</em></strong></span> <span class='ocrx_word' id='word_1_249' title='bbox 653 3699 787 3782; x_wconf 74' lang='grc' dir='ltr'><strong><em>ἔλαχεν·</em></strong></span> <span class='ocrx_word' id='word_1_250' title='bbox 812 3699 918 3779; x_wconf 80' lang='grc' dir='ltr'><strong><em>βωμὸν</em></strong></span> <span class='ocrx_word' id='word_1_251' title='bbox 943 3700 975 3764; x_wconf 76' lang='grc' dir='ltr'>δέ</span> <span class='ocrx_word' id='word_1_252' title='bbox 998 3701 1023 3766; x_wconf 85' lang='grc' dir='ltr'>σί</span> <span class='ocrx_word' id='word_1_253' title='bbox 1044 3699 1149 3766; x_wconf 69' lang='lat' dir='ltr'>cicaro</span> <span class='ocrx_word' id='word_1_254' title='bbox 1173 3707 1287 3781; x_wconf 76' lang='grc' dir='ltr'>πρῶτος</span> 
     </span>
     <span class='ocr_line' id='line_1_31' title="bbox 383 3806 1094 3889; baseline 0.001 -18"><span class='ocrx_word' id='word_1_255' title='bbox 383 3807 533 3888; x_wconf 68' lang='lat' dir='ltr'>”Adrasta</span> <span class='ocrx_word' id='word_1_256' title='bbox 557 3817 708 3886; x_wconf 71' lang='grc' dir='ltr'>ποταμοῖο</span> <span class='ocrx_word' id='word_1_257' title='bbox 733 3809 818 3887; x_wconf 68' lang='lat' dir='ltr'>racd</span> <span class='ocrx_word' id='word_1_258' title='bbox 844 3806 906 3889; x_wconf 83' lang='grc' dir='ltr'>ῥίον</span> <span class='ocrx_word' id='word_1_259' title='bbox 930 3809 1094 3885; x_wconf 74' lang='grc' dir='ltr'>Αίσιὶνιοιο,</span> 
     </span>
     <span class='ocr_line' id='line_1_32' title="bbox 389 3911 1146 3994; baseline 0 -18"><span class='ocrx_word' id='word_1_260' title='bbox 389 3911 457 3978; x_wconf 71' lang='lat' dir='ltr'>iata</span> <span class='ocrx_word' id='word_1_261' title='bbox 479 3913 649 3990; x_wconf 83' lang='grc' dir='ltr'><strong><em>σετίμιισιιί</em></strong></span> <span class='ocrx_word' id='word_1_262' title='bbox 669 3939 704 3980; x_wconf 83' lang='grc' dir='ltr'>σε</span> <span class='ocrx_word' id='word_1_263' title='bbox 729 3915 781 3979; x_wconf 66' lang='lat' dir='ltr'>aar</span> <span class='ocrx_word' id='word_1_264' title='bbox 805 3913 967 3994; x_wconf 73' lang='grc' dir='ltr'>Ἀδρνίςειοο</span> <span class='ocrx_word' id='word_1_265' title='bbox 990 3922 1146 3979; x_wconf 79' lang='grc' dir='ltr'>κσλεῖτιοι.</span> 
     </span>
     <span class='ocr_line' id='line_1_33' title="bbox 252 4017 1211 4105; baseline -0.001 -20"><span class='ocrx_word' id='word_1_266' title='bbox 252 4017 409 4103; x_wconf 84' lang='lat' dir='ltr'>descripta</span> <span class='ocrx_word' id='word_1_267' title='bbox 430 4018 508 4083; x_wconf 88' lang='lat' dir='ltr'>haec</span> <span class='ocrx_word' id='word_1_268' title='bbox 530 4026 605 4084; x_wconf 91' lang='lat' dir='ltr'>sunt</span> <span class='ocrx_word' id='word_1_269' title='bbox 629 4041 667 4085; x_wconf 87' lang='lat' dir='ltr'>ex</span> <span class='ocrx_word' id='word_1_270' title='bbox 692 4019 942 4105; x_wconf 88' lang='lat' dir='ltr'>Harpocratione</span> <span class='ocrx_word' id='word_1_271' title='bbox 962 4040 1010 4086; x_wconf 83' lang='lat' dir='ltr'>vs.</span> <span class='ocrx_word' id='word_1_272' title='bbox 1031 4019 1211 4100; x_wconf 61' lang='grc' dir='ltr'>’Ἂδριίςειιλ</span> 
     </span>
    </p>
   </div>
   <div class='ocr_carea' id='block_1_7' title="bbox 252 4219 1423 4420">
    <p class='ocr_par' dir='ltr' id='par_1_7' title="bbox 252 4219 1423 4420">
     <span class='ocr_line' id='line_1_34' title="bbox 296 4219 1423 4317; baseline -0.011 -22"><span class='ocrx_word' id='word_1_273' title='bbox 296 4228 377 4317; x_wconf 78' lang='lat' dir='ltr'>Pag.</span> <span class='ocrx_word' id='word_1_274' title='bbox 409 4227 485 4296; x_wconf 83' lang='lat'><strong>636.</strong></span> <span class='ocrx_word' id='word_1_275' title='bbox 501 4231 572 4295; x_wconf 92' lang='lat' dir='ltr'>ubi</span> <span class='ocrx_word' id='word_1_276' title='bbox 594 4229 708 4296; x_wconf 80' lang='lat' dir='ltr'>Strabo</span> <span class='ocrx_word' id='word_1_277' title='bbox 731 4231 872 4298; x_wconf 85' lang='lat' dir='ltr'>dixerat:</span> <span class='ocrx_word' id='word_1_278' title='bbox 898 4233 931 4296; x_wconf 80' lang='grc' dir='ltr'>ἐκ</span> <span class='ocrx_word' id='word_1_279' title='bbox 955 4229 1082 4312; x_wconf 73' lang='grc' dir='ltr'>Πριίννς</span> <span class='ocrx_word' id='word_1_280' title='bbox 1107 4229 1132 4296; x_wconf 73' lang='grc' dir='ltr'>δ’</span> <span class='ocrx_word' id='word_1_281' title='bbox 1157 4226 1191 4304; x_wconf 74' lang='grc' dir='ltr'>ἦν</span> <span class='ocrx_word' id='word_1_282' title='bbox 1214 4229 1285 4300; x_wconf 86' lang='grc' dir='ltr'><strong><em>Βίοις</em></strong></span> <span class='ocrx_word' id='word_1_283' title='bbox 1307 4219 1345 4294; x_wconf 80' lang='grc' dir='ltr'>είς</span> <span class='ocrx_word' id='word_1_284' title='bbox 1367 4226 1423 4284; x_wconf 79' lang='grc' dir='ltr'>τῶν</span> 
     </span>
     <span class='ocr_line' id='line_1_35' title="bbox 252 4334 460 4420; baseline -0.014 -18"><span class='ocrx_word' id='word_1_285' title='bbox 252 4334 336 4402; x_wconf 72' lang='lat' dir='ltr'>imai</span> <span class='ocrx_word' id='word_1_286' title='bbox 359 4342 460 4420; x_wconf 78' lang='grc' dir='ltr'><strong><em>σοφῶν</em></strong></span> 
     </span>
    </p>
   </div>
   <div class='ocr_carea' id='block_1_8' title="bbox 0 0 1526 4970">
    <p class='ocr_par' dir='ltr' id='par_1_8' title="bbox 0 0 1526 4970">
     <span class='ocr_line' id='line_1_36' title="bbox 0 0 1526 4970; baseline 0 0"><span class='ocrx_word' id='word_1_287' title='bbox 0 0 1526 4970; x_wconf 95' lang='lat' dir='ltr'> </span> 
     </span>
    </p>
   </div>
  </div>
 </body>
</html>
