3096 4972
815 223 880 298 564

255 415 329 488 παρ’
359 413 596 494 Ἀριςοχείτονος
628 421 687 480 τῶν
716 419 818 483 καλῶν
876 419 974 497 βύτου
998 418 1052 484 καί
1075 416 1227 502 Αἰσχίνου
1254 425 1425 501 σαφρονιςιῖν

255 518 448 596 πορίσασθαι.
878 523 1028 602 δεηθῆναι.

301 727 378 797 779.
409 728 465 795 20.
497 730 550 812 ἐφ’
580 723 603 796 ἃ
634 729 661 796 δ’
691 730 729 798 ίιν
764 733 816 799 καὶ
924 733 998 799 102.
1032 733 1086 800 16.
1117 735 1172 809 την
1194 733 1226 800 δὲ
1249 741 1307 802 τοῖν
1328 734 1426 802 δούλιον

254 836 409 920 χρύσαιτθ
426 859 474 908 τις
489 835 612 920 τοιούτῳ
624 838 710 918 θηρίῳ
722 839 819 904 οῖπεύ-
877 838 1046 926 (οῖνοθχκην)
1065 839 1262 924 οῖτεύχεσθοιι
1284 841 1373 918 δήπου
1388 845 1425 920 μῖι

254 947 366 1028 χεσθαι
384 951 446 1016 τοῖς
465 944 540 1016 θεοῖς
552 944 596 1022 μη
608 942 749 1022 γίνεσθαι
763 944 817 1011 δεῖ.
876 945 1018 1024 γενέσθαι
1042 946 1100 1015 δεῖ.

303 1153 379 1224 785.
402 1151 432 1218 3.
450 1151 516 1218 οὐδὲ
535 1150 598 1233 χθιρ
618 1151 688 1225 τούς
707 1151 820 1232 προγθ-
924 1152 999 1220 268.
1026 1154 1081 1222 20.
1106 1156 1301 1234 οῖκοδομιῖσαι
1320 1156 1350 1222 δὲ
1366 1156 1426 1228 τοὺς

255 1286 320 1334 νους
352 1256 567 1338 ύπολαμβοθνοι
594 1259 637 1323 ποῖ
660 1257 820 1336 δικαςύρια
879 1259 1039 1341 προχθνοιις
1074 1262 1167 1328 ταυτί
1202 1263 1246 1328 τα
1280 1263 1425 1344 δικαςύρια

254 1367 345 1435 ταῦθ’
371 1367 443 1444 ύμῖν
465 1365 658 1442 οἰκοδομῆσαι
671 1362 732 1430 -ῖνα
749 1365 818 1439 τοὺς
879 1365 1040 1448 ὑπείληφα
1070 1370 1131 1450 ούχ
1161 1365 1210 1434 ἵνα
1233 1368 1423 1453 συλλέξαντες

254 1473 405 1548 τοιούτους
429 1473 458 1536 ἐν
481 1473 587 1545 αύτοῖς
610 1470 798 1552 μοσχεύητε.
879 1471 963 1549 ημοῖς
981 1472 1023 1544 είς
1038 1477 1145 1539 ταῦτα
1157 1512 1199 1524 -
1213 1476 1277 1542 οῖπθ
1291 1482 1347 1542 τιῖν
1357 1475 1425 1541 ῖῖίιιν

877 1582 979 1651 κακῶς
1020 1579 1063 1642 τοὶ
1105 1578 1264 1662 οῖπθρρητα
1297 1581 1425 1660 λέγοιμεν

877 1683 1046 1758 ἀλλήλους.

300 1893 377 1966 787.
410 1892 440 1961 7.
473 1892 631 1973 θυγατέρα
652 1891 679 1958 δ’
704 1891 818 1968 ἐκείνης
924 1890 1001 1958 314.
1032 1891 1064 1959 5.
1089 1893 1192 1970 ἐπειδη
1216 1894 1242 1961 δ’
1265 1896 1424 1977 ἕνεγρθφης

254 2003 447 2078 θπυςδύποπε
478 1999 655 2079 γενομένην·
688 2000 725 2064 εἰῖ
754 1998 816 2080 γὰρ
876 1999 1089 2074 θποισδύποτε·
1115 2001 1150 2066 ἑοῖ
1176 2001 1239 2081 χθιρ
1263 2000 1351 2066 τοῦτί
1370 2024 1413 2079 γε.

251 2108 343 2178 τοῦτθ
366 2134 415 2188 γε.

301 2317 377 2385 792.
400 2317 452 2384 19.
472 2317 526 2381 ούκ
545 2316 630 2395 ὀρθῶς
647 2316 714 2381 οὐδὲ
726 2329 815 2381 πολι·
919 2313 997 2380 229.
1020 2313 1074 2381 15.
1095 2313 1159 2382 οὔτ’
1179 2316 1266 2396 ὀρθῶς
1285 2313 1421 2396 ἔχονούτε
1528 2347 1529 2356 ¹

251 2430 341 2498 τικιῖς
365 2421 428 2490 ούδ’
452 2424 491 2496 οῖς
513 2419 676 2503 συμφέρει.
873 2420 1029 2486 πολιτικὸν
1052 2419 1123 2486 ούτε
1146 2419 1263 2488 δίκαιόν
1285 2423 1355 2493 ε’ςιν.

299 2630 374 2701 793.
401 2630 455 2696 13.
478 2628 530 2694 τὸν
555 2629 665 2696 ἑαυτοῦ
685 2630 763 2707 βίον.
784 2627 816 2695 ὃν
920 2627 996 2694 403.
1017 2627 1071 2694 24.
1092 2637 1175 2696 ποῖον
1194 2626 1244 2696 οὖν
1265 2633 1337 2713 ἐρεῖς
1350 2629 1420 2710 βίοις

251 2743 309 2806 πού
327 2738 495 2818 βεβίωκας
515 2732 546 2801 ὃν
565 2735 622 2814 μὲν
637 2731 815 2815 χθιρθθπαν-
874 2737 905 2805 ὃν
929 2741 961 2806 ού
985 2734 1164 2819 βεβίακας;
1191 2737 1258 2803 ἐπεὶ
1282 2732 1301 2802 θ
1318 2761 1355 2815 χε
1376 2737 1421 2815 βε

250 2870 303 2918 τες
327 2846 414 2924 ύμεῖς
438 2841 586 2922 ’ἓοροίκατε
609 2843 662 2908 ούκ
685 2838 729 2909 ἔτι
754 2866 815 2907 τοι·
873 2844 1022 2924 βιωμθνος
1054 2865 1098 2918 σοι
1123 2846 1256 2917 τοιοῦτος
1279 2844 1421 2926 φαίνεται.

249 2973 344 3024 ουτος.

296 3156 373 3225 794.
398 3157 452 3224 22.
474 3156 540 3227 ὅδὲ
561 3157 595 3232 δίη
617 3156 815 3240 παμπόνηρος
905 3157 996 3227 267.
1021 3157 1053 3225 8.
1078 3158 1092 3224 ύ
1116 3157 1148 3225 δὲ
1168 3157 1362 3237 παμπόνηρος
1377 3150 1420 3218 θν-

249 3263 401 3347 οῖνθρωπος
430 3261 516 3336 ποῖθς
545 3287 592 3335 τις
624 3270 746 3330 καλοῖτ’
775 3263 814 3330 θον
874 3266 986 3343 θρωπος
1028 3263 1079 3330 καί
1123 3264 1199 3336 θεοῖς
1245 3262 1344 3344 ἐχθρὸς
1375 3256 1418 3322 καί

249 3370 386 3455 δικαίωςς
408 3371 423 3436 θ
442 3367 707 3450 τρισκατάρατος,
728 3370 813 3436 θκοι·
873 3369 1032 3452 βύσκανος
1073 3367 1163 3442 θντιος
1199 3369 1283 3443 ποῖθς
1315 3391 1358 3438 τις
1387 3362 1419 3428 θιν

250 3475 297 3550 νὸς
332 3473 454 3557 ἐχθρὸς,
490 3476 504 3541 ὁ
535 3478 615 3540 πῖοσι
647 3475 813 3553 δυσμενὴς,
873 3475 917 3551 είη
942 3474 1015 3558 πρὸς
1039 3477 1124 3553 θεῶν;
1148 3475 1210 3556 ούχ
1230 3475 1244 3540 θ
1264 3478 1399 3546 τοιοῦτοςι

249 3580 306 3666 θτῳ
331 3584 412 3660 μήτε
436 3590 479 3661 χεῖ
497 3581 584 3663 Φίροι
603 3579 719 3660 καρπὸν
738 3581 814 3659 μήτ’

249 3687 444 3756 οῖποθανθντα
466 3685 602 3764 δέξαιτος
627 3687 688 3768 ούχ
712 3687 727 3754 ὁ
751 3709 813 3751 τοι·

248 3814 353 3873 ουσος;

295 4001 371 4071 798.
396 4002 451 4070 20.
475 4002 507 4074 ὃς
529 4003 593 4083 χθιρ
617 3997 658 4076 οἷς
684 4001 812 4080 ύδῆμος
917 3999 994 4070 577.
1020 4001 1054 4070 9.
1079 4002 1215 4068 οῖπειλιῖν
1238 4002 1290 4068 καὶ
1307 3998 1416 4080 βλέπον

247 4108 335 4182 ύπας
366 4109 436 4181 τοὺς
469 4110 674 4189 ἐνοχλοῦντας
704 4110 813 4176 ἑαυτὸν
871 4110 914 4183 εῖς
930 4108 982 4173 τὸν
1000 4109 1048 4175 οῖεὶ
1065 4108 1248 4189 θορυβοῦντα
1267 4106 1354 4173 τύπον
1370 4109 1416 4176 τίς

247 4217 381 4281 νουθετεῖ
430 4213 564 4297 θορύβοις
615 4211 811 4294 μηδεπώποθ’
871 4217 1040 4292 ε’κκλησίας
1056 4213 1273 4291 καταπλήξειν
1291 4211 1359 4297 ᾤετο
1373 4206 1416 4274 τθν

249 4319 382 4400 ὑπεῖξεν.
870 4320 965 4399 δῆμον
988 4319 1129 4388 ἅπαντα.
