3080 4972
802 207 844 276 16

225 400 346 465 tionem
378 397 448 478 πρὸς
481 400 537 474 τὴν
565 399 708 475 ἕτιςολῆν
738 400 793 474 τὴν
826 397 981 464 Φιλίππου
1012 397 1179 482 supposuit
1209 415 1309 480 quum
1340 395 1417 458 haee

226 527 264 572 ex
295 503 509 570 Demosthene
540 505 625 572 furto
657 508 828 593 surriperet
860 525 934 592 pag.
970 501 1045 570 158.
1081 501 1134 567 16.
1166 504 1214 567 ita
1243 498 1349 566 dedit:
1378 499 1415 570 ὡς

225 607 312 684 ὅπας
344 609 401 690 μὲν
426 611 471 679 ἔτι
495 609 588 691 λόγος
612 611 747 690 μάταιος
770 610 910 693 πράξεων
933 608 1055 691 ιἰμοιρος
1079 605 1260 687 γενόμενος,
1285 604 1416 684 τοσούτῳ

225 716 258 781 δὲ
288 714 414 796 perrea
445 715 459 780 ό
488 718 577 800 παρόι
599 727 655 793 τῆς
679 717 831 799 ἡμετέρας
854 715 972 789 πόλεως
996 711 1054 795 ὅσιρ
1076 715 1220 792 δοκοῦμεν
1244 712 1329 793 αὐτῷ
1350 733 1417 790 πρι-

224 820 397 902 χειρότατα
416 826 549 903 χρῆσθαι
570 830 629 889 τῶν
650 821 755 889 ἄλλων
773 823 947 899 Ἑλλήνων,
967 824 1001 888 in
1021 822 1137 908 quibus
1156 822 1304 904 antiquae
1322 816 1419 902 serip-

224 934 315 996 turee
344 949 442 1015 quam
472 930 673 995 restituimus
703 912 788 996 certa
817 932 957 1018 vestigia
987 928 1164 1013 supersunt.
1210 923 1348 991 Μόλιςα
1372 959 1416 972 -

224 1032 283 1120 ὅσῳ
306 1035 359 1100 καὶ
383 1056 458 1101 oum
480 1035 675 1121 superlativo
698 1038 837 1122 optimos
859 1040 955 1102 testes
978 1039 1010 1100 et
1028 1037 1171 1099 auotores
1190 1031 1295 1096 habet.
1332 1027 1418 1096 Mae

224 1142 311 1207 thiae
333 1141 361 1226 ς.
387 1139 463 1207 462.
487 1140 550 1206 duo
573 1141 719 1228 exempla
740 1163 780 1208 ex
802 1140 990 1228 Thucydide
1011 1139 1138 1206 attulit:
1159 1137 1185 1202 1.
1199 1135 1253 1202 68.
1274 1136 1417 1215 προσήκει

227 1249 320 1326 ἡμᾶς·
345 1248 404 1326 οὐχ
436 1245 529 1325 ἥκιςα
558 1249 655 1313 εἰπεῖν
685 1243 744 1329 ὅσῳ
775 1258 847 1313 ΚΑΙ
871 1247 992 1327 μέγιςα
1016 1244 1209 1323 ἐγκλήματα
1234 1240 1360 1322 ἔχομεν.
1385 1245 1418 1306 et

223 1351 265 1417 11.
290 1349 343 1418 47.
369 1351 455 1417 αὐτοὶ
479 1353 604 1430 μόλιτα
628 1352 766 1429 ἔόννσιιιν
791 1350 847 1436 ὅσιρ
868 1363 940 1420 ΚΑΙ
960 1350 1085 1430 μόλις-ιι
1106 1358 1279 1431 προσῇσαν,
1301 1347 1419 1434 quibus

224 1459 305 1524 addo
337 1459 544 1524 simillimum
571 1459 679 1526 looum
709 1459 933 1526 Demosthenis
955 1480 1029 1547 pag.
1053 1453 1131 1522 227.
1154 1453 1187 1521 8.
1211 1451 1335 1519 πόντων
1360 1455 1420 1532 μὲν

224 1565 524 1645 eaperecapere
550 1565 681 1646 λυπηρόν
706 1567 750 1635 ἔτι
764 1603 807 1616 -
820 1564 944 1647 μόλιτα
968 1566 1000 1632 δὲ
1023 1569 1080 1638 τῆς
1103 1565 1177 1643 παρ’
1197 1562 1281 1640 ὑμῶν
1301 1560 1420 1634 εὐνοίας

224 1671 277 1737 καὶ
313 1670 545 1753 φιλανθρωπίας
581 1667 696 1754 ὅσῳπερ
727 1681 799 1739 ΚΑΙ
828 1673 864 1738 τό
896 1681 1006 1753 τυχεῖν
1037 1667 1151 1736 τούτων
1181 1665 1312 1746 μέγιςόν
1343 1668 1418 1737 ε’ςιν.

222 1779 338 1845 Audax
368 1783 400 1844 et
422 1778 592 1870 impudens
613 1777 817 1866 interpolatio
839 1781 885 1845 sie
907 1778 992 1844 mihi
1014 1780 1090 1843 nata
1112 1795 1179 1841 esse
1202 1773 1347 1840 videtur:
1373 1811 1418 1823 -

223 1904 280 1970 pro
298 1880 356 1965 ὅσῳ
376 1892 448 1949 ΚΑΙ
468 1881 658 1963 ἑτοιμότατοι
680 1885 802 1951 scribae
820 1904 923 1951 errore
943 1880 1001 1966 ὅσῳ
1020 1891 1098 1949 ΓΑΡ
1120 1879 1309 1960 ἑτοιμότατοι
1325 1877 1420 1946 dede-

222 1994 315 2069 runt,
336 1993 487 2075 quonism
504 1991 693 2076 praecedens
711 1979 974 2076 sententiaplene
986 1988 1132 2056 absolute
1143 2008 1210 2053 esse
1222 1986 1416 2072 putabatur:
1484 2023 1486 2028 ·

223 2092 311 2166 ὅπας
342 2095 400 2172 μὲν
429 2095 524 2175 λόγος
557 2135 599 2148 -
628 2097 753 2177 μόλιςα
786 2096 816 2162 δὲ
849 2097 982 2175 ὁπαρόι
1013 2103 1068 2172 τῆς
1099 2092 1252 2172 ἡμετέροις
1285 2090 1418 2166 πόλεως.

223 2200 409 2267 instituitur
438 2222 514 2290 ergo
544 2222 627 2270 nova
657 2205 831 2269 sententia:
865 2199 923 2283 ὅσῳ
954 2201 1017 2282 pap
1048 2198 1238 2278 ἑτοιμότατοι
1267 2235 1310 2248 -
1335 2219 1419 2284 quae

223 2309 299 2393 quia
328 2328 442 2373 manea
472 2313 505 2376 et
526 2309 713 2395 imperfecta
736 2313 803 2374 erat
825 2312 1026 2374 commentus
1043 2298 1096 2372 =est
1118 2307 1224 2371 neseio
1249 2306 1322 2389 quis
1346 2325 1421 2390 sup·

222 2413 423 2499 plementum
446 2414 486 2480 da
507 2433 582 2481 suo:
608 2417 740 2502 τοσούτῳ
763 2417 887 2492 μᾶλλον
913 2411 1197 2492 dorcetensium
1221 2411 1318 2489 αὐτῷ.

268 2624 422 2691 Adhaesit
444 2625 604 2713 glossema
625 2646 700 2713 pag.
728 2625 783 2692 21.
809 2625 864 2694 25.
889 2628 1007 2700 πολλὴν
1028 2626 1063 2701 δὴ
1088 2627 1143 2699 τὴν
1166 2621 1343 2701 μετιόςασιν
1365 2622 1419 2686 καὶ

221 2727 525 2807 μενόλννδειιιτέον
553 2731 621 2818 [σὺν
644 2734 841 2816 μεταβολὴν]
865 2732 1081 2814 εἰσφέροντας,
1108 2727 1264 2806 ἐξιόντας,
1285 2725 1420 2794 ἅπαντα

221 2839 384 2911 ποιοῦντας
421 2837 565 2917 ἓτοόμιις,
602 2835 685 2918 εἴπερ
720 2863 767 2911 τις
800 2839 871 2917 ὑμῖν
905 2836 1040 2918 προσέξει
1073 2835 1125 2900 τόν
1155 2841 1231 2900 νοῦν.
1278 2833 1331 2900 Ad
1358 2836 1420 2908 ’τὴν

219 2941 397 3021 μετόςιισιν
426 2943 603 3029 adscripsit¹
623 2944 740 3029 aliquis
768 2946 804 3008 in
834 2945 979 3030 margine
1015 2943 1069 3017 τὴν
1100 2939 1301 3018 μεταβολήν,
1332 2941 1421 3023 quod

219 3048 305 3115 male
337 3053 372 3114 in
402 3054 529 3115 textum
559 3053 745 3134 receperunt
777 3048 850 3126 elii,
874 3047 958 3114 unde
980 3048 1115 3135 vulgata
1138 3048 1308 3131 scriptura,
1334 3065 1421 3129 quae

219 3141 338 3243 frigido
361 3159 394 3220 et
419 3154 540 3221 insulsa
563 3157 626 3232 est,
651 3156 811 3242 originem
834 3154 935 3219 duxit.
967 3152 1060 3219 Nihil
1076 3155 1165 3240 enim
1183 3153 1314 3215 interest
1331 3151 1422 3222 inter

220 3262 338 3335 πολλὴν
368 3263 423 3337 τὴν
452 3258 629 3338 μετόπασιν
654 3264 686 3324 et
708 3258 855 3339 μεγιόλνν
878 3261 932 3332 τὴν
956 3258 1155 3336 μεταβολήν,
1180 3261 1213 3322 et
1235 3257 1358 3339 optime
1384 3259 1420 3322 in

218 3369 278 3434 tali
299 3389 334 3432 re
357 3371 589 3452 componuntur
614 3367 731 3440 πολλὴν
754 3365 806 3428 καὶ
830 3363 988 3445 μεγιόλιιν.

264 3579 344 3668 Peg.
375 3578 429 3645 22.
463 3576 495 3642 8.
528 3576 588 3641 vovi
621 3577 652 3641 δὲ
685 3584 856 3647 Θετταλοῖς
882 3573 1062 3655 ςασιόζονσι
1086 3575 1138 3640 καὶ
1164 3570 1417 3651 τεταραγμένοις

219 3685 268 3751 ἐπὶ
300 3688 354 3759 τὴν
386 3685 563 3765 τνραννιιιόςν
587 3683 684 3750 οἰκίαν
708 3683 880 3762 ἓβοήόνσεν,
906 3702 980 3770 pag.
1007 3679 1082 3746 113.
1109 3680 1163 3746 24.
1189 3681 1215 3760 (ό
1243 3680 1418 3763 Φίλιππος)

218 3800 281 3864 τοῖς
306 3790 510 3872 ταλαιπώροις
535 3790 697 3869 Ὠρείταις
721 3790 852 3854 τουτοισὶ
877 3787 1134 3869 ἐπισκεψομένους
1159 3784 1218 3863 ἔφη
1244 3786 1313 3858 τοὺς
1338 3812 1418 3865 τρα-

218 3899 331 3969 τιόιτας
366 3895 567 3978 πεπομφέναι
606 3895 691 3984 [κατ’
723 3894 868 3980 εὸνοιαν]·
901 3895 1102 3960 πννόιόνεσόαι
1134 3893 1197 3973 yar
1227 3891 1338 3963 αὐτοὺς
1374 3898 1418 3968 ὡς

219 4008 333 4070 νοσοῦσι
362 4003 430 4088 [καὶ
457 4001 654 4084 ςασιοόζονσιν
674 4002 705 4065 ἕν
725 4002 865 4086 αὑτοῖς],
887 4002 1067 4081 σνμριιόχων
1088 4000 1113 4064 δ’
1135 3996 1212 4064 εἶναι
1234 3997 1286 4063 καὶ
1308 3997 1417 4080 Φίλιον

217 4110 500 4185 asseruerimus
525 4107 668 4181 τοιούτοις
692 4115 804 4187 καιροῖς
829 4116 981 4188 παρεῖναι.
1005 4127 1079 4195 pag.
1106 4103 1182 4170 123.
1207 4101 1263 4172 28.
1285 4105 1416 4174 ε’πειδόιν

216 4218 247 4281 δὲ
272 4217 342 4297 πρός
367 4221 527 4286 νοσοῦντας
552 4215 582 4279 ἐν
605 4214 709 4287 αὑτοῖς
734 4212 890 4296 προσπέσρ
913 4213 966 4278 καὶ
990 4210 1096 4289 μηδεὶς
1123 4247 1164 4259 -
1180 4209 1242 4291 ἐξόν
1265 4215 1416 4291 μηχανή-

217 4325 296 4403 ματ’
319 4323 469 4400 ἕτιτιὶσας
494 4328 657 4401 πολιορκεῖ.
703 4319 784 4386 Vide
806 4320 890 4385 mihi
912 4322 946 4384 in
969 4318 1020 4383 his
1038 4322 1076 4383 nt
1095 4315 1217 4383 soleant
1235 4315 1299 4383 1οοὶ
1319 4319 1414 4384 simi-
