3086 4968
684 278 750 348 los

168 465 241 559 Pag.
266 467 320 534 54.
345 467 397 532 12.
422 470 455 534 ού
479 468 583 548 μέντοι
607 477 660 534 ΓΕ
682 471 730 547 μοὶ
750 473 800 537 Δί’
819 470 896 537 οὕτω
918 476 1121 554 προαιρεῖσθαι
1144 473 1303 555 προύτπειν.

129 574 201 640 Boni
229 579 394 661 scriptores
423 575 501 642 haec
530 579 577 642 ita
607 576 743 642 formare
773 577 875 644 solent
898 581 930 644 ού
953 577 1056 658 μέντοι
1080 579 1130 658 μα
1154 580 1205 644 Δί’
1229 578 1304 647 ούπιι

128 690 182 745 ΓΕ.
206 683 258 748 sed
276 681 406 746 turbant
424 684 458 746 in
476 682 527 746 his
545 681 679 747 librarii.
715 681 768 748 sie
791 704 866 772 pag.
884 682 959 752 187.
973 682 1026 750 13.
1048 682 1172 762 μύλιςα
1189 686 1246 766 μὲν
1260 725 1301 736 -

130 788 151 852 si
171 788 200 852 li
222 790 265 865 μὴ
295 796 347 852 ΓΕ
374 793 432 851 τῶν
462 787 661 867 ὑπαρχόντων
693 791 834 878 corrige:
865 791 891 855 sl
922 791 953 854 δὲ
976 793 1021 868 μὴ
1044 797 1103 856 τῶν
1126 800 1179 857 ΓΕ
1207 794 1306 873 ύπαρ-

128 893 243 974 ptores.
281 893 362 982 Pag.
377 892 475 958 1195.
502 893 552 958 12.
579 895 702 959 editur:
726 896 764 960 ού
779 894 881 973 μέντοι
902 899 937 960 Γ’
957 895 1026 962 οὐδὲ
1049 900 1139 962 τοῦτο
1162 896 1287 981 ἔφασαν
1295 946 1305 978 ,

129 1000 177 1066 sed
199 997 221 1065 S
242 1021 354 1068 verum
378 1003 535 1066 servavit:
560 1001 593 1064 ού
617 999 721 1077 μέντοι
745 1001 813 1067 οὐδὲ
837 1000 930 1067 τοῡτύ
951 1000 988 1066 Γ’
1013 1000 1149 1085 ἔφασαν.

168 1107 286 1172 uadem
309 1111 358 1172 est
379 1107 461 1172 ratio
483 1107 518 1170 in
541 1104 640 1170 καίτοι
654 1141 698 1154 ·-
710 1131 770 1184 ys,
797 1107 849 1172 καὶ
868 1109 930 1184 μὴν
943 1145 986 1157 -
1000 1133 1058 1194 γε,
1075 1110 1108 1174 ού
1121 1111 1181 1186 μὴν
1193 1147 1235 1158 -
1248 1134 1306 1190 ys,

114 1212 198 1278 Ιαλλ’
219 1208 267 1278 οὖν
283 1250 324 1261 -
337 1237 394 1297 γε,
416 1214 450 1276 in
472 1212 589 1297 quibus
612 1215 644 1277 et
666 1212 745 1297 ipsis
766 1216 875 1279 contra
894 1218 1017 1280 certum
1040 1215 1192 1282 Veterum
1212 1237 1307 1282 usum

128 1339 212 1406 saepe
234 1323 391 1406 peccatur.

168 1561 245 1650 Peg.
268 1558 321 1628 57.
349 1556 402 1624 15.
429 1559 463 1622 ἐκ
488 1557 519 1622 δὲ
541 1556 649 1624 τούτου
678 1557 847 1640 συμβαίνει
871 1596 911 1606 -
932 1559 974 1624 τοὶ
998 1559 1195 1643 [πράγματα
1220 1563 1307 1645 ΚΑΙ]

127 1667 188 1750 περὶ
210 1663 247 1732 ὦν
278 1664 463 1745 βουλεύεσθε
491 1665 657 1746 ἐκφεύγειν
690 1666 784 1744 ὑμᾶς.
832 1665 955 1751 Ecquid
981 1668 1113 1732 interest
1134 1667 1167 1732 h.
1180 1667 1202 1733 l.
1225 1669 1309 1734 inter

125 1775 164 1840 rol
186 1773 366 1856 πράγματα
391 1777 423 1837 et
446 1769 512 1851 περὶ
537 1766 575 1835 ὦν
598 1767 803 1849 βουλεύεούε1
827 1770 920 1837 Nihil
942 1791 1078 1856 prorsus.
1125 1773 1197 1838 Non
1217 1773 1308 1863 credo

126 1903 186 1948 esse
207 1881 286 1947 setis
305 1881 527 1964 importunum
550 1876 606 1942 ccl
629 1877 733 1942 delere
756 1877 811 1943 sad
833 1876 945 1942 eadem
974 1897 1068 1962 opere
1090 1879 1237 1943 Atticum
1261 1877 1308 1943 di-

124 1987 210 2053 cendi
227 2005 331 2075 genus
350 1983 532 2070 saepissime
552 2004 571 2048 a
588 1983 700 2048 scribis
717 1983 854 2048 indoctis
872 1982 1080 2049 obliteratum
1099 1983 1308 2050 Demostheni

123 2093 208 2160 reddi
236 2095 380 2180 oportere
410 2089 591 2155 scribendo:
623 2089 666 2153 rai
697 2089 763 2171 περὶ
788 2084 825 2155 ὦν
855 2088 1050 2167 βουλεύεσθε.
1098 2089 1308 2156 Memorabile

124 2199 304 2287 exemplum
328 2199 376 2262 est
397 2216 472 2283 pag.
486 2193 539 2259 50.
563 2193 618 2260 24.
644 2195 674 2259 ἐν
697 2191 756 2276 ύοῳ
779 2201 884 2261 ταῦτα
908 2194 1062 2273 μέλλεται
1088 2195 1306 2276 προαπόλωλεν

123 2411 322 2494 προαπύλιιλε
346 2417 405 2476 ΤΟ
435 2406 488 2490 ἐφ’
515 2404 528 2472 ὃ
552 2407 590 2472 clv
614 2406 803 2487 ἐκπλέωμεν.
851 2407 975 2475 Multos
998 2408 1038 2475 ad
1059 2406 1235 2496 Hyperidis
1257 2408 1308 2474 λύ-

121 2544 173 2600 νον
204 2517 372 2599 ἐπιτάφιον
402 2513 487 2580 locos
518 2533 554 2580 eo
584 2515 666 2580 vitio
695 2513 821 2580 affectos
850 2515 1080 2590 indicavimus.
1113 2515 1220 2600 plures
1251 2514 1308 2581 alii

122 2625 298 2715 corrigendi
319 2625 507 2707 supersunt,
530 2620 570 2686 de
593 2621 709 2705 quibus
730 2622 813 2686 infra
835 2620 986 2686 dicemus.

162 2864 244 2953 Peg.
270 2861 325 2929 58.
355 2860 407 2926 16.
440 2860 569 2926 κατιδὼν
600 2857 820 2936 Νεοπτόλεμον
851 2858 903 2924 τὸν
937 2858 1209 2938 ὑποκριτὴν-τοὶ
1231 2860 1307 2942 παρ’

121 2973 190 3049 ὑμῖν
213 2969 411 3056 [διοικοῦντα]
433 2967 578 3046 Φιλίππῳ
598 2967 680 3051 [καὶ]
700 2965 939 3047 πρυτανεύοντα.
974 2963 1203 3031 Demosthenes
1222 2966 1310 3046 dixe·
1438 3011 1440 3020 ι

119 3081 184 3142 rat:
208 3077 252 3142 τύι
278 3077 352 3154 παρ’
384 3074 455 3151 ύμῖν
488 3071 633 3153 Φιλίππῳ
657 3075 896 3151 πρυτανεύοντα.
942 3067 1065 3156 Inspice
1086 3069 1307 3157 Harpocratio-

119 3205 192 3249 nem
215 3205 250 3250 v.
277 3179 613 3262 Πρυτανεύοντατ
638 3214 680 3226 -
700 3177 770 3242 civrl
790 3181 843 3243 τοῦ
868 3177 1113 3242 διοικοῦντα.
1148 3177 1310 3256 Δημοσθέ-

119 3313 168 3366 νης
200 3290 231 3354 ἐν
266 3294 483 3363 Φιλιππικοῖς,
512 3306 592 3371 quse
623 3284 664 3350 ad
685 3289 830 3350 nostrum
852 3283 961 3349 locum
982 3285 1152 3368 pertinent.
1198 3281 1309 3349 Viden'

120 3396 196 3482 quid
217 3398 253 3460 in
276 3396 343 3460 suis
365 3392 456 3458 libris
479 3389 712 3477 Harpocration
733 3387 906 3476 repererit?

162 3634 246 3724 Pag.
281 3627 335 3697 59.
372 3632 403 3698 4.
439 3631 681 3718 (Neoptolemus
717 3631 843 3716 histrio)
875 3631 981 3708 ἐπειδὴ
1020 3631 1071 3698 διὰ
1107 3629 1161 3707 riso
1196 3630 1310 3711 εἰρήνην

118 3741 227 3812 olicias
252 3737 365 3819 ἔτυχεν
390 3733 424 3813 ἣν
447 3737 553 3804 ε’νύύδε
577 3737 722 3812 ἐκέκτητο
748 3737 852 3802 ούπύαν
875 3737 1013 3819 φανερὰν
1036 3735 1155 3811 ταύτην
1178 3733 1310 3817 ε’ξοιργυ·

117 3848 204 3928 ploce
231 3846 323 3925 ’πρὸς
366 3845 474 3910 ἐκεῖνον
515 3842 730 3928 (Philippum)
767 3843 940 3910 ύπΑΓΩΝ
972 3841 1105 3922 οἴχεται.
1159 3840 1312 3921 ’assoon

118 3952 217 4040 quidl
266 3953 318 4017 An
351 3951 406 4026 τὶρν
441 3950 580 4033 φανερὰν
611 3944 739 4013 chalcol
780 3948 965 4013 Absurdum
999 3948 1059 4014 hoc
1093 3948 1223 4034 quidem
1253 3954 1312 4016 est.

118 4059 370 4146 simplicissima
389 4058 580 4123 correctione
599 4053 815 4140 reponendum
836 4054 908 4132 πρὸς
930 4053 1038 4120 ἐκεῖνον
1057 4055 1211 4120 ἈΠΙΩΝ
1232 4054 1313 4136 οἴχε-

116 4191 180 4232 ται.
232 4161 378 4244 Οἵχομιιι
402 4163 499 4228 ιὶπιών
522 4163 641 4248 passim
666 4159 805 4247 legitur,
828 4158 932 4225 veluti
956 4161 1041 4247 apud
1062 4160 1312 4228 Demosthenem

115 4294 191 4362 pag.
215 4269 273 4337 81.
298 4266 352 4335 22.
376 4278 474 4352 οιιιπῇ
498 4264 641 4340 ἄπιύντες
667 4264 793 4349 ᾤχοντο.
816 4285 890 4352 pag.
904 4263 980 4331 246.
1003 4265 1055 4332 18.
1082 4265 1175 4350 ᾤχετ’
1194 4267 1309 4349 ἆπιύν,

117 4384 150 4448 et
172 4377 267 4446 alibi.
