3086 4968
822 249 887 322 468

259 443 412 530 [κελεύω].
462 445 532 512 Non
567 447 615 511 est
646 445 735 512 aliud
766 445 971 512 emblematis
1000 466 1102 532 genus
1132 445 1323 530 frequentias
1343 458 1421 525 qnam

258 551 391 627 κελεύω,
422 551 563 629 κελεύει,
597 551 750 629 κελεύων,
782 553 885 618 sicubi
907 559 955 618 cst
978 549 1178 617 artificiosior
1201 556 1234 616 st
1255 548 1352 636 paullo
1369 547 1421 611 lon-

258 659 333 746 gius
362 663 521 744 protracta
551 658 722 725 verborum
752 659 950 742 compositio.
999 657 1037 723 In
1067 657 1179 744 rapida
1205 656 1422 724 Atheniensium

259 765 400 829 oratione
430 766 462 829 et
492 769 630 846 προφορᾷ
662 764 811 828 continuo
845 764 1015 848 apparebat
1046 763 1226 842 εὐτρεπίσαι
1260 779 1370 849 quoquc
1393 778 1423 821 cr

258 869 343 974 φιιαὶ
369 872 431 936 δεῖν
455 890 522 935 esse
545 890 743 956 suspensum.
791 867 896 934 Aliter
917 869 995 936 hasc
1023 868 1203 958 magistelli
1224 869 1371 957 legebant.

306 1081 384 1169 Pag.
410 1079 464 1146 46.
496 1079 528 1146 8.
560 1076 640 1153 ὅπως
674 1080 830 1163 ἀσφαλῶς
860 1077 1040 1158 ιὶδύιααις.
1058 1077 1149 1162 πλέη.
1197 1077 1270 1144 Non
1296 1078 1338 1141 sic
1363 1072 1427 1139 solet

260 1187 506 1265 Demosthenes,
541 1185 596 1252 sed
624 1190 682 1251 aut
714 1180 795 1256 ύπωο
826 1185 1018 1264 πλεύσεται,
1051 1191 1108 1251 aut
1134 1179 1217 1256 ὅπως
1246 1179 1318 1248 “AN
1349 1179 1427 1262 πλέῃ,

261 1295 346 1381 qnod
369 1292 596 1380 reponendum.

308 1400 377 1482 Quo
413 1398 611 1465 emendatior
645 1396 871 1463 Demosthenis
909 1401 1016 1462 textus
1054 1398 1222 1462 coniuncta
1261 1393 1429 1462 Oriticornm

263 1526 357 1592 opera
378 1505 482 1570 factus
506 1509 571 1588 est,
595 1524 633 1570 so
655 1505 761 1591 magis
785 1508 915 1588 apparet
937 1499 1017 1576 ὅπως
1038 1495 1070 1567 et
1090 1497 1169 1574 ύπωι
1189 1503 1234 1580 μή
1254 1523 1325 1568 cum
1342 1500 1429 1564 futuro

262 1618 406 1697 tempora
429 1610 508 1676 olim
531 1610 597 1676 sere
620 1613 799 1675 constanter
818 1610 1032 1696 compositum
1050 1608 1149 1673 fuisse
1169 1607 1339 1692 eodemque
1356 1623 1431 1670 sensu

264 1739 338 1784 cum
363 1718 563 1783 coniunctivo
587 1712 668 1788 ύπωο
686 1713 725 1781 civ
749 1718 890 1780 construi
911 1735 978 1781 essa
998 1713 1140 1780 solitum.
1188 1711 1379 1779 Incredibilis
1394 1711 1430 1772 cst

263 1826 297 1888 in
322 1845 359 1890 ea
381 1844 416 1888 ro
439 1823 614 1890 scribarum
639 1826 672 1887 et
695 1826 908 1887 correctorum
931 1819 1091 1904 socordia,
1116 1821 1171 1904 qui
1196 1821 1295 1886 etiam
1316 1820 1348 1882 in
1368 1815 1431 1881 onti-

263 1932 426 2016 quissimis
457 1932 489 1995 et
519 1927 713 1995 fidelissimis
743 1928 879 1993 testibus
911 1927 1066 1993 sexcentis
1095 1925 1174 1991 locis
1205 1929 1331 1990 mutata
1349 1919 1431 1990 rocaii

263 2035 365 2101 futuri
388 2037 541 2120 temporis
563 2034 681 2100 formas
702 2034 791 2098 etiam
815 2056 879 2097 οιαοο
892 2034 990 2119 foedo
1014 2032 1195 2096 barbarismo
1226 2033 1261 2096 in
1285 2027 1432 2096 coniuncti-

263 2161 321 2207 vos
344 2145 577 2208 converterunt.
1048 2125 1049 2128 ¹

309 2245 400 2312 Dabo
422 2266 523 2332 pauca
545 2245 691 2332 exempla
713 2266 753 2310 er
777 2241 891 2311 Codice
915 2243 938 2310 S
960 2246 995 2310 in
1017 2265 1079 2332 quo
1101 2243 1223 2332 legitur
1245 2261 1321 2329 pag.
1344 2237 1390 2306 28.
1408 2234 1432 2300 6.

266 2347 345 2424 ὅπως
372 2351 417 2428 μὴ
449 2352 702 2436 πεισύμεύα,
734 2371 807 2438 pag.
834 2348 888 2414 60.
918 2349 970 2415 19.
1002 2345 1081 2423 isos
1105 2349 1151 2426 pais
1176 2344 1432 2428 ποοαξούμεύιι.

264 2481 339 2546 pag.
368 2456 444 2523 124.
470 2455 523 2522 10.
549 2455 630 2528 ὅπως
654 2458 698 2535 μὴ
721 2456 951 2532 κινήσηπαι.
975 2475 1051 2543 pag.
1076 2452 1175 2519 1428.
1197 2452 1226 2518 6.
1253 2449 1331 2526 ὅπως
1352 2451 1432 2530 pi-

264 2562 412 2645 μούχησύε
432 2562 485 2629 καὶ
500 2599 541 2613 -
555 2558 622 2642 ἕξοι
632 2587 695 2641 σε,
714 2567 746 2628 et
766 2564 833 2628 sine
849 2562 1046 2628 barbarismo
1062 2561 1116 2626 sed
1131 2559 1276 2630 σολοίκως
1292 2579 1361 2646 pag.
1373 2550 1433 2620 103.

267 2670 296 2737 l.
323 2669 435 2752 δέδοιχ’
460 2667 540 2742 ὅπως
571 2669 683 2749 μήποθ’
707 2668 926 2748 spasmos.
952 2689 1026 2755 pag.
1050 2664 1126 2732 130.
1153 2665 1209 2733 13.
1235 2656 1433 2731 ciceroniana

262 2774 560 2857 gip-pinnam.
592 2796 662 2862 pag.
686 2772 762 2839 194.
790 2772 842 2840 13.
873 2769 954 2846 ὅπως
977 2771 1248 2838 καταλύσωσι
1280 2769 1434 2846 sibiipsa

261 2906 337 2972 pag.
357 2881 389 2948 9.
425 2877 477 2948 17.
512 2877 592 2956 ὅπως
624 2879 865 2960 βοηθήσητε.
899 2901 973 2968 pag.
999 2878 1053 2946 29.
1083 2877 1116 2946 2.
1147 2875 1227 2950 ὅπως
1260 2877 1433 2952 σύσωμει.

263 3011 337 3077 pag.
359 2986 434 3054 130.
461 2987 514 3054 11.
539 2983 618 3062 ύπως
643 2989 687 3065 μὴ
702 2988 915 3070 -ποιήσῃ,
938 3007 1013 3075 pag.
1027 2983 1104 3052 125.
1130 2984 1184 3052 10.
1204 2980 1285 3058 ὅπως
1309 2985 1351 3063 μὴ
1373 2981 1435 3046 διο

265 3093 475 3161 λεύσοισιν.
498 3116 572 3182 pag.
588 3093 664 3160 128.
687 3091 742 3159 24.
767 3087 847 3167 ὅπως
869 3093 914 3172 μὴ
937 3091 1157 3174 ἀνατρέψῃ.
1182 3094 1215 3157 ot
1237 3112 1313 3180 pag.
1326 3085 1376 3154 46.
1392 3081 1434 3150 20.

266 3196 346 3275 ὅπως
369 3201 413 3281 μὴ
438 3200 651 3277 ποιήσητε.

311 3307 384 3374 Non
405 3307 514 3373 minus
536 3309 693 3375 vitiosum
716 3309 764 3372 cst
787 3305 812 3372 ri
837 3309 870 3372 et
896 3305 921 3372 si
947 3304 991 3384 μή
1016 3325 1092 3372 cnm
1122 3303 1310 3370 coaiwaotico
1332 3315 1438 3386 compo·

266 3415 379 3481 situm.

311 3518 449 3608 Legitur
471 3525 579 3587 tamen
601 3521 635 3586 in
657 3518 680 3587 S
704 3541 778 3608 pag.
804 3515 857 3584 16.
883 3518 915 3585 2.
939 3519 964 3583 si
987 3517 1033 3596 ab
1057 3513 1219 3598 πρύξηι.
1245 3536 1318 3604 pag.
1333 3511 1381 3580 29.
1394 3507 1435 3575 11.

267 3627 293 3693 εἰ
317 3627 380 3707 γὰρ
410 3627 455 3706 μὴ
482 3626 724 3704 βοηθήσητε.
746 3647 820 3713 pag.
843 3623 897 3691 52.
921 3622 975 3690 22.
1007 3623 1033 3688 εἶ
1065 3625 1109 3703 μή
1134 3645 1182 3697 τις
1207 3619 1438 3703 estimet

180 3741 183 3748 '
267 3732 339 3800 aliis
360 3731 450 3798 locis.

312 3838 475 3907 Ddobatur
498 3860 571 3928 pag.
594 3836 647 3904 61.
681 3834 734 3906 17.
765 3836 798 3902 ri
828 3831 876 3903 οὖν
910 3837 1048 3916 ἡγοῦμαι
1072 3833 1225 3918 φοβερύι;
1247 3873 1291 3884 -
1310 3828 1384 3905 ύπωι
1403 3828 1437 3908 ui

268 3947 364 4022 κοινὴν
387 3944 542 4029 πρύφασιν
570 3945 585 4010 i
615 3943 751 4022 πόλεμοι
776 3942 874 4026 tritis.
920 3942 1077 4009 Dicebant
1099 3946 1210 4007 autem
1232 3941 1437 4009 Athamanas:

267 4052 430 4135 φοβοῦμαι
460 4053 504 4129 μὴ
535 4049 657 4134 λάβῃ.
705 4048 807 4136 Opem
834 4049 912 4114 tulit
936 4047 958 4113 6
982 4048 1159 4113 rectissime
1184 4043 1265 4122 ὅπως
1289 4049 1435 4116 omittens,

267 4160 300 4224 et
324 4159 452 4224 omnino
483 4156 644 4240 φοβοῦμαι
675 4155 720 4236 μή
749 4176 824 4221 cum
847 4157 969 4222 aoristo·
986 4155 1180 4221 conjunctivi
1202 4152 1299 4242 longe
1323 4158 1368 4220 est
1385 4148 1437 4214 nsi·

267 4265 475 4332 tatissimum.
