3096 4972
701 269 766 341 eta

135 463 303 534 mosthene
331 461 440 528 sumta
471 461 538 537 est,
569 462 608 526 ut
636 459 780 528 Dobraoo
808 459 995 540 ridebatur,
1026 458 1081 526 sed
1110 459 1210 548 vulgo
1233 476 1326 546 saepe

135 576 183 640 ita
206 572 270 638 diei
292 567 423 635 solebat.

180 675 359 745 Dinarchus
389 675 408 758 ξ
438 670 492 738 24.
523 669 575 738 dre
606 672 705 756 Φασὶν
723 675 871 754 ”Aptucca
894 671 946 738 τὸν
968 672 1166 744 Πυθώνακτος
1191 671 1243 736 τὸν
1269 679 1324 736 Ζο-

136 784 243 857 λείτιιν
271 779 399 860 κομίσαι
429 780 465 846 τὸ
495 778 619 860 χρυσίον
651 779 686 846 ἐκ
714 781 839 856 Μήδιον.
884 779 1016 846 Primus
1042 780 1188 846 omnium
1210 777 1327 844 Demo·

136 893 264 960 sthenes
295 907 376 954 anno
408 883 485 952 341.
519 887 555 952 in
583 886 643 953 hoc
673 891 864 976 argumento
891 891 1054 955 vetustam
1084 886 1165 952 hanc
1195 904 1235 950 ex
1258 904 1328 950 arce

135 998 372 1081 inscriptionem
403 997 707 1059 commemoraverat
737 1015 811 1081 pag.
844 991 921 1059 121.
951 991 1006 1061 27.
1053 991 1188 1058 Videtur
1218 1011 1255 1056 ea
1276 1011 1326 1056 res

137 1105 344 1171 vehementer
375 1100 500 1164 animos
529 1098 775 1164 Atheniensium
805 1101 1026 1166 commovisse.
1071 1098 1182 1183 Itaque
1215 1097 1329 1162 Dinar-

138 1212 217 1278 chus
238 1211 311 1294 post
335 1225 432 1272 annos
456 1204 682 1290 septemdecim
706 1206 850 1271 eiusdem
869 1207 1067 1272 mentionem
1089 1205 1265 1271 renovarit.

183 1420 248 1500 Qui
271 1417 439 1502 supposuit
461 1413 620 1500 Ilpistolae
643 1413 852 1480 Demostheni
874 1414 954 1481 olim
977 1416 1148 1482 attributas
1173 1415 1330 1502 Aristogi-

137 1533 247 1594 tonem
278 1527 313 1588 in
344 1543 439 1588 cansa
469 1519 643 1605 Harpalica
672 1520 856 1587 absolutum
886 1541 953 1586 esse
984 1522 1127 1606 putabat.
1160 1523 1225 1588 vid.
1252 1543 1329 1609 pag.

140 1632 239 1699 1483.
272 1628 327 1694 26.
358 1633 391 1696 et
421 1648 496 1714 pag.
531 1625 629 1692 1485.
663 1625 695 1692 5.
743 1626 816 1692 Non
840 1631 887 1692 est
910 1630 1184 1713 operaepretium
1208 1627 1329 1693 dehoc

137 1741 270 1806 homine
291 1735 409 1818 dicere,
428 1754 504 1798 nam
514 1753 599 1798 nune
611 1733 740 1817 quidem
752 1733 915 1816 Sophiatcm
926 1734 1160 1798 ασσίααίίαιαα
1171 1737 1327 1798 tenemus.

184 1843 277 1925 Quod
307 1841 347 1907 ad
377 1840 550 1906 dictionem
580 1841 696 1904 attinet
725 1859 835 1904 omnes
866 1859 1066 1905 concessuros
1097 1855 1163 1905 esse
1194 1840 1330 1904 arbitror

138 1974 202 2019 non
226 1951 358 2019 αττιιιῶς
383 1945 438 2012 sed
461 1944 599 2013 ἀττικισί
615 1947 723 2010 omnia
741 1965 808 2010 esse
828 1948 952 2031 scripta.
989 1944 1116 2030 Ubique
1133 1944 1177 2010 ccl
1196 1943 1331 2010 Ἀττικοί

139 2059 281 2136 ίνίματα
306 2051 506 2135 διαφαίνεται
530 2055 583 2117 τοῦ
609 2050 714 2129 λόγον.
747 2050 810 2130 Qui
833 2049 999 2137 Sophistae
1021 2050 1255 2116 declamitantis
1275 2054 1332 2115 aut

140 2163 351 2232 Alexandrini
381 2159 517 2224 rhetoris
549 2158 628 2224 haec
661 2178 728 2222 esse
763 2159 933 2242 opinantur
965 2155 1095 2222 nullum
1128 2159 1258 2222 omnino
1293 2178 1333 2222 ex

141 2273 283 2338 oratione
314 2272 347 2332 et
378 2265 453 2330 stilo
487 2267 715 2350 argumentum
749 2263 961 2348 protulerunt.
1008 2261 1146 2327 Nullum
1180 2283 1334 2347 umquam

140 2378 210 2445 vidi
241 2372 425 2458 Sophistam
447 2374 502 2434 aut
524 2369 699 2435 Rhetorem
722 2369 905 2436 Atticorum
929 2371 1060 2436 simiam
1082 2371 1138 2454 qui
1160 2390 1224 2435 non
1247 2390 1332 2436 com·

139 2481 287 2569 pluribus
309 2477 437 2542 indiciis
460 2497 499 2540 ex
522 2476 660 2542 dictione
682 2479 799 2541 sumtis
823 2480 972 2542 continuo
996 2480 1193 2563 argueretur.
1240 2476 1333 2541 Nihil

141 2594 189 2656 est
220 2589 255 2651 in
278 2584 514 2670 Aristogitonea
537 2579 621 2665 quod
643 2580 703 2644 hoc
725 2583 853 2646 nomine
876 2584 947 2646 iure
969 2582 1187 2665 reprehendas.
1235 2581 1332 2646 Simi-

140 2696 215 2762 liter
246 2693 301 2775 qni
331 2692 450 2777 negant
483 2685 541 2764 „ia
564 2686 639 2770 fort
669 2693 697 2749 et
727 2691 791 2750 ceri
812 2686 923 2749 iudicii
945 2709 1031 2750 αεαιιι
1053 2689 1229 2753 orationem
1251 2686 1333 2753 hanc

141 2803 327 2884 οειιιροοιίαια
359 2793 454 2872 ειεο,”
485 2791 568 2857 nihil
590 2791 754 2878 proferunt
778 2791 818 2856 ad
839 2791 921 2856 hano
944 2793 1126 2875 opinionem
1148 2790 1334 2856 confirman-

141 2909 227 2976 dam.
275 2901 383 2988 Spirat
412 2904 481 2965 tota
512 2899 612 2963 oratio
644 2897 844 2962 infestissimi
867 2899 1057 2962 accusatoris
1079 2896 1333 2986 indignationem

142 3018 175 3077 et
207 3014 300 3081 irem¹
322 3012 354 3072 at
380 3006 508 3082 odium,
533 3009 566 3068 et
589 3003 672 3088 quod
697 3023 730 3068 se
753 3002 934 3090 Hyperides
957 3023 1032 3089 pag.
1057 3001 1134 3071 770.
1158 3003 1190 3068 4.
1213 3005 1248 3069 in
1270 3005 1334 3092 Ly-

142 3138 242 3205 curgo
259 3115 370 3180 mirari
389 3112 468 3177 dicit
488 3112 558 3192 ὀρῶν
580 3107 876 3189 ὑπερδιατεινόμενον
894 3108 919 3172 εί
936 3109 1046 3187 ἀγνοεῖ
1059 3106 1104 3175 ἶίτι
1117 3111 1150 3176 οὐ
1164 3110 1333 3191 engelrode

142 3224 198 3306 ὑφ’
231 3222 340 3287 ἑαυτοῦ
370 3218 482 3297 λόγους
515 3216 684 3297 εἰρημένους
713 3217 756 3280 τὰ
780 3212 903 3280 τουτονί
922 3219 975 3280 τοῦ
998 3217 1116 3294 ἀγῶνος
1140 3215 1245 3282 δίκαιοί
1270 3218 1332 3287 ε’ςιν

142 3326 275 3409 ἰσχυροί,
310 3325 397 3392 id'em
430 3323 570 3410 perlaeta
604 3324 745 3388 oratione
775 3323 815 3387 de
847 3323 915 3407 ipso
948 3321 1081 3400 dixeris,
1114 3325 1170 3408 qui
1200 3324 1332 3390 dicendo

142 3434 334 3501 incalescens
367 3436 399 3497 et
430 3450 539 3496 omnes
570 3447 682 3494 nervos
712 3428 879 3494 intendens
902 3427 1049 3496 oblivisci
1072 3429 1200 3494 videtur
1222 3430 1335 3496 iudicii

143 3544 268 3608 exitum
298 3558 360 3603 non
391 3558 431 3602 ex
461 3557 519 3601 sua
550 3535 729 3620 eloquentia
759 3533 912 3620 pendere,
940 3533 994 3599 sed
1018 3530 1250 3608 dedetractor
1275 3542 1333 3600 τῶν

142 3645 324 3727 δικαζόντων
348 3641 407 3727 ἔχει
432 3643 503 3724 πρὸς
529 3641 562 3706 τὸ
588 3640 604 3716 ἢ
630 3639 840 3720 δυσχεραίνειν
865 3639 882 3714 ἢ
908 3637 1083 3719 προσίεσθαι
1107 3639 1213 3720 remp!
1255 3690 1262 3707 .

189 3857 330 3941 Apparet
358 3873 398 3918 ex
420 3851 547 3916 Libanii
570 3854 760 3937 argumento
784 3848 862 3913 duas
884 3850 918 3912 in
944 3848 1195 3936 Aristogitonem
1219 3851 1333 3916 oratio-

142 3984 198 4030 nes
230 3963 285 4035 τὴν
312 3956 523 4038 τερατολογίαν
547 3955 716 4043 (Lycurgi)
739 3959 771 4020 et
794 3957 849 4029 τίον
872 3953 1105 4034 δεντερονιογίαν
1130 3953 1332 4041 (Hyperidis)

143 4071 224 4136 olim
254 4070 289 4132 in
319 4065 410 4131 libris
442 4064 624 4128 coniunctas
653 4061 766 4139 fuisse,
799 4061 882 4126 unde
905 4061 1026 4126 foetum
1048 4064 1157 4126 estut
1179 4059 1333 4128 Libanius

143 4177 331 4262 Lycurgeae
361 4169 511 4236 orationis
543 4164 683 4231 ὑπόθεσιν
715 4172 747 4232 et
782 4167 991 4232 accusationis
1026 4168 1131 4250 capita
1162 4165 1334 4254 diligenter

143 4282 334 4368 exposuerit.

190 4386 344 4453 libanius
374 4388 407 4448 et
436 4381 504 4464 ipse
535 4381 678 4444 vars-atur
707 4380 742 4445 in
772 4397 808 4444 eo
835 4379 992 4463 opinionis
1011 4397 1119 4443 errore
1142 4380 1181 4442 ut
1203 4376 1334 4444 alterius
