3086 4968
408 1129 692 1224 MENANDRI
719 1130 1041 1224 FRAGMENTA
1071 1130 1298 1223 INiiDITA.

716 1447 1004 1490 Φ-

310 1707 392 1775 Pius
422 1730 519 1794 quam
549 1710 683 1796 triginta
713 1712 745 1774 et
776 1711 915 1796 quinque
938 1713 1014 1777 euni
1036 1714 1111 1776 sunt
1134 1731 1174 1776 ex
1196 1731 1259 1796 quo
1283 1727 1348 1776 cum
1365 1711 1418 1766 coi·

267 1832 422 1883 srsnrmo
454 1831 671 1882 rmcsrnuoar
695 1816 873 1884 amicitiam
897 1820 929 1882 et
951 1816 1206 1882 familiaritatem
1229 1813 1419 1883 suavissimam

268 1925 410 1988 contraxi
439 1921 571 1986 Parisiis
601 1923 762 2006 primum,
796 1920 908 1987 deinde
938 1923 973 1986 in
1003 1922 1115 2006 Italia,
1147 1923 1205 1987 ubi
1227 1926 1335 1988 tertius
1353 1910 1422 1981 obii
1501 1959 1502 2016 1

268 2030 399 2094 accessit
421 2027 538 2092 sodalis
562 2026 789 2092 dilectissimus
814 2043 956 2093 carosus
979 2046 1125 2111 suumn.
1173 2028 1244 2116 Ego
1268 2035 1299 2094 et
1318 2028 1423 2092 crusii
1501 2019 1503 2088 i

269 2135 325 2199 diu
354 2131 504 2197 initalia
527 2134 723 2219 mansimus,
747 2149 965 2200 ursorsrrnoar
987 2137 1108 2200 interea
1131 2133 1280 2222 Syriam,
1303 2122 1423 2200 Palaesi-
1503 2124 1504 2170 i

268 2258 364 2314 nam,
386 2238 575 2324 Aegyptum
597 2241 789 2326 peragravit.
824 2237 873 2304 Ex
896 2239 956 2304 hoc
974 2241 1088 2306 itinere
1108 2241 1149 2306 ad
1166 2262 1220 2306 me
1235 2242 1325 2306 misit
1338 2230 1424 2318 oratos

269 2351 415 2422 μνημεῖον
449 2342 696 2418 munusculum,
733 2365 771 2409 ex
804 2347 991 2430 perantiquo
1026 2342 1140 2412 Oodice
1174 2347 1329 2433 descripta
1352 2335 1427 2408 rerba
1506 2367 1507 2414 t

268 2451 382 2518 incerti
412 2446 526 2515 Graeci
555 2454 677 2534 potitae.
724 2450 762 2515 In
793 2470 855 2535 qua
884 2451 1013 2516 tandem
1042 2451 1241 2518 Bibliotheca
1272 2458 1304 2517 et
1330 2452 1361 2514 in
1381 2458 1427 2528 (1110
1507 2449 1508 2500 i

269 2555 352 2622 libro
375 2557 452 2621 haec
475 2556 634 2622 invenerit
656 2576 719 2622 non
741 2556 818 2622 iecit
836 2577 890 2622 me
909 2559 1085 2623 certiorem.
1109 2547 1158 2622 'In
1176 2559 1279 2624 fronte
1296 2548 1430 2622 echidnis

269 2664 369 2748 ipsius
398 2682 494 2728 manu
520 2663 672 2747 scriptae,
698 2683 760 2747 qua
782 2663 963 2750 fragmenta
984 2663 1062 2729 haec
1085 2665 1302 2742 continentur,
1324 2656 1430 2739 inscio

269 2775 341 2834 tum
365 2771 430 2835 est:

550 2993 727 3075 Froymecto
749 2993 807 3059 daco
833 2993 952 3060 Codicis
974 2993 1174 3080 antiquissimi

664 3113 719 3180 iv.
742 3121 776 3180 ut
797 3115 916 3180 videtu
936 3115 1060 3180 coecati.

314 3295 525 3379 Posteaquam
548 3289 770 3370 'Fischendorfi
795 3293 851 3377 qui
873 3312 1050 3377 numquam
1075 3290 1114 3356 de
1135 3291 1187 3356 his
1210 3290 1386 3380 fragmentis
1404 3285 1432 3348 in

268 3403 375 3468 lucem
401 3399 530 3465 edendis
552 3401 707 3486 cogitasse
730 3397 876 3482 videtur,
901 3399 1035 3488 excessit
1058 3416 1075 3461 e
1098 3397 1184 3471 vita,
1208 3398 1276 3481 ipse
1298 3397 1331 3462 id
1351 3395 1433 3460 facere

269 3508 395 3573 decrevi
418 3509 449 3570 et
473 3504 636 3571 ostendere
659 3503 851 3570 Menandros
874 3505 951 3569 haec
976 3523 1042 3568 esse
1065 3522 1104 3567 ex
1127 3502 1251 3568 duabus
1277 3495 1434 3569 Comoediis

269 3617 393 3690 sumta,
424 3631 559 3697 quarum
592 3609 692 3676 altera
721 3631 801 3694 quac
832 3609 928 3677 tirerit
956 3612 1115 3675 incertum
1142 3613 1208 3687 est,
1234 3609 1361 3676 alteram
1380 3618 1433 3669 esse

270 3719 322 3784 τὸν
355 3718 576 3794 decertaturas
599 3736 675 3781 mox
698 3717 918 3783 demonstrabo
940 3719 1110 3801 postquam
1133 3712 1355 3783 Tischendorfii
1375 3727 1433 3794 apo

270 3825 431 3912 graphum
453 3843 549 3908 quam
572 3819 756 3888 fidelissime
778 3824 922 3908 primum
946 3819 1148 3907 descripsero.

850 4035 876 4101 I.

397 4220 1229 4287 ΑΝΘΡΩΠΟΟΟΙΝΟΝΑΤΤΟΤΟΤΤΕΚΠΛΗΤ..
1243 4261 1268 4279 ..

398 4328 1155 4386 eroserssePTOTMeoTcKeeomem
