3052 4970
814 257 880 330 374

566 456 718 530 χαλεπῶς
742 449 773 515 δὲ
796 449 922 517 ream
945 451 981 515 rt
1004 449 1107 532 ῥέξειν.

251 561 284 618 61
310 563 346 620 Φ.
372 553 446 620 583.

455 654 474 734 ἦ
495 661 530 736 δή
555 684 613 725 που
636 661 717 740 μάλ’
741 660 870 734 ἔειλπας
892 701 934 711 -
954 662 1045 728 πόλιν
1068 663 1197 744 πέρσειν.

249 770 389 833 revocari
411 771 529 854 poterit
550 768 653 834 forma
674 767 861 834 Homerica:

617 870 636 949 ἦ
657 874 751 954 μάλα
773 875 808 949 δή
831 898 862 940 τι
886 874 1040 946 ricoarae.

295 978 431 1046 Omnem
463 980 684 1046 huiuscemodi
711 983 934 1047 correctionem
957 983 1079 1066 respuit
1100 982 1276 1047 versiculus
1298 1006 1326 1044 ω.
1354 977 1425 1044 313.

432 1087 522 1164 θυμὸς
547 1085 572 1152 δ’
595 1085 639 1152 ἔτι
664 1093 749 1151 νιῖιΙΝ
774 1087 908 1155 ἔἙιύλπει
930 1124 972 1134 -
992 1085 1136 1164 μίξεσθαι
1161 1087 1252 1169 ξενίιι.

251 1192 305 1258 sed
336 1213 374 1256 ea
403 1211 476 1277 pars
506 1195 657 1258 carminis
687 1192 821 1258 conflate
844 1196 892 1257 est
914 1213 950 1256 eo
971 1197 1114 1277 tempore
1136 1214 1238 1278 quum
1259 1195 1359 1258 omnis
1381 1195 1428 1257 πιῦ

252 1297 404 1376 δίγαμμα
428 1303 461 1363 61
483 1320 559 1364 6666
582 1305 614 1364 61
636 1301 792 1364 memoria
814 1297 908 1384 plene
931 1303 1013 1363 esset
1036 1297 1177 1364 obsoleta
1199 1305 1232 1364 et
1254 1297 1381 1364 abolita.

298 1405 383 1472 Leve
405 1405 560 1469 mendum
582 1406 704 1470 incuria
727 1425 746 1470 a
767 1405 912 1470 Belrlrero
934 1403 1120 1492 neglectum
1139 1411 1188 1470 est
1210 1415 1248 1469 Η.
1273 1403 1347 1469 310.

638 1510 843 1576 ἀελπτέοντες
867 1510 933 1575 πύον
956 1506 1043 1576 εἶναι.

252 1639 310 1705 pro
333 1614 574 1690 ύἙελππέιντες.
620 1616 671 1682 Hx
699 1619 802 1703 prisco
828 1617 993 1695 Ἑὲλπιμαι
1015 1623 1129 1682 natum
1154 1623 1202 1682 est
1225 1616 1385 1690 ciFrerrcr
1407 1622 1435 1682 et

253 1722 434 1792 ύῖελππέω.
482 1724 708 1808 Antiquissimi
737 1729 808 1809 post
838 1722 1018 1789 Homerum
1040 1725 1133 1790 Iones
1156 1725 1303 1790 dicebant
1324 1729 1363 1790 ut
1383 1725 1435 1789 Ar·

254 1831 435 1898 chilochus:
467 1828 639 1910 χριιμύπων
669 1826 806 1894 ἄελπτον
839 1829 931 1894 οὐδέν.
964 1835 996 1894 61
1028 1827 1061 1906 ἐξ
1089 1832 1243 1905 ιὶελππίνς
1268 1831 1386 1915 φόβας,
1409 1833 1437 1894 61

254 1936 435 2003 Herodotus
465 1933 535 2001 Vll.
562 1933 636 1999 168.
669 1937 876 2010 ἀελπτέοντες
907 1934 978 2007 τοὺς
999 1932 1158 2010 Ἕλληνας
1183 1936 1435 2016 ὑπερβαλέεσθαι.

253 2043 291 2109 16
314 2042 449 2108 Homeri
470 2041 561 2105 libris
583 2041 825 2107 mendosissime
847 2041 969 2130 legitur
991 2043 1189 2116 ύειιπέανπες.
1235 2042 1325 2108 Olim
1346 2044 1438 2129 proba

255 2151 358 2216 forma
379 2148 516 2233 reposita
538 2151 586 2213 est
608 2147 663 2212 sod
686 2148 824 2213 habebat
845 2147 1011 2235 digamma
1034 2147 1274 2224 ύἙειιππέονπες.

817 2457 886 2525 LX.

301 2669 340 2737 ln
366 2667 435 2733 loco
465 2665 582 2732 iliados
614 2674 653 2732 0.
688 2664 757 2746 69„
790 2687 887 2753 quem
919 2668 1122 2735 Aristarchus
1151 2671 1297 2754 spurium
1321 2692 1392 2739 esse
1414 2677 1442 2738 et

257 2774 562 2859 παρεμβεβλνμένιν
584 2775 714 2840 invictis
738 2777 938 2862 argumentis
960 2774 1207 2855 demonstravit,
1231 2777 1292 2842 duo
1315 2777 1443 2846 latitant

256 2883 374 2953 menda
403 2899 466 2945 non
496 2879 535 2944 ab
565 2879 789 2966 interpolatore
818 2880 873 2946 sed
904 2901 923 2945 a
953 2881 1065 2946 scribis
1095 2882 1244 2966 profecta.
1290 2882 1393 2951 Prius
1413 2889 1443 2951 in

255 3011 304 3059 vs.
329 2986 383 3054 69.

439 3092 474 3155 εἰι
496 3094 549 3156 πού
572 3091 598 3156 δ’
621 3089 658 3155 ἄν
681 3115 726 3157 πω
750 3090 860 3158 ἔπειτα
883 3090 1033 3169 παλίωξιν
1058 3092 1145 3174 παρὰ
1170 3099 1244 3168 νηῶν

439 3198 503 3262 αἰὲν
524 3197 584 3275 ἐγὼ
607 3195 753 3278 τεύχοιμι
774 3199 952 3279 διαμπερές.

256 3308 394 3376 alterum
416 3306 451 3370 in
472 3325 521 3370 vs.
545 3299 598 3369 ¹72.

370 3412 405 3477 πὸ
429 3409 496 3491 πρὶν
521 3407 548 3473 δ’
571 3408 634 3474 οὔτ’
657 3405 704 3487 ἄρ’
729 3408 789 3486 ἐγὼ
812 3406 902 3472 παύω
925 3407 1019 3489 χόλον
1043 3407 1113 3474 ιύπε
1136 3411 1193 3473 πιν*
1216 3407 1312 3476 ἄλλον

372 3515 533 3583 ιὶύανιὶπων
557 3522 723 3580 Δαναοῖσιν
746 3512 902 3592 ἀμυνέμεν
927 3513 1024 3584 tacet·
1048 3512 1142 3582 ἕύσω.

302 3625 430 3710 Jupiter
457 3621 639 3687 futurarum
670 3641 778 3685 rerum
801 3621 925 3686 exitum
947 3619 1076 3705 pendit:
1101 3639 1158 3686 cur
1181 3642 1257 3709 ergo
1278 3642 1341 3690 non
1367 3625 1444 3692 dixit

258 3731 374 3798 παύοω
401 3724 517 3808 χύλιν1
551 3725 677 3792 Diserta
711 3726 887 3792 Aristarchi
916 3727 1100 3791 testimonio
1127 3729 1320 3814 retinemur,
1352 3731 1444 3804 οὕτως

257 3837 442 3920 ’Λρὶςαρχος
470 3833 565 3914 χωρὶς
595 3838 648 3899 τοῦ
674 3842 697 3897 C
726 3831 848 3898 παύω.
895 3829 958 3897 Sed
981 3837 1090 3900 tamen
1113 3837 1286 3911 sententio,
1310 3835 1444 3920 dixeris,

258 3945 404 4011 futurum
426 3940 568 4026 postulet
586 3944 623 4004 ut
646 3941 755 4006 statim
775 3937 845 4003 ιύτε
865 3937 955 4004 triac.
986 3937 1146 4004 Memores
1166 3938 1357 4008 Homericae
1379 3964 1445 4010 con·

260 4049 438 4118 suetudinis
468 4047 693 4112 rescribemus:
726 4045 790 4110 ιύπ’
812 4042 886 4110 *AN
912 4045 973 4122 ἐγὼ
999 4043 1088 4111 παύω
1111 4042 1224 4130 zdico,
1248 4067 1390 4132 namque
1412 4047 1444 4113 ἂν

261 4156 351 4223 παύω
383 4157 431 4219 661
460 4152 588 4231 παύσω,
613 4158 651 4216 61
673 4150 735 4231 ἐγὼ
757 4149 789 4216 δέ
812 4149 843 4215 κ’
868 4149 936 4228 ἅνω
962 4155 1010 4217 661
1033 4151 1092 4228 ἐγὼ
1117 4150 1142 4214 δ’
1167 4148 1251 4236 ἄξω,
1275 4157 1309 4219 61
1333 4153 1398 4231 ἐγὼ
1418 4153 1445 4218 δι’

261 4265 295 4331 κέ
319 4285 363 4328 ποι
387 4258 467 4326 ιιδέω
489 4257 581 4338 χάριν
606 4256 860 4336 6611733166
884 4255 977 4336 χύριν
1000 4256 1140 4334 εἵσομαι,
1166 4261 1199 4321 61
1224 4263 1344 4343 passim
1369 4264 1444 4326 eius·

260 4373 335 4439 dem
358 4373 527 4456 syntaxeos
549 4362 695 4448 exempla
716 4361 880 4450 leguntur.
