3026 4970
800 212 866 282 348

234 409 353 478 latum:
377 399 405 476 oi
427 359 453 473 i:
478 405 544 473 ἐπεὶ
570 413 659 473 OTN
683 402 790 480 πθλιοο
814 403 956 484 κατέβαν
979 423 1077 491 quam
1101 423 1217 492 parum
1235 401 1305 469 fidei
1320 398 1399 468 sitin
1493 441 1494 444 =

236 514 406 586 codicibus
429 514 508 583 Μαι.
534 535 613 602 quos
635 535 720 582 nunc
742 513 908 580 habemus.

761 825 901 895 XXXII.

727 1039 937 1106 ἌΜΠΝΤΕ.

283 1251 321 1318 ln
343 1249 435 1318 Iliad.
461 1261 497 1316 x.
522 1249 600 1316 222.
646 1249 796 1318 Minerva
818 1249 858 1317 ad
881 1249 1043 1316 Achillem
1065 1251 1113 1316 ita
1135 1249 1232 1314 dicit:

450 1357 554 1422 ’ἀλλά
576 1357 614 1423 σὺ
637 1357 695 1435 μὲν
718 1360 770 1422 νῦν
794 1357 861 1432 τήθι
885 1355 938 1423 καὶ
960 1355 1172 1423 ”AMnNas

286 1462 370 1543 Quid
395 1467 444 1528 est
467 1459 613 1541 ἀμπνυεθ
647 1462 694 1529 Do
715 1461 945 1550 significatione
968 1462 1058 1528 nulla
1090 1466 1137 1529 est
1166 1462 1333 1528 dubitatio.
1371 1456 1409 1522 Si·

238 1568 369 1657 gnificat
392 1572 476 1634 enim
501 1569 707 1644 ἀνάπνονοον,
729 1569 785 1634 sed
809 1569 848 1635 de
871 1570 974 1635 forma
997 1589 1123 1654 quaero.
1169 1567 1310 1657 Vulgata
1329 1565 1408 1633 lectio

237 1696 302 1742 non
332 1680 381 1742 est
411 1677 539 1741 omnino
570 1673 702 1742 Graeca.
749 1674 859 1740 Testes
890 1675 987 1742 habet
1015 1673 1122 1741 nullos
1151 1680 1277 1760 praeter
1299 1670 1410 1739 (lodices

236 1781 330 1848 hodie
350 1783 542 1868 superst'tes.
589 1781 693 1847 Nemo
714 1785 861 1846 veterum
881 1780 992 1847 laudat
1013 1802 1157 1860 versum,
1179 1801 1275 1846 nemo
1292 1779 1412 1846 formam
1496 1819 1497 1860 ,

238 1887 363 1967 ἄμπνυε
389 1892 627 1954 commemorat.
674 1884 800 1952 Vitium
831 1908 867 1953 aa
898 1886 1006 1952 labem
1030 1889 1209 1973 concepisse
1234 1887 1412 1973 suspiceret
1496 1875 1497 1890 ³

239 2015 353 2062 verum
373 2014 439 2061 esse
459 1992 615 2079 ἀμπνοο,
635 1993 719 2080 quod
742 2013 844 2079 quum
867 1995 1026 2078 sequiores
1053 1991 1204 2061 Graeculi
1223 2014 1287 2059 non
1305 1991 1414 2058 nossent

239 2106 423 2167 consuetam
453 2101 638 2186 imperativi
668 2099 805 2165 formam
823 2101 869 2164 ¹in
902 2108 950 2164 -Ε
974 2100 1218 2165 substituerunt.
1266 2101 1414 2172 Ἀιαπιοῑν

238 2205 335 2272 hebet
357 2206 441 2291 apud
462 2205 642 2273 Homerum
667 2207 823 2271 norisium
846 2205 1008 2291 duplicem
1031 2205 1192 2284 ripariola
1216 2211 1249 2273 ot
1275 2203 1413 2286 ἄμπνυτο.

239 2312 419 2391 Ἀμπνύνθη
442 2310 564 2400 legitur
586 2320 624 2378 E.
651 2309 728 2378 697.

466 2421 518 2485 τὸν
539 2419 566 2483 δ’
591 2417 681 2485 ἔλιπε
705 2418 807 2502 ψυχή.
823 2455 864 2467 -
879 2413 967 2492 αὖτις
988 2416 1014 2485 δ’
1037 2417 1209 2498 ἀμπνύνθη.

241 2529 273 2592 et
298 2532 330 2594 Ξ.
356 2523 432 2590 436.

467 2631 528 2698 use
552 2629 584 2696 ei
608 2633 633 2698 oi
659 2629 735 2714 ύάοορ
758 2633 877 2711 Χεύαν,
901 2633 915 2696 θ
938 2630 964 2698 δ’
988 2629 1162 2712 ἀμπνύνθη.

240 2740 414 2807 formatum
446 2743 493 2805 est
523 2743 562 2806 ut
590 2737 729 2818 ύκλύνθη,
761 2737 991 2821 ἀποκρινθέντε,
1022 2736 1282 2819 διακρινθήμεναι,
1308 2737 1416 2822 ύρύνθη,

239 2848 430 2931 δηρινθήτην,
463 2846 655 2923 εύθιινθήτην,
687 2844 879 2928 ἱδρύνθησαν,
917 2845 1052 2928 ήρτύνύη.
1099 2843 1265 2912 Secundus
1298 2848 1417 2912 soristss

239 2955 360 3045 legitur
390 2962 431 3020 A.
457 2951 533 3018 359.
557 2949 646 3033 τόφρ’
666 2951 786 3032 Ἕκτωρ
809 2949 1014 3031 ἀμπνατο,
1039 2961 1076 3018 Χ.
1101 2949 1176 3018 475.
1204 2944 1220 3026 ἣ
1245 2952 1270 3018 δ’
1293 2952 1357 3019 ἐπεὶ
1379 2947 1418 3018 οὖν

241 3060 441 3141 ἀμπνντο.
466 3084 491 3125 ε.
514 3056 592 3124 458.
615 3057 690 3124 ἀλλ’
714 3054 765 3125 ύπε
788 3057 824 3134 δή
848 3057 872 3140 ῥ’
896 3055 1102 3137 ἀμπνντο,
1128 3066 1161 3124 et
1178 3083 1211 3124 οι.
1234 3056 1311 3125 348.
1331 3056 1417 3138 αύτάρ

241 3169 309 3234 dorsi
339 3166 362 3250 ῥ’
391 3164 591 3243 ἀμπνντο.
637 3164 724 3232 Hinc
753 3166 857 3253 igitur
885 3163 1024 3232 formam
1055 3163 1179 3244 ἀμπννο
1202 3187 1306 3252 neque
1327 3165 1418 3232 ullam

159 3341 162 3348 ,
242 3273 340 3341 aliam
362 3276 471 3340 natam
495 3291 561 3338 essa
584 3273 788 3358 perspicuum
810 3291 877 3338 esse
899 3273 1044 3338 arbitror.

285 3380 432 3445 Aoristus
455 3379 647 3443 ἀναπνεῦσαι
671 3382 704 3444 st
726 3377 869 3444 ἀνέπνεον
888 3382 921 3442 et
940 3376 1125 3449 declaravere
1147 3379 1233 3464 apud
1250 3377 1418 3444 Homerum

243 3489 404 3575 ponuntur
434 3484 553 3568 ubique
581 3482 718 3571 figurate
748 3483 787 3549 de
815 3481 975 3548 malorum
1006 3484 1222 3548 ictermieeione
1252 3505 1289 3550 ao
1312 3484 1417 3571 requie,

241 3594 435 3658 ἀναπνεῦσαι
459 3588 565 3673 πύνον,
589 3588 774 3666 κακότητος,
799 3589 959 3674 πολέμοιο,
980 3590 1035 3680 sed
1053 3589 1214 3669 ἀμπνύνθη
1236 3595 1269 3656 et
1288 3587 1418 3668 ἀμπνντο

240 3699 365 3785 proprie
396 3699 424 3761 si
452 3698 524 3781 quis
552 3697 702 3780 spiritum
732 3698 846 3781 recipit
873 3694 1070 3783 colligitque.
1116 3694 1175 3760 Est
1198 3700 1307 3762 eutem
1330 3697 1420 3763 forma

238 3803 357 3889 duplex
378 3804 413 3866 in
436 3797 555 3867 talibus
577 3800 719 3868 Homero
741 3819 804 3868 non
825 3801 1024 3888 infrequens,
1048 3805 1085 3866 ut
1107 3802 1142 3865 in
1165 3799 1298 3880 ἒλύμην,
1328 3802 1418 3880 λύμην

240 3914 272 3975 et
294 3909 402 3987 λύθην,
427 3905 550 3988 ἔχύμην
573 3911 606 3972 et
628 3907 763 3988 ύχύθην,
784 3908 910 3989 χυθείη,
935 3908 1098 3986 ἐπλήμην,
1122 3906 1251 3986 πλήμην
1273 3910 1305 3973 et
1333 3905 1419 3982 ἐπλή-

243 4014 335 4096 σθην,
358 4013 493 4089 πλῆσθεν
516 4011 747 4099 similibusque.
