3034 4970
801 229 867 302 202

239 427 317 494 haec
350 428 473 502 omnia;
506 424 561 490 sed
590 421 722 507 reliquit
752 423 822 495 τοὺς
848 424 1075 496 ΠοΡΕΤύῆνια
1099 423 1144 500 μίν
1168 421 1363 503 δυναμένους,
1386 423 1414 486 at

240 535 299 600 hoc
323 535 429 618 ipsum
452 551 508 616 pro
532 529 674 604 ὡνηίηναι
699 535 747 594 est
770 529 994 614 reponendum.
1019 547 1028 584 ·.

285 740 366 828 Pag.
390 739 466 806 784.
492 739 558 817 περὶ
583 745 641 801 τῶν
666 739 825 815 Ἐρεμβῶν
847 739 863 812 ἡ
885 738 1008 818 ζήτησις
1030 738 1093 802 εἴτε
1113 738 1181 810 τοὺς
1204 738 1414 819 Τρωγλοδύτας

242 846 415 922 ύτονοητέον
446 844 593 923 λέγεσθαι
628 845 767 923 καύοίπερ
802 847 828 908 οί
864 852 955 907 ΤΗΝ
993 844 1221 922 ε’τυμολογίΑΝ
1255 843 1415 924 βιαζόμενοι

241 954 303 1020 ἀπὸ
328 958 379 1016 τού
406 954 448 1023 είς
473 954 527 1025 την
551 949 620 1030 έραν
645 951 805 1027 ἐμβαίνειν
830 988 871 998 -
896 951 960 1014 είτε
983 951 1053 1024 τούς
1074 951 1236 1028 Ἄραβας.
1285 947 1417 1032 Corrupit

239 1061 325 1124 hunc
354 1058 461 1123 locum
491 1057 667 1122 Kramerns
697 1077 754 1140 pro
785 1052 939 1122 Codicum
975 1060 1132 1142 scriptura
1166 1067 1204 1138 τῇ
1242 1054 1417 1135 ε’τυμολογίρ

241 1165 418 1244 βιαζόμενοι
461 1164 499 1228 de
540 1182 597 1226 suo
633 1164 828 1226 substituens
861 1165 916 1236 την
951 1164 1170 1241 ε’τυμολογίαν.
1220 1161 1365 1228 Straboni
1393 1163 1419 1221 et

242 1271 377 1347 Stoicis,
404 1273 458 1356 qui
483 1272 516 1333 in
540 1269 746 1356 etymologiis
766 1288 841 1332 saxa
860 1277 892 1332 et
912 1269 1083 1334 durissima
1103 1291 1245 1354 quaeque
1265 1284 1420 1350 contoque

241 1379 337 1452 bant,
369 1375 452 1440 nihil
479 1376 517 1440 de
540 1396 655 1462 genere
678 1375 737 1440 hoc
760 1383 889 1438 οσαοιιιιπ
911 1376 1097 1453 videbatur,
1122 1376 1176 1440 sed
1200 1397 1252 1440 eoa
1277 1377 1352 1440 dicit
1373 1371 1420 1456 qui

243 1482 441 1570 etymologia
464 1488 629 1566 tamquam
653 1483 865 1546 instrumento
889 1481 930 1546 ad
950 1483 1232 1548 demonstrandum
1255 1481 1419 1546 utebantur.

289 1693 369 1780 Pag.
406 1689 482 1759 794.
529 1692 686 1762 Ἀντώνιος
722 1727 765 1740 -
801 1689 851 1753 ἐπί
887 1692 928 1768 τῷ
961 1689 1041 1770 ύκρῳ
1073 1689 1288 1753 κατεσκεύασε
1312 1688 1420 1753 δίαιταν

243 1801 430 1880 βασιλικὴν,
456 1796 489 1872 ἣν
513 1797 667 1873 Τιμύνίον
693 1794 941 1873 προσηγόρευσεν.
967 1801 1055 1860 τοῦτο
1082 1797 1106 1859 δ’
1133 1795 1248 1875 ἔπραξε
1272 1797 1308 1859 τὸ
1331 1807 1420 1859 τελεν·
1510 1795 1511 1800 ’

243 1916 329 1972 ταΐον
352 1906 447 1979 alliun
469 1902 694 1973 llPOlmtlsle
715 1904 772 1967 ύπὸ
793 1909 851 1966 τοῖν
871 1905 970 1974 Φίλιον
990 1904 1104 1980 οίπῆρεν
1126 1904 1167 1974 είς
1188 1903 1422 1982 Ἀλεξάνδρειαν.

243 2013 343 2078 Sorib.
368 2011 548 2087 ΤιμύνΕΙυν
571 2015 604 2073 et
629 2010 704 2084 ἡνίκ’
729 2010 968 2090 ’ΛΠΟλειφίείς
995 2011 1051 2074 ύπτὸ
1075 2015 1133 2073 τῶν
1157 2010 1267 2090 φίλων.

288 2220 368 2308 Pag.
392 2215 467 2284 797.
492 2224 550 2280 τῶν
574 2217 600 2280 δ’
623 2217 791 2298 ἐπιχωρίων
811 2215 967 2296 ἀρχόντων
988 2219 1033 2302 (in
1054 2217 1216 2304 Aegypto)
1240 2219 1325 2282 κατύο
1348 2214 1424 2281 πτίλιν

243 2327 299 2404 μέν
332 2326 348 2389 ὅ
378 2350 412 2389 τε
442 2323 593 2401 ἐξηγητής
620 2324 665 2391 έςι
691 2362 733 2372 -
759 2323 810 2387 καί
836 2325 849 2387 ύ
876 2327 1202 2402 ύπομνηματογροέφος
1229 2328 1280 2389 καί
1308 2327 1321 2389 ύ
1345 2327 1424 2402 claxt-

244 2432 382 2506 δικαςνίς.
431 2431 482 2495 Ad
512 2431 718 2509 οίρχιδικαςύτ
748 2431 916 2515 adscripsit
939 2429 1204 2496 Hemsterhusius
1229 2431 1301 2508 „hle
1323 2428 1414 2495 ι’νιίοίί
1509 2509 1510 2516 ¹

240 2539 355 2620 ρεκύιιο
377 2543 410 2601 ν’νο
433 2537 615 2601 Mantiane
638 2535 663 2600 1.
691 2536 786 2602 104.’”

286 2748 364 2835 Pag.
400 2745 476 2812 799.
509 2743 579 2811 εἶτα
610 2745 781 2824 Ταπύσιρις
814 2783 857 2796 -
888 2748 1058 2824 πανήγυριν
1088 2747 1240 2826 δεχομένη
1267 2745 1424 2826 μεγοίλην.

242 2855 293 2919 καί
318 2853 402 2926 ἄλλη
428 2854 454 2917 δ’
479 2853 524 2919 ἐςί
548 2851 717 2932 Τατύσιρις
742 2853 883 2916 ἐπέκειντο
907 2860 963 2927 τῆς
987 2854 1103 2924 πόλεως
1124 2856 1253 2923 ἱκανῶς·
1277 2856 1374 2928 αὐτῆς
1400 2851 1425 2915 ll

241 2963 368 3036 πλησίον
405 2959 555 3039 πετρῶδες
590 2959 639 3023 ἐπὶ
675 2970 712 3038 τη
750 2960 893 3039 ύαλοέττη
927 2962 1036 3038 χωρίον
1073 2961 1123 3023 καί
1159 2960 1236 3024 αύτὸ
1270 2959 1424 3040 δεχόμενον

244 3067 376 3139 πολλοὺς
407 3066 476 3138 τοὺς
511 3065 755 3147 ἈΚΜΑζοντας
787 3064 918 3130 ύίπασαν
948 3063 1024 3144 ύραν
1059 3067 1154 3135 ἔτους.
1201 3066 1265 3130 Pro
1301 3063 1425 3130 absurdo

243 3174 444 3254 ύνμοίζοντας
469 3180 594 3258 recepta
617 3182 664 3237 est
686 3171 799 3236 infelix
822 3170 994 3257 Tyrwithii
1018 3175 1197 3236 coniectura
1221 3171 1425 3252 κωμάζοντας.

242 3281 325 3347 Rem
362 3301 420 3345 aen
455 3282 562 3360 tetigit
595 3278 859 3343 Hemsterhnsins
893 3280 927 3341 in
959 3280 1159 3342 annotatione
1186 3278 1248 3342 Ms.
1282 3294 1425 3362 reponens

244 3387 449 3466 οίκΤοίζοντας
479 3386 514 3449 id
544 3393 592 3450 est
621 3385 650 3447 έν
672 3387 753 3464 οὶκτη
778 3383 1015 3464 εὐωχουμένους.
1052 3383 1235 3469 Hesychius
1259 3406 1290 3449 v.
1319 3383 1425 3453 Ἀκτηῑ

245 3532 286 3542 -
312 3489 374 3558 οἶδε
400 3492 506 3556 δὲκαὶ
533 3491 667 3555 ύλλοτι
692 3491 709 3563 ἦ
736 3492 875 3565 συνήθεια
900 3489 1087 3567 καλούμενον
1118 3492 1262 3564 οὶκτήν.
1297 3491 1359 3556 alai
1381 3489 1426 3550 τού
1508 3479 1509 3518 l

244 3601 468 3676 συμβαίνοντος
492 3594 578 3675 οἶμαι
603 3605 666 3668 τοῖς
691 3596 906 3676 πλοϊζομένοις
932 3597 1090 3673 λαβοῦσα.
1116 3597 1222 3661 ἐκεῖνοί
1245 3621 1280 3660 τε
1304 3597 1366 3676 γύρ
1391 3593 1427 3660 είς
1508 3593 1509 3610 ’

244 3707 313 3777 τοὺς
347 3709 496 3776 τοιούτους
528 3710 586 3767 τῶν
615 3703 715 3767 τύπων
739 3703 919 3780 ύποβύντες
946 3703 1104 3775 έςιῶνται,
1129 3699 1208 3776 αὕτη
1233 3726 1267 3765 τε
1292 3703 1361 3772 τούς
1384 3699 1426 3760 ἐτ’

244 3814 391 3894 εύιυχίαις
416 3810 643 3891 νίφυρισμένους
668 3810 779 3880 τύπους
810 3810 937 3879 νύκτας
967 3817 1062 3873 καλεῖ
1080 3807 1136 3872 κίον
1159 3809 1280 3885 τύχωσι
1307 3808 1350 3884 μη
1373 3829 1427 3868 τοι·

244 3919 445 4002 ραίαλοίοσιοι
469 3916 562 3987 ίντες.
603 3914 664 3981 Oui
684 3937 746 3980 non
769 3922 844 3980 nota
868 3922 935 3978 cela
959 3911 1087 3978 Verris?
1110 3912 1195 3978 Hinc
1215 3917 1318 4000 igilur
1334 3909 1427 3978 οὶκτύ·

244 4030 304 4109 ζειν
330 4023 500 4089 dicebatur.
537 4021 729 4087 Plutarchus
752 4021 951 4108 Symposion.
974 4018 1029 4084 lv.
1055 4019 1086 4084 4.
1112 4018 1143 4082 8.
1167 4021 1199 4083 τί
1223 4019 1252 4084 δ’
1278 4021 1303 4084 ol
1327 4013 1427 4082 πολλοί

243 4134 409 4214 βούλονται
435 4131 505 4209 πρὸς
530 4133 599 4192 θεῶν
624 4125 698 4192 ύταν
725 4129 816 4202 ἡδέος
839 4129 982 4206 γενέσθαι
1004 4132 1258 4204 παρακαλοῦντες
1281 4127 1427 4199 ἀλλήλους

244 4243 359 4317 λέγωσι
394 4236 594 4314 „atnepos
625 4233 911 4312 οέκτοίσυμεν;”
941 4232 1012 4312 οὐχί
1044 4232 1079 4295 τὸ
1112 4229 1186 4310 παρ’
1213 4235 1294 4311 ducii
1319 4231 1428 4295 δεῖπνον

245 4347 342 4428 ἥδιςον
365 4344 606 4426 οὶποφαίνουσινς
631 4338 721 4406 Conf.
747 4337 882 4418 Oasaub.
902 4340 942 4404 ad
963 4339 1165 4404 Athenaeum
1188 4359 1263 4425 pag.
1283 4335 1358 4404 846.
1380 4333 1431 4400 ubi
