3026 4970
836 271 901 340 338

273 461 508 532 buceroboseus
539 464 591 550 (ex
613 460 809 548 Herodiano)
834 464 869 526 in
893 461 996 528 Behh.
1022 465 1132 529 Aceod.
1159 481 1235 550 pag.
1256 457 1341 527 1257.
1371 451 1415 540 pud

270 569 369 640 Gaisf.
395 592 467 658 pag.
495 568 570 634 452.
595 571 611 646 ἦ
636 571 746 650 γροιΦὶς
771 569 824 632 οὐκ
849 565 911 636 isra
936 569 953 642 ἡ
978 569 1071 643 αὐτή.
1092 569 1127 634 τὸ
1148 568 1206 647 μὲν
1226 567 1287 648 γὰρ
1306 565 1415 630 TPitIAI

270 676 323 746 νον)
359 685 523 742 ΔΜΩΙΑΙ
556 672 661 755 ἔχονον
694 673 729 739 τὸ
755 685 768 739 l
794 675 1102 754 προσγεγραμμένον.
1149 672 1250 740 Nulla
1272 667 1418 755 ssseptitii

271 783 305 846 in
328 782 379 846 his
403 781 579 846 dubitatio:
606 783 715 865 itaqua
738 779 854 860 δμῳαί,
880 781 985 860 Τρῳοοί
1008 786 1040 846 st
1066 780 1210 862 Τρῳάδες
1235 782 1323 844 unice
1342 789 1418 840 veum

271 892 328 954 est.
376 887 497 953 uadem
530 889 613 953 ratio
642 892 690 952 est
720 889 753 950 in
778 885 852 965 ζὼς,
875 887 959 951 unde
981 887 1168 972 producitur
1191 886 1293 968 ζώϊος,
1317 880 1384 963 ζωόν,
1400 877 1420 938 ti

272 993 356 1078 quod
375 994 460 1077 apud
481 993 663 1059 Homerum
683 994 801 1079 passim
823 992 973 1058 scribitur
993 991 1085 1071 ζωοῦ,
1106 993 1211 1075 ζωῇσι,
1235 991 1344 1072 ζωοῖσι,
1361 980 1420 1064 {ott

272 1097 361 1179 ζωούς
397 1099 507 1164 eodem
542 1099 658 1164 mendo
692 1096 837 1162 laborant
875 1118 937 1182 quo
973 1097 1080 1179 Τρωονί
1114 1105 1147 1164 et
1178 1097 1289 1175 δμωαί.
1338 1089 1422 1158 dodam

271 1205 389 1270 indicio
425 1207 554 1289 apparet
588 1225 664 1269 vera
698 1204 801 1269 forma
833 1205 972 1269 nominis
1007 1211 1161 1269 ΖΩΙΟΝ.
1215 1201 1331 1269 Hditur
1356 1193 1423 1278 vulgo

272 1306 360 1387 ζῶον,
394 1309 477 1393 quod
507 1308 591 1374 nihii
624 1313 681 1375 est.
728 1308 818 1374 Iones
850 1307 995 1373 dicebant
1025 1307 1123 1389 ζώῖον,
1152 1309 1355 1376 Athenienses
1372 1299 1424 1380 ζῷον·

271 1413 414 1500 thmol.
448 1413 496 1479 M.
524 1413 600 1480 413.
628 1413 681 1484 14.
708 1411 802 1498 <droa
828 1413 882 1482 σὺν
905 1414 947 1499 τῷ
972 1424 996 1484 Ι.
1020 1451 1064 1468 -
1090 1415 1193 1490 ἐπειδὴ
1217 1413 1303 1481 κοντοὶ
1323 1409 1425 1480 taccu

271 1519 357 1601 rapt
382 1519 548 1606 Σιμωνίδῃ·

565 1625 622 1696 οἷον
647 1629 711 1696 τόδ’
739 1632 812 1709 ἡμῖν
835 1630 929 1710 θηρίον
953 1630 1137 1713 capdavaco

727 1735 810 1816 ζώϊον
836 1734 970 1804 cotors-w.
1358 1794 1359 1798 ,

271 1840 484 1927 supplendum
520 1863 558 1907 ex
594 1841 699 1907 Sohol.
737 1841 777 1908 ad
815 1851 849 1906 Z.
887 1841 964 1910 407.
995 1842 1081 1920 μετὰ
1112 1845 1166 1906 τοῦ
1197 1851 1209 1905 1
1242 1841 1284 1905 roi
1317 1835 1429 1921 ζωννὶγνν

271 1947 468 2028 Ἀρίςνορχος.
497 1952 529 2014 ct
553 1945 720 2028 ζωνοέγρνοοε
744 1945 828 2024 μετὰ
853 1952 906 2012 τοῦ
932 1958 957 2012 1.
982 1947 1048 2013 εὀοεὶ
1073 1947 1125 2012 aci
1151 1947 1321 2024 Σιμωνίδης
1343 1939 1415 2028 Φονζ

587 2053 622 2117 τὸ
646 2052 740 2133 ζωΐων
763 2051 889 2123 κοέκνςον
913 2051 1041 2129 ἔκτηται
1066 2053 1144 2132 βίον.

316 2157 477 2226 Homerus
508 2161 610 2246 igitur
641 2157 724 2238 ζώῖον
755 2162 790 2224 in
822 2157 894 2240 ζωόν
918 2161 1093 2244 contrahit,
1116 2158 1275 2226 Herodoti
1297 2163 1328 2224 et
1346 2157 1430 2222 Ionum

275 2263 358 2344 ζώῖον
381 2269 429 2328 est
451 2270 483 2330 et
506 2265 749 2336 Atheniensium
776 2262 856 2344 ζῷον.
904 2265 942 2330 In
966 2263 1064 2332 Oodd.
1089 2267 1320 2351 antiquioribus
1344 2264 1432 2342 utique

275 2369 357 2449 ζῶνον
382 2374 465 2435 recte
489 2370 648 2434 scribitur.
695 2371 732 2435 In
755 2367 870 2436 Codice
895 2371 924 2436 A
946 2370 1091 2437 Platonis
1111 2395 1224 2456 semper
1246 2375 1293 2438 ita
1310 2371 1432 2454 scriptum

274 2496 340 2540 esse
363 2475 442 2540 vidi.
466 2474 590 2540 Passim
617 2480 745 2561 apparat
767 2479 801 2540 in
817 2477 939 2553 crica,
965 2499 1061 2562 quem
1081 2499 1120 2544 ex
1139 2478 1285 2544 Parisino
1305 2469 1432 2557 descripsi·

191 2619 193 2624 ,
271 2579 391 2644 Hadem
416 2583 591 2646 constantia
615 2585 663 2646 est
683 2584 717 2646 in
740 2581 872 2667 reliquis
895 2581 986 2646 libris
1010 2585 1260 2668 antiquioribus,
1288 2583 1340 2648 sed
1354 2575 1433 2644 nescio

273 2687 430 2769 quomodo
453 2707 562 2753 omnes
586 2708 638 2752 eas
662 2690 835 2772 scripturas
858 2690 893 2752 in
917 2687 1103 2754 conferendo
1126 2687 1343 2776 neglexerunt.

318 2791 387 2871 Quo
416 2795 523 2878 magis
554 2794 598 2856 sit
627 2793 853 2878 vituperabilis
882 2814 967 2860 error
990 2796 1153 2861 sciendum
1177 2800 1226 2860 est
1248 2795 1369 2860 nullum
1389 2805 1434 2855 esse

273 2900 402 2963 omnino
434 2895 591 2964 Graecum
623 2919 739 2964 nornen
774 2899 858 2984 quod
888 2901 922 2963 in
955 2935 974 2948 -
989 2909 1082 2965 noc
1112 2898 1166 2966 val
1196 2937 1216 2950 -
1231 2908 1328 2965 ΩΟΝ
1353 2896 1433 2963 exeat:

272 3003 390 3068 habent
420 3005 506 3067 enim
537 3003 615 3068 hacc
648 3007 756 3070 omnia
785 3006 819 3069 τὸ
849 3005 1145 3086 προσγεγραμμένον
1170 3013 1184 3070 1
1210 3012 1243 3071 et
1266 3002 1435 3072 scribendum

271 3109 390 3193 ubique
414 3113 462 3172 ast
486 3133 506 3157 ··-
521 3118 630 3174 moe
655 3117 687 3176 st
712 3147 731 3159 -
746 3118 879 3188 ΩΙΟΝ,
905 3113 1000 3174 utin
1023 3109 1121 3189 ζῶνον,
1147 3118 1275 3188 mairac,
1300 3108 1436 3176 arordroa'

272 3220 441 3293 περνςῶνον,
476 3215 626 3296 ὑπερῶνον.
675 3217 844 3283 Adiectiva
874 3216 971 3281 huius
1002 3217 1122 3282 formae
1153 3222 1271 3283 exeunt
1299 3221 1331 3282 in
1353 3233 1434 3290 -ooo

272 3323 430 3401 πατρῷος,
463 3323 614 3402 Nestor,
647 3323 762 3402 Γελῷος
796 3323 847 3410 (ax
878 3320 979 3387 reato
1011 3322 1167 3410 Γελοοιῖος)
1195 3327 1227 3388 ct
1250 3326 1322 3388 sim.
1344 3317 1433 3386 omnis

273 3427 369 3513 Apud
399 3425 602 3512 Hesychium
634 3433 681 3492 est
704 3430 852 3493 ‘Aadcz
880 3429 963 3507 ἑορτὴ
989 3428 1164 3506 Ἀθήνησιν,
1189 3430 1245 3494 sed
1269 3430 1351 3494 οἱλῶο
1374 3415 1437 3486 nihil

273 3539 338 3598 est:
373 3554 411 3598 ex
441 3529 524 3604 ἅλως
550 3532 640 3613 dada
663 3533 830 3599 formatur.
877 3532 976 3618 Saepe
1000 3535 1100 3598 miror
1123 3527 1281 3620 Hesychii
1302 3533 1437 3600 Hditoren

190 3679 192 3684 -
272 3637 469 3704 Mauricium
499 3637 646 3704 Schmidt
675 3641 709 3704 in
742 3641 873 3704 caeteris
904 3643 996 3704 acute
1027 3660 1151 3706 cernere
1184 3640 1316 3706 solitum
1346 3629 1437 3702 inhio

275 3747 343 3808 tam
367 3764 458 3828 saepe
482 3743 690 3825 ὑποννςοὶζενν.
739 3743 869 3810 Edidit:
1399 3752 1401 3756 '

546 3849 713 3924 Ἀθώνροοςτ
739 3849 923 3932 οὶζνμίωτος.

547 3955 683 4028 'Addam
710 3955 857 4038 οέζνμΙως.

546 4062 671 4134 Ἀθῶοςῑ
696 4064 710 4127 ὅ
735 4063 784 4128 ἐπὶ
809 4067 863 4129 τοῦ
883 4065 968 4130 ”Aac
983 4101 1026 4112 —
1040 4062 1205 4146 ἱδρυμένος.

276 4169 366 4251 quasi
395 4167 463 4233 ulla
492 4173 573 4234 esset
604 4168 762 4235 dubitatio
795 4172 872 4254 quin
899 4191 936 4236 ex
958 4171 1061 4243 ”Ater
1086 4171 1199 4251 Ἀθῷος
1223 4169 1398 4256 producatur
1415 4161 1439 4220 ti

277 4271 354 4353 dari,
389 4275 482 4353 ἀθῷος
513 4272 672 4341 Graecum
704 4279 763 4351 sit,
796 4296 858 4341 non
890 4277 946 4350 9ωῆ
972 4281 1004 4341 et
1028 4278 1132 4348 οὶοῶος.
1179 4267 1439 4354 Prostropaia

272 4381 370 4444 etiarn
401 4379 492 4444 οὶλώω
525 4381 676 4444 scribitur
711 4383 794 4466 apud
824 4381 1018 4447 Pausaniam
1053 4383 1092 4448 ab
1123 4382 1254 4449 Hditors
1287 4377 1435 4446 laudatum·
