3096 4972
693 237 757 310 567

132 453 205 522 paga
239 429 316 498 799.
349 430 401 498 21.
434 431 729 499 δακτυλοδεικτεῖτε.
759 449 833 521 pag.
867 431 946 502 794.
980 432 1011 498 5.
1044 411 1195 510 bacauda
1217 433 1312 521 prod

132 539 266 619 ὄλεθρος,
290 539 305 603 θ
326 537 443 621 Φθθρος.
471 541 497 624 ι)
519 559 593 627 pag.
619 537 696 606 799.
722 537 775 605 17.
799 539 1143 623 φυσιογνωμονήσουσιν.

175 748 257 834 Peg.
291 743 365 812 772.
398 745 453 812 26.
478 747 518 812 ad
538 746 661 812 iudices
683 749 729 813 ita
752 747 846 814 dicit:
870 756 981 832 oportet
1002 771 1231 836 uumquemque
1250 769 1313 814 νοε-
1354 743 1358 749 ’

132 861 209 918 boun
251 852 305 927 τήν
339 851 553 931 ἀπαραίτητον
586 852 639 916 καὶ
675 854 789 931 σεμυήν
823 854 918 929 Δίκην
941 893 982 904 -
1004 856 1046 927 είς
1081 857 1173 921 αὑτὸν
1206 852 1316 923 ἕκατον

133 959 303 1036 νομίσαντα
334 955 465 1034 βλέπειν
496 956 571 1022 οὕτω
602 953 792 1038 ψηφίζεσθαι
818 960 1053 1041 φυλαττόμενον
1076 961 1129 1026 καί
1153 959 1318 1039 προορώμε-

133 1088 178 1128 νον
201 1065 246 1140 μή
270 1066 482 1144 καταισχῦναι
504 1062 638 1139 ταύτην,
664 1059 697 1136 ds
721 1064 875 1140 ἐπώνυμός
902 1067 964 1134 iesu
990 1066 1071 1142 ὑμῶν
1095 1063 1203 1138 ἕκαςος
1228 1067 1241 1130 θ
1265 1064 1313 1130 θεῖ

133 1167 267 1250 διανίζειν
292 1169 401 1248 λαχὼν
425 1165 530 1232 πάντα
555 1169 598 1232 τίκ
622 1169 654 1232 ἓν
676 1177 714 1249 τή
738 1167 826 1232 πθλει
850 1169 938 1234 καλοῖ
961 1169 1013 1234 καί
1034 1170 1140 1235 δίκαια
1164 1170 1216 1235 καὶ
1241 1194 1318 1248 συμ-

134 1275 268 1358 Φέροντα
300 1272 501 1360 [Φυλαττειν]
534 1275 653 1348 ταύτην
683 1275 739 1348 τήν
769 1274 884 1354 ἡμέραν
915 1279 1179 1355 παρακαταθήκην
1207 1273 1319 1355 ἔνορκον

134 1381 270 1461 εἰληφὼς
303 1380 390 1458 παρὰ
419 1385 476 1444 τῶν
508 1377 605 1456 νθμων
636 1379 689 1442 καί
720 1388 777 1454 τής
810 1380 969 1452 πολιτείας
1000 1381 1052 1444 καί
1083 1387 1137 1453 τῆς
1162 1382 1317 1461 πατρίδος.

133 1486 196 1550 Pro
227 1486 402 1565 Φυλοίττειν
433 1487 467 1549 in
499 1487 629 1570 optimis
654 1483 746 1550 libris
770 1491 817 1551 est
841 1485 1029 1563 Φυλοίττον,
1054 1486 1108 1551 sed
1131 1489 1159 1552 si
1178 1489 1249 1572 quis
1272 1487 1318 1552 lo·

134 1611 209 1656 oum
241 1588 412 1676 diligenter
444 1590 689 1656 consideraverit
713 1591 836 1656 videbit
859 1591 1033 1672 φυλάττειν
1060 1592 1112 1677 (en
1135 1591 1319 1677 φυλάττου)
1373 1667 1377 1672 .

134 1717 153 1762 a
182 1693 279 1760 sciolo
311 1715 377 1760 esse
400 1695 637 1782 interpolatum.
686 1692 863 1761 Coniuncta
886 1703 960 1762 sunt
982 1694 1015 1771 ἧς
1040 1694 1194 1774 ε’τθυυμθς
1220 1697 1280 1764 ε’ςιν
1305 1697 1318 1758 t

134 1801 182 1866 θεῖ
207 1785 338 1880 δικοίζειν
361 1801 470 1881 λαχὼν
493 1801 536 1865 τίν
560 1801 590 1864 ἒν
613 1810 651 1882 τή
677 1800 765 1865 πθλει
790 1801 875 1866 καλοῖ
898 1802 1162 1881 παρακαταθήκην
1186 1803 1319 1882 εἰληφὼς

134 1905 221 1985 παρὰ
253 1912 310 1969 τῶν
340 1905 445 1984 υθμυν.
478 1908 562 1991 quod
592 1928 691 1992 quum
723 1906 839 1972 sciolus
869 1927 931 1972 non
959 1906 1168 1972 intellexisset
1197 1906 1235 1972 de
1262 1927 1319 1972 suo

133 2008 304 2093 φυλάττον
331 2011 399 2099 (alii
422 2011 611 2096 Φυλοίττειν)
636 2033 692 2097 pro
716 2011 816 2077 fulcro
839 2015 1014 2098 supposuit.

178 2117 278 2182 Plane
308 2138 438 2182 mecum
468 2120 585 2182 sentire
616 2103 709 2183 video
739 2116 936 2195 Dobrceum‚
976 2119 1030 2182 sed
1064 2119 1155 2202 quasi
1187 2116 1322 2204 vulgata

131 2221 227 2288 lectio
250 2221 334 2287 nihil
357 2221 555 2287 difficultatis
577 2222 709 2289 heberet
731 2222 866 2289 editores
890 2223 980 2289 taciti
1002 2227 1212 2307 praetereunt.

178 2431 258 2518 Peg.
283 2425 359 2497 773.
381 2426 410 2495 7.
432 2431 470 2500 ὥς
491 2430 516 2494 ei
537 2467 577 2478 —
597 2429 675 2494 Ἀπὸ
696 2438 751 2505 τοῖς
771 2432 911 2506 συνήθους
931 2431 1068 2505 εὐηθείας
1089 2430 1318 2506 εἰσεληλυθότες

133 2535 317 2600 καθεδεῖσθε.
339 2517 344 2526 ”
364 2534 458 2600 Nihil
488 2540 536 2599 est
567 2535 629 2599 ιὶπδ
658 2535 813 2620 εὐηθείας,
837 2538 972 2603 rescribe
996 2538 1073 2602 ’ῖπὸ
1097 2545 1153 2612 τής
1177 2537 1316 2614 συνήθους

133 2641 291 2716 εὐηθείας,
322 2646 360 2705 ut
391 2640 509 2705 dicitur
540 2639 599 2705 tut
630 2640 752 2718 λύπης,
786 2641 837 2705 ὑπ’
868 2641 974 2718 οῖνίας,
1007 2640 1065 2706 ὑπὸ
1099 2645 1225 2721 χαραῖς,
1263 2641 1320 2706 ὑπὸ

132 2745 257 2831 φόβου,
285 2746 342 2812 ὑπὸ
366 2749 475 2829 λιμοῦ,
497 2751 530 2810 et
552 2745 616 2811 alia
638 2746 689 2811 his
714 2745 835 2811 similia
854 2745 1023 2830 permulta.

179 2958 259 3044 Peg.
281 2954 357 3024 773.
382 2954 435 3020 28.
462 2947 484 3020 ci
509 2955 539 3018 δὲ
560 2954 612 3019 καὶ
633 2953 810 3035 λογίζεσθαι
831 2954 901 3026 τοὺς
922 2954 995 3033 ὑπὲρ
1015 2953 1131 3024 πόλεως
1152 2953 1203 3018 καὶ
1225 2953 1320 3032 νθμων

132 3060 370 3142 βουλευομένους
403 3060 544 3140 προσήκει
580 3060 645 3144 [καί
682 3063 858 3125 σκοπεῖσθαι
894 3059 956 3147 δεῖ]
995 3065 1099 3124 ταῦτα
1133 3061 1320 3140 πρυηρυθμην

133 3171 240 3233 εἰπεῖν.
287 3163 497 3232 Consentiunt
528 3185 638 3229 omnes
669 3164 868 3231 intolerabile
899 3186 965 3231 esse
997 3167 1048 3230 καῖ
1074 3165 1252 3230 σκοπεῖσθαι
1276 3165 1324 3230 δεῖ

131 3278 221 3358 post:
247 3267 267 3336 a
294 3270 469 3353 λογίζεσθαι
495 3269 648 3350 προσήκει.
692 3269 802 3356 Itaque
820 3270 946 3335 Reiskii
965 3272 1145 3336 coniectura
1163 3271 1246 3334 'Aet
1265 3291 1321 3356 pro

133 3385 206 3443 Ael
239 3383 286 3442 est
316 3382 459 3461 recepta.
492 3375 547 3440 sed
578 3374 632 3442 vel
658 3377 703 3440 sic
727 3397 763 3440 ea
786 3377 882 3442 verba
904 3377 1160 3462 perincommode
1185 3376 1254 3442 loco
1274 3380 1322 3441 in·
1402 3389 1405 3398 '

132 3489 217 3550 serta
239 3482 314 3547 ferri
336 3487 497 3567 nequeunt
520 3486 553 3546 et
575 3483 704 3547 resectis
727 3481 989 3590 demumuomnia
1009 3484 1118 3548 ordine
1138 3483 1321 3567 procedunt.

177 3688 303 3756 Nobilis
336 3690 370 3752 in
393 3687 452 3753 hac
475 3692 616 3755 oratione
637 3688 726 3755 locus
749 3695 797 3754 est
820 3695 851 3754 et
874 3710 892 3755 a
915 3689 1029 3755 multis
1052 3688 1227 3756 celebratus
1247 3711 1320 3776 pag.

133 3795 210 3864 774.
242 3795 299 3858 ubi
330 3792 445 3859 Orator
473 3795 556 3883 legis
587 3793 802 3860 definitionem
833 3794 914 3860 hanc
943 3795 1047 3860 dedit:
1075 3796 1100 3859 οῖ
1126 3793 1157 3859 δὲ
1182 3793 1262 3871 νθμοι
1287 3805 1321 3870 rt

132 3902 306 3967 δίκαιον-
326 3898 448 3980 ζητοῦσι
474 3902 526 3964 καί
551 3899 675 3964 ἐπειδθιν
697 3899 797 3980 εῦρεθή
822 3900 953 3964 κοινὸν
977 3903 1066 3963 τοῦτο
1092 3898 1322 3977 πρόσταγμα

171 4141 199 4206 1)
228 4141 429 4205 ’λντικττικιςήι
448 4135 526 4195 Belia
542 4145 631 4195 Aueed.
649 4161 703 4210 pag.
726 4145 779 4194 106.
800 4150 822 4194 1.
844 4144 982 4204 Λοιμθςε
1004 4167 1038 4175 -
1059 4137 1096 4205 ἐφ’
1124 4135 1151 4191 σθ
1177 4141 1191 4200 ή
1215 4143 1325 4203 συνήθεια

130 4236 229 4287 τθσσει.
270 4232 421 4295 Δημοσθένης
440 4229 464 4284 ἐν
483 4239 520 4299 τῷ
537 4228 595 4284 κατ’
618 4227 824 4296 Ἀριςσγείπσνυς·
852 4226 945 4288 κῦτος
971 4227 1019 4280 νῦν
1044 4229 1141 4282 αὐτὸν
1160 4228 1325 4294 ἐξαιτήσε-

131 4344 184 4378 ται
209 4325 223 4373 θ
247 4326 435 4387 φαρμακός,
462 4323 475 4372 θ
501 4325 633 4386 aarum
