<?xml version="1.0" encoding="UTF-8"?>
<!DOCTYPE html PUBLIC "-//W3C//DTD XHTML 1.0 Transitional//EN"
    "http://www.w3.org/TR/xhtml1/DTD/xhtml1-transitional.dtd">
<html xmlns="http://www.w3.org/1999/xhtml" xml:lang="en" lang="en">
 <head>
  <title>
</title>
<meta http-equiv="Content-Type" content="text/html;charset=utf-8" />
  <meta name='ocr-system' content='tesseract 3.04.00' />
  <meta name='ocr-capabilities' content='ocr_page ocr_carea ocr_par ocr_line ocrx_word'/>
</head>
<body>
  <div class='ocr_page' id='page_1' title='image "./miscellaneacrit02cobegoog_0507.png"; bbox 0 0 3086 4968; ppageno 0'>
   <div class='ocr_carea' id='block_1_1' title="bbox 691 248 757 318">
    <p class='ocr_par' dir='ltr' id='par_1_1' title="bbox 691 248 757 318">
     <span class='ocr_line' id='line_1_1' title="bbox 691 248 757 318; baseline -0.015 0"><span class='ocrx_word' id='word_1_1' title='bbox 691 248 757 318; x_wconf 78' lang='lat'>48³</span> 
     </span>
    </p>
   </div>
   <div class='ocr_carea' id='block_1_2' title="bbox 126 436 1316 739">
    <p class='ocr_par' dir='ltr' id='par_1_2' title="bbox 126 436 1316 739">
     <span class='ocr_line' id='line_1_2' title="bbox 127 436 1316 530; baseline 0.004 -25"><span class='ocrx_word' id='word_1_2' title='bbox 127 442 158 505; x_wconf 91' lang='lat' dir='ltr'>et</span> <span class='ocrx_word' id='word_1_3' title='bbox 178 436 214 502; x_wconf 93' lang='lat' dir='ltr'>in</span> <span class='ocrx_word' id='word_1_4' title='bbox 238 456 273 501; x_wconf 87' lang='lat' dir='ltr'>re</span> <span class='ocrx_word' id='word_1_5' title='bbox 295 441 405 524; x_wconf 84' lang='lat' dir='ltr'>aperta</span> <span class='ocrx_word' id='word_1_6' title='bbox 427 439 619 506; x_wconf 88' lang='lat' dir='ltr'>sententiam</span> <span class='ocrx_word' id='word_1_7' title='bbox 642 443 727 504; x_wconf 86' lang='lat' dir='ltr'>recte</span> <span class='ocrx_word' id='word_1_8' title='bbox 751 443 902 525; x_wconf 88' lang='lat' dir='ltr'>ceperunt</span> <span class='ocrx_word' id='word_1_9' title='bbox 923 446 1093 530; x_wconf 76' lang='lat' dir='ltr'>magistri,</span> <span class='ocrx_word' id='word_1_10' title='bbox 1117 446 1173 511; x_wconf 87' lang='lat' dir='ltr'>sed</span> <span class='ocrx_word' id='word_1_11' title='bbox 1194 448 1228 510; x_wconf 93' lang='lat' dir='ltr'>in</span> <span class='ocrx_word' id='word_1_12' title='bbox 1247 464 1316 512; x_wconf 82' lang='lat' dir='ltr'>ver·</span> 
     </span>
     <span class='ocr_line' id='line_1_3' title="bbox 126 542 1316 625; baseline 0.004 -15"><span class='ocrx_word' id='word_1_13' title='bbox 126 545 240 610; x_wconf 87' lang='lat' dir='ltr'>borum</span> <span class='ocrx_word' id='word_1_14' title='bbox 265 542 391 610; x_wconf 87' lang='lat' dir='ltr'>delectu</span> <span class='ocrx_word' id='word_1_15' title='bbox 414 548 447 610; x_wconf 87' lang='lat' dir='ltr'>et</span> <span class='ocrx_word' id='word_1_16' title='bbox 469 545 572 610; x_wconf 87' lang='lat' dir='ltr'>forma</span> <span class='ocrx_word' id='word_1_17' title='bbox 592 544 784 611; x_wconf 88' lang='lat' dir='ltr'>titubarunt.</span> <span class='ocrx_word' id='word_1_18' title='bbox 822 545 941 612; x_wconf 79' lang='lat' dir='ltr'>Fuerat</span> <span class='ocrx_word' id='word_1_19' title='bbox 963 550 1050 614; x_wconf 90' lang='lat' dir='ltr'>enim</span> <span class='ocrx_word' id='word_1_20' title='bbox 1074 547 1260 625; x_wconf 77' lang='grc' dir='ltr'><strong><em>ἈΓΑΕίείη</em></strong></span> <span class='ocrx_word' id='word_1_21' title='bbox 1283 555 1316 616; x_wconf 89' lang='lat' dir='ltr'>et</span> 
     </span>
     <span class='ocr_line' id='line_1_4' title="bbox 126 650 1135 739; baseline 0.003 -22"><span class='ocrx_word' id='word_1_22' title='bbox 126 652 503 728; x_wconf 75' lang='lat' dir='ltr'>KATAAac&#39;CANTec,</span> <span class='ocrx_word' id='word_1_23' title='bbox 527 654 565 716; x_wconf 91' lang='lat' dir='ltr'>ut</span> <span class='ocrx_word' id='word_1_24' title='bbox 583 670 693 716; x_wconf 90' lang='lat' dir='ltr'>omncs</span> <span class='ocrx_word' id='word_1_25' title='bbox 715 655 894 716; x_wconf 71' lang='lat' dir='ltr'>constanter</span> <span class='ocrx_word' id='word_1_26' title='bbox 915 650 1135 739; x_wconf 82' lang='lat' dir='ltr'><strong>loquebantur.</strong></span> 
     </span>
    </p>
   </div>
   <div class='ocr_carea' id='block_1_3' title="bbox 122 856 1315 1799">
    <p class='ocr_par' dir='ltr' id='par_1_3' title="bbox 122 856 1315 1799">
     <span class='ocr_line' id='line_1_5' title="bbox 168 856 1312 948; baseline 0.004 -24"><span class='ocrx_word' id='word_1_27' title='bbox 168 864 244 944; x_wconf 81' lang='lat' dir='ltr'>Pag.</span> <span class='ocrx_word' id='word_1_28' title='bbox 268 858 346 926; x_wconf 80' lang='lat'><strong>298.</strong></span> <span class='ocrx_word' id='word_1_29' title='bbox 371 858 480 926; x_wconf 91' lang='grc' dir='ltr'>6.καί</span> <span class='ocrx_word' id='word_1_30' title='bbox 504 857 769 940; x_wconf 66' lang='grc' dir='ltr'><em>παραλαμβάνειν</em></span> <span class='ocrx_word' id='word_1_31' title='bbox 792 883 833 938; x_wconf 90' lang='grc' dir='ltr'>γε</span> <span class='ocrx_word' id='word_1_32' title='bbox 856 856 928 940; x_wconf 74' lang='grc' dir='ltr'><strong><em>ἅμα</em></strong></span> <span class='ocrx_word' id='word_1_33' title='bbox 949 871 988 944; x_wconf 80' lang='grc' dir='ltr'>τῆ</span> <span class='ocrx_word' id='word_1_34' title='bbox 1012 860 1170 948; x_wconf 76' lang='grc' dir='ltr'><strong><em>βακτηρία</em></strong></span> <span class='ocrx_word' id='word_1_35' title='bbox 1193 863 1245 929; x_wconf 86' lang='grc' dir='ltr'><strong><em>καί</em></strong></span> <span class='ocrx_word' id='word_1_36' title='bbox 1270 866 1312 945; x_wconf 77' lang='grc' dir='ltr'>τῷ</span> 
     </span>
     <span class='ocr_line' id='line_1_6' title="bbox 124 963 1313 1054; baseline 0.004 -23"><span class='ocrx_word' id='word_1_37' title='bbox 124 965 273 1049; x_wconf 74' lang='grc' dir='ltr'><strong><em>συμβόλῳ</em></strong></span> <span class='ocrx_word' id='word_1_38' title='bbox 304 966 339 1031; x_wconf 80' lang='grc' dir='ltr'>τὸ</span> <span class='ocrx_word' id='word_1_39' title='bbox 369 963 514 1047; x_wconf 84' lang='grc' dir='ltr'><strong><em>φρίνημα</em></strong></span> <span class='ocrx_word' id='word_1_40' title='bbox 542 965 578 1030; x_wconf 83' lang='grc' dir='ltr'><strong><em>τί</em></strong></span> <span class='ocrx_word' id='word_1_41' title='bbox 612 973 668 1039; x_wconf 75' lang='grc' dir='ltr'>τῆς</span> <span class='ocrx_word' id='word_1_42' title='bbox 692 964 809 1040; x_wconf 80' lang='grc' dir='ltr'><strong><em>πόλεως</em></strong></span> <span class='ocrx_word' id='word_1_43' title='bbox 834 965 993 1054; x_wconf 78' lang='grc' dir='ltr'><strong><em>[νομίζειν]</em></strong></span> <span class='ocrx_word' id='word_1_44' title='bbox 1019 965 1128 1038; x_wconf 75' lang='grc' dir='ltr'><strong><em>ἕκατον</em></strong></span> <span class='ocrx_word' id='word_1_45' title='bbox 1151 973 1234 1048; x_wconf 81' lang='grc' dir='ltr'><strong><em>ὑμῶν</em></strong></span> <span class='ocrx_word' id='word_1_46' title='bbox 1254 969 1313 1050; x_wconf 77' lang='grc' dir='ltr'><strong><em>δεῖ,</em></strong></span> 
     </span>
     <span class='ocr_line' id='line_1_7' title="bbox 124 1071 1313 1161; baseline 0.002 -21"><span class='ocrx_word' id='word_1_47' title='bbox 124 1073 197 1141; x_wconf 79' lang='grc' dir='ltr'><strong><em>ὅταν</em></strong></span> <span class='ocrx_word' id='word_1_48' title='bbox 231 1074 274 1138; x_wconf 83' lang='grc' dir='ltr'>τσί</span> <span class='ocrx_word' id='word_1_49' title='bbox 305 1071 439 1149; x_wconf 84' lang='grc' dir='ltr'><strong><em>δημίσια</em></strong></span> <span class='ocrx_word' id='word_1_50' title='bbox 470 1073 584 1148; x_wconf 92' lang='grc' dir='ltr'><strong><em>εἰσίητε</em></strong></span> <span class='ocrx_word' id='word_1_51' title='bbox 619 1077 793 1150; x_wconf 78' lang='grc' dir='ltr'><strong><em>κρινοῦντες.</em></strong></span> <span class='ocrx_word' id='word_1_52' title='bbox 843 1071 973 1152; x_wconf 76' lang='lat' dir='ltr'>Quoties</span> <span class='ocrx_word' id='word_1_53' title='bbox 1005 1074 1086 1140; x_wconf 86' lang='lat' dir='ltr'>hanc</span> <span class='ocrx_word' id='word_1_54' title='bbox 1119 1075 1313 1161; x_wconf 82' lang='lat' dir='ltr'>praeclaram</span> 
     </span>
     <span class='ocr_line' id='line_1_8' title="bbox 125 1176 1313 1266; baseline -0.001 -19"><span class='ocrx_word' id='word_1_55' title='bbox 125 1182 318 1248; x_wconf 87' lang='lat' dir='ltr'>sententiam</span> <span class='ocrx_word' id='word_1_56' title='bbox 340 1179 450 1266; x_wconf 82' lang='lat' dir='ltr'>relego</span> <span class='ocrx_word' id='word_1_57' title='bbox 473 1181 568 1244; x_wconf 85' lang='lat' dir='ltr'>toties</span> <span class='ocrx_word' id='word_1_58' title='bbox 590 1199 644 1244; x_wconf 89' lang='lat' dir='ltr'>mc</span> <span class='ocrx_word' id='word_1_59' title='bbox 667 1177 797 1243; x_wconf 83' lang='lat' dir='ltr'>offendit</span> <span class='ocrx_word' id='word_1_60' title='bbox 820 1176 949 1259; x_wconf 84' lang='grc' dir='ltr'><strong><em>νομίζειν</em></strong></span> <span class='ocrx_word' id='word_1_61' title='bbox 971 1182 1135 1266; x_wconf 86' lang='lat' dir='ltr'>perinepte</span> <span class='ocrx_word' id='word_1_62' title='bbox 1153 1202 1225 1248; x_wconf 89' lang='lat' dir='ltr'>mco</span> <span class='ocrx_word' id='word_1_63' title='bbox 1244 1184 1313 1266; x_wconf 91' lang='lat' dir='ltr'>qui·</span> 
     </span>
     <span class='ocr_line' id='line_1_9' title="bbox 124 1283 1313 1371; baseline -0.003 -16"><span class='ocrx_word' id='word_1_64' title='bbox 124 1289 197 1355; x_wconf 87' lang='lat' dir='ltr'>dem</span> <span class='ocrx_word' id='word_1_65' title='bbox 233 1287 353 1352; x_wconf 86' lang='lat' dir='ltr'>iudicio</span> <span class='ocrx_word' id='word_1_66' title='bbox 387 1285 545 1351; x_wconf 86' lang='lat' dir='ltr'>additum.</span> <span class='ocrx_word' id='word_1_67' title='bbox 598 1283 749 1371; x_wconf 82' lang='lat' dir='ltr'>intelligo</span> <span class='ocrx_word' id='word_1_68' title='bbox 783 1285 861 1368; x_wconf 88' lang='lat' dir='ltr'>quid</span> <span class='ocrx_word' id='word_1_69' title='bbox 890 1287 933 1351; x_wconf 89' lang='lat' dir='ltr'>sit</span> <span class='ocrx_word' id='word_1_70' title='bbox 964 1290 997 1351; x_wconf 92' lang='lat' dir='ltr'>et</span> <span class='ocrx_word' id='word_1_71' title='bbox 1027 1287 1168 1354; x_wconf 86' lang='lat' dir='ltr'>admiror</span> <span class='ocrx_word' id='word_1_72' title='bbox 1189 1288 1313 1353; x_wconf 86' lang='lat' dir='ltr'>dictum</span> 
     </span>
     <span class='ocr_line' id='line_1_10' title="bbox 126 1391 1313 1477; baseline 0 -19"><span class='ocrx_word' id='word_1_73' title='bbox 126 1394 275 1473; x_wconf 77' lang='lat' dir='ltr'>„iudicem</span> <span class='ocrx_word' id='word_1_74' title='bbox 304 1397 338 1456; x_wconf 84' lang='grc' dir='ltr'>εἰσ</span> <span class='ocrx_word' id='word_1_75' title='bbox 368 1413 458 1454; x_wconf 83' lang='lat' dir='ltr'>cousc</span> <span class='ocrx_word' id='word_1_76' title='bbox 481 1391 607 1474; x_wconf 74' lang='lat' dir='ltr'>publico</span> <span class='ocrx_word' id='word_1_77' title='bbox 638 1413 756 1474; x_wconf 72' lang='lat' dir='ltr'>mopsos</span> <span class='ocrx_word' id='word_1_78' title='bbox 778 1391 910 1456; x_wconf 73' lang='grc' dir='ltr'><strong><em>οἰνὶἰοίἰο</em></strong></span> <span class='ocrx_word' id='word_1_79' title='bbox 931 1392 1058 1476; x_wconf 80' lang='lat' dir='ltr'>spirituc</span> <span class='ocrx_word' id='word_1_80' title='bbox 1081 1410 1209 1460; x_wconf 73' lang='lat' dir='ltr'>eoum</span> <span class='ocrx_word' id='word_1_81' title='bbox 1231 1416 1313 1477; x_wconf 81' lang='lat' dir='ltr'>opor·</span> 
     </span>
     <span class='ocr_line' id='line_1_11' title="bbox 122 1494 1315 1580; baseline -0.002 -14"><span class='ocrx_word' id='word_1_82' title='bbox 122 1500 205 1566; x_wconf 85' lang='lat' dir='ltr'>tcrc”</span> <span class='ocrx_word' id='word_1_83' title='bbox 236 1498 292 1565; x_wconf 86' lang='lat' dir='ltr'>sed</span> <span class='ocrx_word' id='word_1_84' title='bbox 324 1519 465 1577; x_wconf 72' lang='lat' dir='ltr'>„sumere</span> <span class='ocrx_word' id='word_1_85' title='bbox 494 1519 526 1561; x_wconf 85' lang='lat' dir='ltr'>cc</span> <span class='ocrx_word' id='word_1_86' title='bbox 554 1494 748 1562; x_wconf 53' lang='lat' dir='ltr'>melenae?</span> <span class='ocrx_word' id='word_1_87' title='bbox 781 1496 859 1580; x_wconf 87' lang='lat' dir='ltr'>quid</span> <span class='ocrx_word' id='word_1_88' title='bbox 888 1499 931 1562; x_wconf 90' lang='lat' dir='ltr'>sit</span> <span class='ocrx_word' id='word_1_89' title='bbox 962 1518 1025 1563; x_wconf 95' lang='lat' dir='ltr'>non</span> <span class='ocrx_word' id='word_1_90' title='bbox 1054 1501 1164 1565; x_wconf 87' lang='lat' dir='ltr'>sentio.</span> <span class='ocrx_word' id='word_1_91' title='bbox 1212 1497 1315 1564; x_wconf 85' lang='lat' dir='ltr'>Miror</span> 
     </span>
     <span class='ocr_line' id='line_1_12' title="bbox 124 1600 1313 1694; baseline -0.003 -20"><span class='ocrx_word' id='word_1_92' title='bbox 124 1607 272 1694; x_wconf 88' lang='lat' dir='ltr'>equidem</span> <span class='ocrx_word' id='word_1_93' title='bbox 295 1625 357 1690; x_wconf 92' lang='lat' dir='ltr'>quo</span> <span class='ocrx_word' id='word_1_94' title='bbox 379 1608 473 1690; x_wconf 88' lang='lat' dir='ltr'>pacto</span> <span class='ocrx_word' id='word_1_95' title='bbox 495 1600 624 1681; x_wconf 86' lang='grc' dir='ltr'><strong><em>νομίζειν</em></strong></span> <span class='ocrx_word' id='word_1_96' title='bbox 647 1603 783 1687; x_wconf 88' lang='lat' dir='ltr'>irrepere</span> <span class='ocrx_word' id='word_1_97' title='bbox 805 1605 964 1688; x_wconf 84' lang='lat' dir='ltr'>potuerit,</span> <span class='ocrx_word' id='word_1_98' title='bbox 987 1602 1078 1669; x_wconf 92' lang='lat' dir='ltr'>nolui</span> <span class='ocrx_word' id='word_1_99' title='bbox 1100 1609 1209 1672; x_wconf 88' lang='lat' dir='ltr'>tamen</span> <span class='ocrx_word' id='word_1_100' title='bbox 1231 1605 1313 1670; x_wconf 82' lang='lat' dir='ltr'>hanc</span> 
     </span>
     <span class='ocr_line' id='line_1_13' title="bbox 123 1708 1167 1799; baseline -0.004 -19"><span class='ocrx_word' id='word_1_101' title='bbox 123 1714 336 1799; x_wconf 78' lang='lat' dir='ltr'>suspicionem</span> <span class='ocrx_word' id='word_1_102' title='bbox 359 1709 487 1776; x_wconf 89' lang='lat' dir='ltr'>silentio</span> <span class='ocrx_word' id='word_1_103' title='bbox 507 1725 667 1795; x_wconf 85' lang='lat' dir='ltr'>premere:</span> <span class='ocrx_word' id='word_1_104' title='bbox 690 1709 848 1774; x_wconf 89' lang='lat' dir='ltr'>iudicium</span> <span class='ocrx_word' id='word_1_105' title='bbox 870 1729 966 1794; x_wconf 90' lang='lat' dir='ltr'>penes</span> <span class='ocrx_word' id='word_1_106' title='bbox 988 1708 1067 1776; x_wconf 85' lang='lat' dir='ltr'>alios</span> <span class='ocrx_word' id='word_1_107' title='bbox 1090 1715 1167 1776; x_wconf 89' lang='lat' dir='ltr'>esto.</span> 
     </span>
    </p>
   </div>
   <div class='ocr_carea' id='block_1_4' title="bbox 121 1917 1314 2536">
    <p class='ocr_par' dir='ltr' id='par_1_4' title="bbox 121 1917 1314 2536">
     <span class='ocr_line' id='line_1_14' title="bbox 170 1917 1312 2010; baseline -0.003 -23"><span class='ocrx_word' id='word_1_108' title='bbox 170 1922 253 2010; x_wconf 80' lang='lat' dir='ltr'>Peg.</span> <span class='ocrx_word' id='word_1_109' title='bbox 287 1918 365 1984; x_wconf 82' lang='lat'><strong>299.</strong></span> <span class='ocrx_word' id='word_1_110' title='bbox 392 1917 422 1983; x_wconf 98' lang='grc'>1.</span> <span class='ocrx_word' id='word_1_111' title='bbox 446 1926 599 1999; x_wconf 73' lang='grc' dir='ltr'>προσῆγον</span> <span class='ocrx_word' id='word_1_112' title='bbox 622 1918 750 1990; x_wconf 79' lang='grc' dir='ltr'><strong><em>έκείνους</em></strong></span> <span class='ocrx_word' id='word_1_113' title='bbox 776 1919 899 2004; x_wconf 77' lang='grc' dir='ltr'><strong><em>(έοροίοε</em></strong></span> <span class='ocrx_word' id='word_1_114' title='bbox 922 1918 1132 2006; x_wconf 67' lang='lat' dir='ltr'>Macedones)</span> <span class='ocrx_word' id='word_1_115' title='bbox 1154 1917 1312 1999; x_wconf 80' lang='grc' dir='ltr'><strong><em>προτέρους</em></strong></span> 
     </span>
     <span class='ocr_line' id='line_1_15' title="bbox 122 2023 1314 2112; baseline -0.002 -18"><span class='ocrx_word' id='word_1_116' title='bbox 122 2029 175 2094; x_wconf 85' lang='grc' dir='ltr'>διοί</span> <span class='ocrx_word' id='word_1_117' title='bbox 200 2029 235 2094; x_wconf 84' lang='grc' dir='ltr'><strong><em>τί</em></strong></span> <span class='ocrx_word' id='word_1_118' title='bbox 258 2029 312 2103; x_wconf 80' lang='grc' dir='ltr'>τῆν</span> <span class='ocrx_word' id='word_1_119' title='bbox 338 2030 425 2110; x_wconf 80' lang='grc' dir='ltr'><strong><em>[τῶν]</em></strong></span> <span class='ocrx_word' id='word_1_120' title='bbox 448 2024 629 2106; x_wconf 83' lang='grc' dir='ltr'><strong><em>ονμμοίχοιν</em></strong></span> <span class='ocrx_word' id='word_1_121' title='bbox 652 2025 741 2102; x_wconf 81' lang='grc' dir='ltr'><strong><em>τσίξιν</em></strong></span> <span class='ocrx_word' id='word_1_122' title='bbox 764 2025 891 2098; x_wconf 80' lang='grc' dir='ltr'><strong><em>έκείνους</em></strong></span> <span class='ocrx_word' id='word_1_123' title='bbox 917 2023 1012 2107; x_wconf 74' lang='grc' dir='ltr'><strong><em>ἔχειν.</em></strong></span> <span class='ocrx_word' id='word_1_124' title='bbox 1065 2025 1222 2112; x_wconf 76' lang='lat' dir='ltr'>Expunge</span> <span class='ocrx_word' id='word_1_125' title='bbox 1245 2047 1314 2092; x_wconf 87' lang='lat' dir='ltr'>mo-</span> 
     </span>
     <span class='ocr_line' id='line_1_16' title="bbox 123 2127 1313 2222; baseline -0.004 -20"><span class='ocrx_word' id='word_1_126' title='bbox 123 2136 244 2202; x_wconf 82' lang='lat' dir='ltr'>lestum</span> <span class='ocrx_word' id='word_1_127' title='bbox 267 2138 300 2199; x_wconf 92' lang='lat' dir='ltr'>et</span> <span class='ocrx_word' id='word_1_128' title='bbox 322 2133 476 2198; x_wconf 77' lang='lat' dir='ltr'>vitiosum</span> <span class='ocrx_word' id='word_1_129' title='bbox 500 2129 690 2196; x_wconf 84' lang='lat' dir='ltr'>articulum:</span> <span class='ocrx_word' id='word_1_130' title='bbox 714 2129 881 2211; x_wconf 80' lang='grc' dir='ltr'><strong><em>σύμμαχοι</em></strong></span> <span class='ocrx_word' id='word_1_131' title='bbox 906 2127 982 2206; x_wconf 80' lang='grc' dir='ltr'><strong><em>ἦσαν</em></strong></span> <span class='ocrx_word' id='word_1_132' title='bbox 1006 2151 1069 2198; x_wconf 91' lang='lat' dir='ltr'>non</span> <span class='ocrx_word' id='word_1_133' title='bbox 1089 2133 1114 2196; x_wconf 91' lang='grc' dir='ltr'>οἰ</span> <span class='ocrx_word' id='word_1_134' title='bbox 1135 2130 1313 2222; x_wconf 77' lang='grc' dir='ltr'><strong><em>σύμμαχοι.</em></strong></span> 
     </span>
     <span class='ocr_line' id='line_1_17' title="bbox 123 2235 1312 2318; baseline -0.004 -10"><span class='ocrx_word' id='word_1_135' title='bbox 123 2242 223 2308; x_wconf 80' lang='lat' dir='ltr'>Erant</span> <span class='ocrx_word' id='word_1_136' title='bbox 258 2240 289 2304; x_wconf 88' lang='grc' dir='ltr'>ε’ν</span> <span class='ocrx_word' id='word_1_137' title='bbox 323 2236 505 2318; x_wconf 81' lang='grc' dir='ltr'><strong><em>σνμμοίχον</em></strong></span> <span class='ocrx_word' id='word_1_138' title='bbox 539 2235 639 2312; x_wconf 76' lang='grc' dir='ltr'><strong><em>τοίξει.</em></strong></span> <span class='ocrx_word' id='word_1_139' title='bbox 702 2236 776 2303; x_wconf 87' lang='lat' dir='ltr'>Non</span> <span class='ocrx_word' id='word_1_140' title='bbox 810 2240 858 2303; x_wconf 86' lang='lat' dir='ltr'>est</span> <span class='ocrx_word' id='word_1_141' title='bbox 891 2238 926 2302; x_wconf 89' lang='lat' dir='ltr'>in</span> <span class='ocrx_word' id='word_1_142' title='bbox 960 2236 1012 2302; x_wconf 88' lang='lat' dir='ltr'>hie</span> <span class='ocrx_word' id='word_1_143' title='bbox 1046 2236 1181 2302; x_wconf 83' lang='lat' dir='ltr'>articulo</span> <span class='ocrx_word' id='word_1_144' title='bbox 1212 2237 1312 2305; x_wconf 88' lang='lat' dir='ltr'>locus.</span> 
     </span>
     <span class='ocr_line' id='line_1_18' title="bbox 121 2339 1312 2430; baseline -0.001 -18"><span class='ocrx_word' id='word_1_145' title='bbox 121 2348 222 2416; x_wconf 82' lang='lat' dir='ltr'>Recte</span> <span class='ocrx_word' id='word_1_146' title='bbox 250 2347 405 2430; x_wconf 86' lang='lat' dir='ltr'>scriptum</span> <span class='ocrx_word' id='word_1_147' title='bbox 438 2348 487 2410; x_wconf 87' lang='lat' dir='ltr'>est</span> <span class='ocrx_word' id='word_1_148' title='bbox 515 2355 591 2430; x_wconf 81' lang='lat' dir='ltr'>pag&#39;.</span> <span class='ocrx_word' id='word_1_149' title='bbox 626 2339 700 2411; x_wconf 82' lang='lat'><strong>771.</strong></span> <span class='ocrx_word' id='word_1_150' title='bbox 733 2342 766 2407; x_wconf 90' lang='grc'>8.</span> <span class='ocrx_word' id='word_1_151' title='bbox 801 2341 871 2408; x_wconf 72' lang='grc' dir='ltr'>ὥσθ’</span> <span class='ocrx_word' id='word_1_152' title='bbox 902 2341 1012 2414; x_wconf 78' lang='grc' dir='ltr'><strong><em>ἕκαςον</em></strong></span> <span class='ocrx_word' id='word_1_153' title='bbox 1035 2343 1117 2423; x_wconf 80' lang='grc' dir='ltr'><strong><em>ὑμῶν</em></strong></span> <span class='ocrx_word' id='word_1_154' title='bbox 1140 2344 1312 2425; x_wconf 72' lang='grc' dir='ltr'>κατηγόρου</span> 
     </span>
     <span class='ocr_line' id='line_1_19' title="bbox 122 2449 617 2536; baseline -0.012 -16"><span class='ocrx_word' id='word_1_155' title='bbox 122 2451 214 2530; x_wconf 78' lang='grc' dir='ltr'><strong><em>τσίξιν</em></strong></span> <span class='ocrx_word' id='word_1_156' title='bbox 239 2449 339 2532; x_wconf 74' lang='grc' dir='ltr'><strong><em>ἔχειν,</em></strong></span> <span class='ocrx_word' id='word_1_157' title='bbox 363 2455 397 2516; x_wconf 94' lang='lat' dir='ltr'>et</span> <span class='ocrx_word' id='word_1_158' title='bbox 420 2452 465 2516; x_wconf 91' lang='lat' dir='ltr'>sic</span> <span class='ocrx_word' id='word_1_159' title='bbox 486 2450 617 2536; x_wconf 86' lang='lat' dir='ltr'>passim.</span> 
     </span>
    </p>
   </div>
   <div class='ocr_carea' id='block_1_5' title="bbox 121 2654 1312 2961">
    <p class='ocr_par' dir='ltr' id='par_1_5' title="bbox 121 2654 1312 2961">
     <span class='ocr_line' id='line_1_20' title="bbox 167 2654 1312 2747; baseline 0 -19"><span class='ocrx_word' id='word_1_160' title='bbox 167 2663 247 2728; x_wconf 83' lang='lat' dir='ltr'>Post</span> <span class='ocrx_word' id='word_1_161' title='bbox 268 2680 371 2747; x_wconf 87' lang='lat' dir='ltr'>panca</span> <span class='ocrx_word' id='word_1_162' title='bbox 393 2659 432 2726; x_wconf 87' lang='lat' dir='ltr'>ds</span> <span class='ocrx_word' id='word_1_163' title='bbox 453 2656 568 2724; x_wconf 91' lang='lat' dir='ltr'>iisdem</span> <span class='ocrx_word' id='word_1_164' title='bbox 592 2656 671 2722; x_wconf 89' lang='lat' dir='ltr'>dicit</span> <span class='ocrx_word' id='word_1_165' title='bbox 690 2678 763 2744; x_wconf 81' lang='lat' dir='ltr'>pag.</span> <span class='ocrx_word' id='word_1_166' title='bbox 784 2656 861 2723; x_wconf 83' lang='lat'>299.</span> <span class='ocrx_word' id='word_1_167' title='bbox 885 2654 936 2724; x_wconf 85' lang='lat'>12.</span> <span class='ocrx_word' id='word_1_168' title='bbox 959 2657 1133 2727; x_wconf 76' lang='grc' dir='ltr'><strong><em>ἐδείκνυσαν</em></strong></span> <span class='ocrx_word' id='word_1_169' title='bbox 1152 2663 1191 2734; x_wconf 74' lang='grc' dir='ltr'>οδε</span> <span class='ocrx_word' id='word_1_170' title='bbox 1211 2659 1312 2744; x_wconf 76' lang='grc' dir='ltr'><strong><em>ᾤοντο.</em></strong></span> 
     </span>
     <span class='ocr_line' id='line_1_21' title="bbox 121 2762 1312 2844; baseline -0.001 -8"><span class='ocrx_word' id='word_1_171' title='bbox 121 2770 160 2836; x_wconf 92' lang='lat' dir='ltr'>In</span> <span class='ocrx_word' id='word_1_172' title='bbox 191 2766 379 2834; x_wconf 83' lang='lat' dir='ltr'>huiusmodi</span> <span class='ocrx_word' id='word_1_173' title='bbox 409 2765 565 2831; x_wconf 81' lang='lat' dir='ltr'>sententia</span> <span class='ocrx_word' id='word_1_174' title='bbox 594 2762 698 2828; x_wconf 86' lang='lat' dir='ltr'>solent</span> <span class='ocrx_word' id='word_1_175' title='bbox 720 2783 830 2828; x_wconf 87' lang='lat' dir='ltr'>omnes</span> <span class='ocrx_word' id='word_1_176' title='bbox 851 2769 908 2829; x_wconf 87' lang='lat' dir='ltr'>aut</span> <span class='ocrx_word' id='word_1_177' title='bbox 929 2787 968 2844; x_wconf 88' lang='grc' dir='ltr'>γε</span> <span class='ocrx_word' id='word_1_178' title='bbox 992 2771 1048 2831; x_wconf 90' lang='lat' dir='ltr'>aut</span> <span class='ocrx_word' id='word_1_179' title='bbox 1071 2791 1111 2844; x_wconf 88' lang='grc' dir='ltr'>γε</span> <span class='ocrx_word' id='word_1_180' title='bbox 1135 2766 1170 2842; x_wconf 88' lang='grc' dir='ltr'>δῆ</span> <span class='ocrx_word' id='word_1_181' title='bbox 1194 2769 1312 2835; x_wconf 87' lang='lat' dir='ltr'>ironice</span> 
     </span>
     <span class='ocr_line' id='line_1_22' title="bbox 121 2866 851 2961; baseline -0.01 -20"><span class='ocrx_word' id='word_1_182' title='bbox 121 2875 249 2941; x_wconf 87' lang='lat' dir='ltr'>addere.</span> <span class='ocrx_word' id='word_1_183' title='bbox 295 2872 482 2961; x_wconf 80' lang='lat' dir='ltr'>Legendum</span> <span class='ocrx_word' id='word_1_184' title='bbox 505 2873 610 2959; x_wconf 79' lang='lat' dir='ltr'>igitur</span> <span class='ocrx_word' id='word_1_185' title='bbox 632 2866 668 2941; x_wconf 77' lang='grc' dir='ltr'>εἰς</span> <span class='ocrx_word' id='word_1_186' title='bbox 694 2871 728 2934; x_wconf 80' lang='lat' dir='ltr'>r&#39;</span> <span class='ocrx_word' id='word_1_187' title='bbox 752 2867 851 2950; x_wconf 77' lang='grc' dir='ltr'><strong><em>ᾤοντο.</em></strong></span> 
     </span>
    </p>
   </div>
   <div class='ocr_carea' id='block_1_6' title="bbox 121 3077 1313 3471">
    <p class='ocr_par' dir='ltr' id='par_1_6' title="bbox 121 3077 1313 3471">
     <span class='ocr_line' id='line_1_23' title="bbox 167 3077 1310 3172; baseline -0.001 -23"><span class='ocrx_word' id='word_1_188' title='bbox 167 3084 248 3172; x_wconf 82' lang='lat' dir='ltr'>Peg.</span> <span class='ocrx_word' id='word_1_189' title='bbox 276 3080 352 3148; x_wconf 85' lang='lat'><strong>300.</strong></span> <span class='ocrx_word' id='word_1_190' title='bbox 376 3079 430 3146; x_wconf 82' lang='lat'>15.</span> <span class='ocrx_word' id='word_1_191' title='bbox 455 3077 531 3146; x_wconf 85' lang='grc' dir='ltr'><strong><em>οῦτοι</em></strong></span> <span class='ocrx_word' id='word_1_192' title='bbox 554 3080 711 3159; x_wconf 74' lang='grc' dir='ltr'><strong><em>σώφρονας</em></strong></span> <span class='ocrx_word' id='word_1_193' title='bbox 736 3077 915 3160; x_wconf 75' lang='grc' dir='ltr'><strong><em>παρέσχετε</em></strong></span> <span class='ocrx_word' id='word_1_194' title='bbox 939 3080 1021 3159; x_wconf 73' lang='grc' dir='ltr'>ὑμᾶς</span> <span class='ocrx_word' id='word_1_195' title='bbox 1041 3079 1165 3154; x_wconf 76' lang='grc' dir='ltr'><strong><em>αὐτούς.</em></strong></span> <span class='ocrx_word' id='word_1_196' title='bbox 1199 3080 1254 3150; x_wconf 77' lang='lat' dir='ltr'>sic</span> <span class='ocrx_word' id='word_1_197' title='bbox 1277 3081 1310 3149; x_wconf 80' lang='lat' dir='ltr'>S.</span> 
     </span>
     <span class='ocr_line' id='line_1_24' title="bbox 121 3185 1312 3276; baseline -0.003 -19"><span class='ocrx_word' id='word_1_198' title='bbox 121 3195 156 3257; x_wconf 93' lang='lat' dir='ltr'>in</span> <span class='ocrx_word' id='word_1_199' title='bbox 179 3189 339 3276; x_wconf 87' lang='lat' dir='ltr'>plerisque</span> <span class='ocrx_word' id='word_1_200' title='bbox 363 3192 411 3253; x_wconf 90' lang='lat' dir='ltr'>est</span> <span class='ocrx_word' id='word_1_201' title='bbox 434 3185 648 3268; x_wconf 80' lang='grc' dir='ltr'><strong><em>παρέσχεσέε,</em></strong></span> <span class='ocrx_word' id='word_1_202' title='bbox 672 3188 792 3271; x_wconf 88' lang='lat' dir='ltr'>inquo</span> <span class='ocrx_word' id='word_1_203' title='bbox 815 3185 895 3251; x_wconf 89' lang='lat' dir='ltr'>latet</span> <span class='ocrx_word' id='word_1_204' title='bbox 918 3207 994 3252; x_wconf 77' lang='lat' dir='ltr'>vcra</span> <span class='ocrx_word' id='word_1_205' title='bbox 1012 3186 1109 3252; x_wconf 91' lang='lat' dir='ltr'>lectio</span> <span class='ocrx_word' id='word_1_206' title='bbox 1129 3187 1312 3273; x_wconf 75' lang='grc' dir='ltr'><strong><em>παρέσχεθ’</em></strong></span> 
     </span>
     <span class='ocr_line' id='line_1_25' title="bbox 123 3291 1313 3382; baseline -0.003 -18"><span class='ocrx_word' id='word_1_207' title='bbox 123 3299 207 3376; x_wconf 68' lang='lat' dir='ltr'>tacis</span> <span class='ocrx_word' id='word_1_208' title='bbox 232 3294 356 3366; x_wconf 80' lang='grc' dir='ltr'><strong><em>αὐτούς.</em></strong></span> <span class='ocrx_word' id='word_1_209' title='bbox 402 3292 503 3379; x_wconf 79' lang='lat' dir='ltr'>Saepe</span> <span class='ocrx_word' id='word_1_210' title='bbox 525 3293 571 3358; x_wconf 91' lang='lat' dir='ltr'>sic</span> <span class='ocrx_word' id='word_1_211' title='bbox 593 3293 628 3356; x_wconf 93' lang='lat' dir='ltr'>in</span> <span class='ocrx_word' id='word_1_212' title='bbox 646 3291 737 3357; x_wconf 87' lang='lat' dir='ltr'>libris</span> <span class='ocrx_word' id='word_1_213' title='bbox 757 3291 981 3358; x_wconf 81' lang='lat' dir='ltr'>Demosthenis</span> <span class='ocrx_word' id='word_1_214' title='bbox 1002 3297 1142 3380; x_wconf 88' lang='lat' dir='ltr'>erratur,</span> <span class='ocrx_word' id='word_1_215' title='bbox 1161 3299 1313 3382; x_wconf 86' lang='lat' dir='ltr'>utsupra</span> 
     </span>
     <span class='ocr_line' id='line_1_26' title="bbox 122 3401 333 3471; baseline -0.024 -1"><span class='ocrx_word' id='word_1_216' title='bbox 122 3401 333 3471; x_wconf 87' lang='lat' dir='ltr'>ostendimus.</span> 
     </span>
    </p>
   </div>
   <div class='ocr_carea' id='block_1_7' title="bbox 121 3607 1313 4114">
    <p class='ocr_par' dir='ltr' id='par_1_7' title="bbox 121 3607 1313 4114">
     <span class='ocr_line' id='line_1_27' title="bbox 168 3607 1310 3700; baseline 0.002 -22"><span class='ocrx_word' id='word_1_217' title='bbox 168 3613 250 3700; x_wconf 76' lang='lat' dir='ltr'>Peg.</span> <span class='ocrx_word' id='word_1_218' title='bbox 275 3611 351 3677; x_wconf 81' lang='lat'>301.</span> <span class='ocrx_word' id='word_1_219' title='bbox 378 3609 431 3676; x_wconf 82' lang='grc'>14.</span> <span class='ocrx_word' id='word_1_220' title='bbox 458 3607 496 3675; x_wconf 75' lang='grc' dir='ltr'>ἵν’</span> <span class='ocrx_word' id='word_1_221' title='bbox 521 3610 620 3681; x_wconf 90' lang='grc' dir='ltr'><strong><em>εἰδῆτε</em></strong></span> <span class='ocrx_word' id='word_1_222' title='bbox 645 3611 682 3673; x_wconf 87' lang='grc' dir='ltr'><strong><em>Ἡ</em></strong></span> <span class='ocrx_word' id='word_1_223' title='bbox 707 3609 767 3687; x_wconf 82' lang='grc' dir='ltr'>ἐμῆ</span> <span class='ocrx_word' id='word_1_224' title='bbox 789 3607 935 3689; x_wconf 74' lang='grc' dir='ltr'><strong><em>συνέχεια</em></strong></span> <span class='ocrx_word' id='word_1_225' title='bbox 956 3646 998 3658; x_wconf 98' lang='grc'>-</span> <span class='ocrx_word' id='word_1_226' title='bbox 1018 3618 1064 3674; x_wconf 86' lang='lat' dir='ltr'>TI</span> <span class='ocrx_word' id='word_1_227' title='bbox 1084 3611 1310 3692; x_wconf 88' lang='grc' dir='ltr'><strong><em>οἰπειργοίσατο.</em></strong></span> 
     </span>
     <span class='ocr_line' id='line_1_28' title="bbox 121 3714 1312 3804; baseline 0 -17"><span class='ocrx_word' id='word_1_228' title='bbox 121 3720 197 3787; x_wconf 85' lang='lat' dir='ltr'>Non</span> <span class='ocrx_word' id='word_1_229' title='bbox 225 3719 345 3784; x_wconf 90' lang='lat' dir='ltr'>habent</span> <span class='ocrx_word' id='word_1_230' title='bbox 372 3717 449 3784; x_wconf 88' lang='lat' dir='ltr'>haec</span> <span class='ocrx_word' id='word_1_231' title='bbox 474 3714 613 3784; x_wconf 81' lang='lat' dir='ltr'>Graecae</span> <span class='ocrx_word' id='word_1_232' title='bbox 637 3717 874 3801; x_wconf 86' lang='lat' dir='ltr'>compositionis</span> <span class='ocrx_word' id='word_1_233' title='bbox 895 3715 1044 3782; x_wconf 82' lang='lat' dir='ltr'>formam.</span> <span class='ocrx_word' id='word_1_234' title='bbox 1092 3715 1166 3782; x_wconf 90' lang='lat' dir='ltr'>Dici</span> <span class='ocrx_word' id='word_1_235' title='bbox 1188 3724 1312 3804; x_wconf 86' lang='lat' dir='ltr'>poterat</span> 
     </span>
     <span class='ocr_line' id='line_1_29' title="bbox 122 3819 1313 3911; baseline 0.002 -20"><span class='ocrx_word' id='word_1_236' title='bbox 122 3825 159 3892; x_wconf 79' lang='grc' dir='ltr'>ἵν’</span> <span class='ocrx_word' id='word_1_237' title='bbox 192 3825 293 3900; x_wconf 78' lang='grc' dir='ltr'><strong><em>εἰδῆτε</em></strong></span> <span class='ocrx_word' id='word_1_238' title='bbox 324 3825 380 3899; x_wconf 86' lang='grc' dir='ltr'>τῆν</span> <span class='ocrx_word' id='word_1_239' title='bbox 403 3825 479 3900; x_wconf 86' lang='grc' dir='ltr'><strong><em>ε’μῆν</em></strong></span> <span class='ocrx_word' id='word_1_240' title='bbox 501 3821 665 3902; x_wconf 78' lang='grc' dir='ltr'><strong><em>συνέχειαν</em></strong></span> <span class='ocrx_word' id='word_1_241' title='bbox 687 3821 720 3886; x_wconf 90' lang='grc' dir='ltr'>τί</span> <span class='ocrx_word' id='word_1_242' title='bbox 743 3819 980 3906; x_wconf 80' lang='grc' dir='ltr'><strong><em>οἰπειργιίσατο,</em></strong></span> <span class='ocrx_word' id='word_1_243' title='bbox 1004 3823 1060 3888; x_wconf 87' lang='lat' dir='ltr'>sed</span> <span class='ocrx_word' id='word_1_244' title='bbox 1081 3822 1216 3911; x_wconf 80' lang='lat' dir='ltr'>vulgate</span> <span class='ocrx_word' id='word_1_245' title='bbox 1237 3826 1313 3894; x_wconf 85' lang='lat' dir='ltr'>ferri</span> 
     </span>
     <span class='ocr_line' id='line_1_30' title="bbox 121 3927 1312 4016; baseline 0.003 -20"><span class='ocrx_word' id='word_1_246' title='bbox 121 3952 186 3998; x_wconf 92' lang='lat' dir='ltr'>non</span> <span class='ocrx_word' id='word_1_247' title='bbox 214 3934 328 4016; x_wconf 89' lang='lat' dir='ltr'>potest.</span> <span class='ocrx_word' id='word_1_248' title='bbox 376 3928 556 4015; x_wconf 63' lang='lat' dir='ltr'>[transpone</span> <span class='ocrx_word' id='word_1_249' title='bbox 580 3928 613 3993; x_wconf 88' lang='grc' dir='ltr'>τί</span> <span class='ocrx_word' id='word_1_250' title='bbox 636 3930 671 3992; x_wconf 91' lang='lat' dir='ltr'>in</span> <span class='ocrx_word' id='word_1_251' title='bbox 694 3948 790 3992; x_wconf 90' lang='lat' dir='ltr'>suum</span> <span class='ocrx_word' id='word_1_252' title='bbox 812 3927 920 3993; x_wconf 90' lang='lat' dir='ltr'>locum</span> <span class='ocrx_word' id='word_1_253' title='bbox 944 3933 977 3993; x_wconf 89' lang='lat' dir='ltr'>et</span> <span class='ocrx_word' id='word_1_254' title='bbox 999 3930 1122 4013; x_wconf 92' lang='lat' dir='ltr'>optime</span> <span class='ocrx_word' id='word_1_255' title='bbox 1143 3932 1312 4015; x_wconf 87' lang='lat' dir='ltr'>procedent</span> 
     </span>
     <span class='ocr_line' id='line_1_31' title="bbox 123 4032 1099 4114; baseline -0.006 -10"><span class='ocrx_word' id='word_1_256' title='bbox 123 4039 250 4104; x_wconf 86' lang='lat' dir='ltr'>omnia:</span> <span class='ocrx_word' id='word_1_257' title='bbox 276 4033 313 4101; x_wconf 76' lang='grc' dir='ltr'>ἵν’</span> <span class='ocrx_word' id='word_1_258' title='bbox 338 4036 440 4112; x_wconf 85' lang='grc' dir='ltr'><strong><em>εἰδῆτε</em></strong></span> <span class='ocrx_word' id='word_1_259' title='bbox 464 4034 496 4100; x_wconf 88' lang='grc' dir='ltr'><strong><em>τί</em></strong></span> <span class='ocrx_word' id='word_1_260' title='bbox 518 4038 534 4111; x_wconf 85' lang='grc' dir='ltr'><strong><em>ῆ</em></strong></span> <span class='ocrx_word' id='word_1_261' title='bbox 561 4034 619 4112; x_wconf 84' lang='grc' dir='ltr'><strong><em>ε’μῆ</em></strong></span> <span class='ocrx_word' id='word_1_262' title='bbox 643 4033 789 4114; x_wconf 89' lang='grc' dir='ltr'><strong><em>συνέχεια</em></strong></span> <span class='ocrx_word' id='word_1_263' title='bbox 810 4070 850 4082; x_wconf 85' lang='lat'>-</span> <span class='ocrx_word' id='word_1_264' title='bbox 871 4032 1099 4113; x_wconf 89' lang='grc' dir='ltr'><strong><em>οἰπειργσίσατο.</em></strong></span> 
     </span>
    </p>
   </div>
   <div class='ocr_carea' id='block_1_8' title="bbox 124 4241 1312 4435">
    <p class='ocr_par' dir='ltr' id='par_1_8' title="bbox 124 4241 1312 4435">
     <span class='ocr_line' id='line_1_32' title="bbox 167 4241 1312 4332; baseline 0 -21"><span class='ocrx_word' id='word_1_265' title='bbox 167 4246 251 4332; x_wconf 81' lang='lat' dir='ltr'>Peg.</span> <span class='ocrx_word' id='word_1_266' title='bbox 284 4242 361 4309; x_wconf 78' lang='lat'><strong>802.</strong></span> <span class='ocrx_word' id='word_1_267' title='bbox 393 4243 424 4311; x_wconf 83' lang='lat'>2.</span> <span class='ocrx_word' id='word_1_268' title='bbox 456 4242 647 4323; x_wconf 76' lang='grc' dir='ltr'><strong><em>ἐπεπείσμην</em></strong></span> <span class='ocrx_word' id='word_1_269' title='bbox 671 4242 696 4308; x_wconf 89' lang='grc' dir='ltr'>δ’</span> <span class='ocrx_word' id='word_1_270' title='bbox 720 4241 792 4321; x_wconf 74' lang='grc' dir='ltr'><strong><em>ὑπὲρ</em></strong></span> <span class='ocrx_word' id='word_1_271' title='bbox 817 4241 972 4321; x_wconf 78' lang='grc' dir='ltr'><strong><em>ἐμαυτοῦ,</em></strong></span> <span class='ocrx_word' id='word_1_272' title='bbox 995 4244 1094 4325; x_wconf 81' lang='grc' dir='ltr'><strong><em>τυχὸν</em></strong></span> <span class='ocrx_word' id='word_1_273' title='bbox 1116 4245 1173 4323; x_wconf 80' lang='grc' dir='ltr'>μὲν</span> <span class='ocrx_word' id='word_1_274' title='bbox 1204 4248 1312 4313; x_wconf 91' lang='grc' dir='ltr'><strong><em>οἰναι-</em></strong></span> 
     </span>
     <span class='ocr_line' id='line_1_33' title="bbox 124 4347 1312 4435; baseline -0.003 -15"><span class='ocrx_word' id='word_1_275' title='bbox 124 4356 297 4435; x_wconf 81' lang='grc' dir='ltr'><strong><em>οίητῦν,</em></strong></span> <span class='ocrx_word' id='word_1_276' title='bbox 328 4347 407 4429; x_wconf 74' lang='grc' dir='ltr'>ὅμως</span> <span class='ocrx_word' id='word_1_277' title='bbox 442 4351 467 4414; x_wconf 83' lang='grc' dir='ltr'>δ’</span> <span class='ocrx_word' id='word_1_278' title='bbox 500 4350 707 4435; x_wconf 77' lang='grc' dir='ltr'><strong><em>ἐπεπείσμην,</em></strong></span> <span class='ocrx_word' id='word_1_279' title='bbox 740 4348 823 4430; x_wconf 80' lang='grc' dir='ltr'><strong><em>μῆτε</em></strong></span> <span class='ocrx_word' id='word_1_280' title='bbox 845 4349 999 4429; x_wconf 71' lang='grc' dir='ltr'><strong><em>γράφοντ’</em></strong></span> <span class='ocrx_word' id='word_1_281' title='bbox 1023 4347 1062 4414; x_wconf 72' lang='grc' dir='ltr'>ἂν</span> <span class='ocrx_word' id='word_1_282' title='bbox 1086 4351 1161 4428; x_wconf 75' lang='grc' dir='ltr'><strong><em>ἐμοῦ</em></strong></span> <span class='ocrx_word' id='word_1_283' title='bbox 1188 4353 1312 4435; x_wconf 56' lang='lat' dir='ltr'>specus</span> 
     </span>
    </p>
   </div>
   <div class='ocr_carea' id='block_1_9' title="bbox 0 0 1548 4968">
    <p class='ocr_par' dir='ltr' id='par_1_9' title="bbox 0 0 1548 4968">
     <span class='ocr_line' id='line_1_34' title="bbox 0 0 1548 4968; baseline 0 1"><span class='ocrx_word' id='word_1_284' title='bbox 0 0 1548 4968; x_wconf 95' lang='lat' dir='ltr'> </span> 
     </span>
    </p>
   </div>
  </div>
 </body>
</html>
