3086 4968
682 263 748 331 493

162 455 200 521 In
230 457 290 520 hae
320 455 528 538 componendi
559 454 661 520 forma
692 477 783 542 saepe
811 457 933 522 librarii
952 461 1084 540 ρουόοίυο
1108 462 1308 531 substituunt

117 562 252 626 dativum
283 567 340 626 aut
364 566 471 625 eontra
494 567 692 649 repugnante
716 566 871 629 sententia
895 570 927 628 et
949 564 1079 652 linguae
1102 587 1181 644 usu,
1204 569 1309 634 veluti

116 690 193 756 pag.
237 663 311 733 789.
349 665 404 730 24.
442 669 458 739 ἡ
494 667 569 747 παρ’
607 668 693 744 ε’μΟΙ
729 671 818 747 μόνον
854 670 953 735 εύνονοι
988 673 1099 748 λοιπή,
1135 673 1308 760 legendum

116 778 192 854 παρ’
218 776 328 852 ε’μΟΤ.

162 878 330 947 Contrario
361 901 463 945 errore
494 879 599 945 editur
628 902 700 969 pag.
737 881 812 947 100.
846 882 888 948 10
920 889 952 948 et
977 883 1052 948 135.
1080 884 1132 950 10.
1156 886 1210 959 την
1236 890 1309 966 παρ’

117 990 232 1065 ύμΩΝ
266 989 435 1067 ἐλευθερίαν
460 1007 517 1072 pro
546 989 600 1060 την
625 991 698 1068 πονρ’
722 990 824 1067 ύμΙΝ.
849 995 881 1053 et
903 1011 976 1078 pag.
1003 990 1056 1057 78.
1082 990 1136 1057 29.
1161 989 1307 1072 ἐφέσιμον

116 1098 171 1171 την
204 1097 278 1175 παρ’
308 1095 419 1172 ύμΩΝ
443 1095 608 1170 γενομένην
631 1101 739 1172 γνῶσιν
763 1098 800 1168 ὥς
827 1096 935 1161 ἓονντόν
958 1097 1151 1176 πονούμενος,
1177 1105 1209 1164 et
1232 1120 1306 1187 ρος.

118 1200 194 1266 434.
228 1198 259 1265 8.
298 1199 335 1265 όιν
371 1200 414 1264 τίς
450 1202 523 1280 πυρ·
559 1202 673 1279 ύμΩΝ
709 1200 839 1282 ὑγνοιίυη.
895 1201 1071 1288 Utrobique
1106 1205 1308 1270 scribendum

118 1309 192 1388 ποιρ’
217 1308 319 1384 ύμΙΝ.

167 1412 302 1498 Saepius
343 1413 421 1478 haec
456 1415 574 1478 inserto
607 1397 626 1477 a
659 1412 764 1478 sciolis
797 1416 965 1498 participio
998 1417 1173 1501 vitiantur,
1208 1416 1311 1484 voluti

120 1541 191 1606 pag.
232 1517 283 1583 72.
320 1518 352 1585 2.
389 1519 421 1584 ai
438 1548 441 1554 ·
458 1521 532 1599 πονρ’
569 1518 680 1583 ἐκείνου
718 1520 943 1604 [πεμπόμενον]
983 1521 1134 1589 ε’πιςολιιί.
1168 1529 1200 1587 et
1231 1545 1306 1611 ρος.

119 1624 194 1692 276.
231 1623 285 1690 22.
319 1632 375 1690 τῶν
409 1625 483 1706 παρ’
517 1627 625 1690 ἑαυτοῦ
656 1626 886 1710 [πεμπομένων]
913 1627 1139 1705 ἱερομνημόνων.
1188 1629 1309 1694 Raetis-

118 1734 196 1797 sime
228 1734 313 1796 enim
338 1732 456 1798 dieitur
479 1735 503 1798 οί
529 1732 615 1812 πνιρόι
640 1732 795 1796 Φιλίππου
818 1731 962 1811 πρέσβεις
987 1733 1199 1812 πεμφθέντες,
1227 1735 1310 1811 η’ννον-

118 1863 189 1916 τες,
215 1837 444 1916 οίπεςοιλμένον,
470 1838 608 1904 sednon
632 1840 834 1916 πεμπόμενον.

164 2052 223 2118 Eist
253 2072 364 2136 operae
396 2053 537 2137 pretium
561 2052 726 2116 observare
749 2051 918 2134 partieipia
941 2052 1096 2135 quaedam
1122 2055 1229 2137 spuria
1251 2051 1309 2118 Oo-

118 2157 198 2223 diois
233 2157 256 2222 S
287 2159 470 2223 testimonio
503 2157 673 2221 confutata.
721 2155 801 2221 Vide
826 2177 900 2244 pag.
926 2153 978 2223 77.
1004 2157 1056 2222 99.
1082 2158 1309 2245 interpolatum

117 2263 303 2342 μελλόντων.
340 2270 372 2329 et
401 2285 474 2350 pag.
509 2261 586 2328 206.
611 2260 663 2326 19.
688 2262 883 2339 βοηθούντων.
909 2269 942 2328 et
964 2285 1035 2352 pag.
1063 2263 1138 2330 474.
1168 2265 1220 2330 15.
1245 2267 1308 2348 κρί-

117 2369 247 2448 νόμενον.

160 2477 260 2542 Plura
291 2480 390 2543 otiam
416 2479 450 2542 in
472 2479 580 2562 ipsum
604 2472 753 2541 Oodioem
777 2474 800 2541 S
823 2497 886 2542 non
912 2481 1020 2543 minus
1043 2482 1150 2564 spuria
1174 2501 1207 2545 se
1232 2483 1308 2545 insi·

114 2589 273 2660 nuarunt,
307 2583 410 2649 veluti
441 2581 557 2661 λέγων,
594 2581 744 2659 κελεύων,
781 2585 951 2662 κελεύσεις,
991 2583 1142 2661 διδόμενος
1178 2592 1210 2651 et
1246 2587 1309 2652 alia

116 2690 298 2774 complura,
323 2690 362 2755 de
385 2690 501 2776 quibus
524 2709 581 2754 suo
603 2688 673 2754 loco
696 2693 729 2753 et
753 2689 821 2752 dixi
844 2695 876 2753 et
899 2691 1004 2754 dicam

162 2797 326 2880 Imprimis
355 2796 479 2883 gaudeo
509 2816 562 2860 me
581 2800 624 2860 ‘ex
647 2794 743 2858 huius
767 2794 963 2880 corruptelae
987 2795 1204 2862 observatione
1230 2797 1309 2863 duas

116 2902 225 2968 foedas
255 2901 397 2966 maculas
428 2900 542 2966 eluisse
575 2921 614 2965 ex
641 2898 802 2984 praeclaro
825 2899 894 2965 looo
917 2920 988 2986 pag.
1016 2899 1069 2966 37.
1095 2900 1148 2964 22.
1174 2903 1243 2973 ἴσως
1268 2905 1306 2967 όιν

117 3045 126 3058 ·
150 3015 208 3072 τῶν
232 3005 371 3072 τοιούτων
396 3005 571 3083 λημμοίτων
596 3004 859 3084 ιίποιλλοννείητε,
884 3002 906 3068 όι
928 3013 989 3077 τοῖς
1014 3007 1196 3094 [οίτθενοῡον]
1220 3013 1307 3089 πυρόν

116 3122 175 3180 τῶν
197 3116 303 3192 ίοιτρῶυ
323 3111 426 3184 σιτίοις
450 3112 635 3197 [διδομένοις]
659 3111 749 3176 ἔοικε·
768 3111 819 3175 κοιὶ
842 3111 903 3191 γόιρ
927 3112 1026 3176 ἐκεῖνον
1049 3112 1217 3196 ούτ’ίτχὺν
1231 3119 1308 3184 ε’ντί-

117 3223 201 3295 θησιν
231 3218 295 3284 οὔτ’
328 3219 525 3292 όποθνθτκενν
551 3220 599 3300 ἑᾷ.
647 3217 821 3302 Postquam
844 3220 950 3283 neseio
974 3221 1045 3303 quis
1069 3219 1228 3297 διδομένοις
1255 3223 1306 3288 ad·

115 3326 221 3400 didit,
248 3330 285 3389 ut
307 3330 413 3389 nostro
435 3324 503 3390 loco
528 3331 684 3388 πολιτειῶν
714 3323 915 3409 [δνδομένωυ],
941 3327 1123 3408 supervenit
1148 3325 1227 3391 alter
1250 3332 1305 3412 qui

113 3433 290 3497 οίοθενούτνν
320 3431 453 3496 inseruit
484 3431 522 3495 de
555 3450 622 3495 suo.
669 3430 877 3495 Athenienses
900 3431 1046 3496 dicebant
1069 3431 1111 3496 τόι
1135 3435 1221 3513 πυρόν
1246 3437 1305 3498 τῶν

115 3541 225 3618 ίοοτρῶν
259 3537 360 3621 σιτίον,
394 3542 432 3601 ut
466 3538 500 3600 οιί
536 3536 624 3616 πυρόν
659 3542 716 3600 τῶν
753 3537 854 3614 δήμων
890 3537 1007 3615 δωρεοιί.
1055 3537 1175 3603 Eodem
1211 3541 1306 3606 modo

113 3643 209 3709 Pluto
241 3642 323 3707 dixit
353 3643 390 3706 de
419 3643 496 3726 Jeep.
526 3664 599 3729 ρος.
633 3640 711 3708 406.
734 3660 763 3707 1).
800 3643 908 3724 ποορίι
944 3647 997 3706 τοῦ
1035 3645 1138 3722 ίοντροῦ
1172 3643 1305 3723 Φόρμιν-

114 3773 165 3814 κον
188 3750 272 3812 πνιόν.

161 3962 241 4048 Ρος.
268 3959 344 4026 462.
369 3960 400 4025 2.
424 3961 437 4026 ό
462 3960 558 4026 τοίνυν
583 3962 637 4034 την
661 3962 745 4030 πίςιν
769 3963 909 4042 νίφοιιρῶν
934 3959 1033 4046 [νόμος
1057 3957 1155 4046 οὗτος]
1182 3957 1304 4045 ᾦμόιςο

114 4067 270 4146 κρείττους
301 4067 374 4131 είτίν
408 4070 441 4132 οοί
465 4067 537 4149 παρ’
563 4068 644 4144 opos
669 4068 774 4146 δωρεονί
800 4069 884 4130 τοῦτ’
907 4069 1103 4147 οίΦοινρείτοιι.
1151 4067 1242 4148 Quod
1267 4072 1305 4138 da

114 4181 242 4240 auctore
272 4171 354 4259 legis
385 4173 613 4239 Demosthenes
644 4173 767 4237 dixerat
791 4173 823 4236 id
847 4175 952 4238 neseio
977 4176 1047 4257 quis
1071 4174 1111 4238 ad
1135 4176 1237 4259 ipsam
1261 4176 1305 4242 le-

113 4302 189 4368 gem
214 4278 413 4343 referendum
436 4300 503 4344 esse
528 4281 675 4364 opinatus
700 4285 754 4343 est.
803 4279 914 4363 ltaque
939 4278 1027 4357 νόμος
1052 4277 1137 4351 οὗτος
1163 4281 1304 4368 addidit,

113 4384 199 4472 quod
223 4404 256 4448 se
280 4385 313 4448 in
336 4391 460 4450 textum
484 4387 676 4461 insinuavit,
700 4384 755 4450 sed
781 4405 817 4450 eo
840 4384 910 4450 looo
933 4387 989 4469 qui
1008 4385 1129 4452 fraudis
1147 4386 1304 4454 indicium
