3080 4972
705 251 747 322 47

174 443 253 533 Pag.
290 441 364 511 156.
400 441 452 510 15.
478 446 639 511 fortunam
662 445 907 512 Atheniensium
931 467 1007 512 cum
1028 446 1173 535 Phihppi
1196 448 1323 514 fortuna

135 571 316 636 comparans
350 552 437 632 rapta
468 557 526 616 τῶν
557 550 728 631 προγόνων,
757 555 879 639 inquit,
914 555 947 618 ἐκ
972 551 1109 626 πλείονος
1132 554 1240 637 χρόνον
1263 575 1323 617 τα·

135 661 326 740 ρειλιίφοιμεν
347 659 401 732 τὴν
422 657 616 734 εὐδαιμονίαν
635 659 667 722 οὐ
690 659 795 723 τούτου
817 657 906 735 μίνον
928 659 1016 724 ἀλλὰ
1036 659 1190 726 συνελόντι
1204 659 1323 743 Φροίσαι

41 839 53 860 .
136 764 255 830 τοίντων
278 771 337 829 τῶν
361 765 391 828 ἕν
415 762 594 845 Μακεδονία
619 762 791 843 βασιλέων,
812 784 874 829 non
893 765 1055 831 intellexit
1073 766 1169 833 homo
1189 767 1325 833 absurda

136 893 167 936 se
196 871 294 956 loqui.
343 873 501 957 Apertum
533 874 581 934 est
604 872 690 934 enim
713 872 874 958 genitivos
898 873 1005 938 τούτου
1031 878 1062 939 et
1086 879 1143 938 τῶν
1168 873 1323 950 βασιλέων

134 978 266 1064 pendere
298 999 317 1042 a
346 977 453 1042 vorbis
479 977 513 1039 ἐκ
538 975 674 1047 ιιλείονος
696 976 826 1057 χρόνον,
852 978 936 1043 unde
959 978 1036 1044 haec
1060 980 1127 1044 exit
1149 980 1323 1043 sententia:

135 1086 269 1149 habemas
302 1084 495 1148 Αίίεαίοιιιοο
517 1084 682 1168 fortunam
714 1106 732 1145 ο
765 1083 926 1147 maioribus
957 1085 1099 1148 traditam
1130 1084 1325 1170 antiquiorem

134 1213 192 1254 ιιοα
222 1192 305 1255 modo
335 1189 473 1273 Ptibr'ppc'
494 1190 631 1276 fortuna
661 1189 715 1252 aad
743 1188 832 1253 ctiam
854 1189 982 1253 οιινιιίαιιι
1006 1198 1144 1276 quotquot
1166 1191 1200 1254 οἰι
1224 1190 1326 1255 Macr-

134 1297 225 1362 docia
254 1319 336 1378 repar
349 1297 497 1382 fuerant.
544 1295 730 1360 Absurdum
751 1295 812 1360 hoc
836 1295 965 1381 quidem
990 1302 1053 1361 est:
1079 1297 1206 1362 fortuna
1228 1296 1326 1361 Athe-

133 1405 295 1468 niensium
315 1423 334 1466 a
352 1400 529 1466 maioribus
548 1400 667 1465 tradita
688 1402 848 1485 antiquior
865 1406 913 1466 est
924 1421 1021 1486 quam
1032 1401 1159 1468 fortuna
1170 1402 1325 1488 Philippi.

132 1509 236 1574 Nemo
259 1508 293 1572 id
312 1505 418 1572 hercle
436 1505 624 1583 mirabitur,
645 1506 699 1570 sed
719 1507 779 1571 hoc
799 1507 947 1573 mirabile
967 1512 1015 1572 est
1034 1511 1102 1572 tam
1113 1511 1327 1596 incogitanter

132 1615 294 1699 aliquem,
327 1615 383 1698 qui
413 1633 446 1677 se
477 1610 725 1677 Demosthenem
751 1632 817 1678 esse
841 1612 990 1690 simulet,
1014 1615 1150 1678 seribere
1173 1615 1325 1699 potuisse.

128 1721 255 1788 Deinde
285 1740 348 1784 non
378 1720 487 1783 minus
516 1720 624 1803 inepte
655 1718 800 1804 Philippi
831 1719 958 1785 fortuna
989 1719 1200 1806 distinguitur
1227 1719 1266 1783 ab
1291 1739 1327 1784 ea

130 1847 197 1914 qua
219 1826 336 1891 caeteri
358 1823 572 1890 Macedonum
591 1845 682 1911 reges
703 1824 782 1889 olim
801 1827 853 1890 usi
871 1825 1017 1901 fuerunt,
1037 1845 1137 1908 quum
1156 1824 1327 1890 Athenien-

128 1937 220 2000 sium
251 1930 387 2012 εὐτυχία
414 1933 482 1996 sive
505 1928 682 2008 εὐδαιμονία
708 1929 821 2016 (τύχαν
847 1929 993 1996 dicebant
1017 1932 1080 2015 ipsi
1102 1928 1323 2019 Athenienses)

128 2041 175 2106 ab
210 2037 328 2103 ultima
361 2039 522 2103 maiorum
553 2038 708 2102 memoria
743 2041 914 2122 repetatur.
962 2033 1135 2120 Sophistici
1169 2039 1327 2102 acuminis

127 2147 213 2211 haec
236 2146 318 2210 vitia
340 2148 433 2220 sunt,
458 2143 591 2208 ethaeo
614 2142 864 2208 Demosthenem
889 2142 1006 2208 dixisse
1030 2140 1256 2228 opinabanturl

182 2356 262 2445 Pag.
300 2354 373 2420 156.
412 2355 467 2421 20.
503 2354 626 2427 τλείονς
662 2355 809 2438 οὶφορμίιι
832 2353 941 2420 ἀὐτοῦ
977 2354 1049 2433 τρίς
1082 2358 1136 2430 risa
1167 2361 1225 2421 τῶν
1257 2355 1327 2420 θεῶν

129 2463 254 2530 εὔνοιαν
289 2459 414 2541 ἔχομεν.
465 2457 652 2527 Constantes
683 2460 913 2527 Demosthenes
948 2461 1002 2535 τίιν
1038 2463 1125 2542 rapis
1162 2466 1219 2525 τῶν
1259 2464 1328 2526 θεῶν

129 2567 254 2636 εὔνοιαν
280 2566 439 2653 appellare
462 2566 559 2644 solet,
585 2572 617 2630 et
640 2566 786 2632 falsarius
809 2567 886 2632 haec
908 2569 1032 2633 furatus
1056 2575 1103 2632 est
1123 2589 1162 2632 ex
1178 2587 1252 2654 pag.
1274 2564 1326 2632 24.

130 2674 191 2741 19.
217 2673 340 2745 τλείονς
366 2671 512 2754 οίφορμίοι
539 2673 581 2744 είς
606 2673 640 2736 τὸ
665 2674 719 2748 τὴν
745 2673 832 2752 aare
855 2680 912 2738 τῶν
936 2675 1005 2738 θεῶν
1030 2673 1145 2738 εὔνοιαν
1170 2670 1253 2753 ἔχειν
1276 2673 1328 2751 ὁρῶ

130 2787 211 2859 ἡμῖν
242 2781 366 2852 ἐνούσας
401 2777 523 2866 (οὔσας)
553 2779 570 2855 ἢ
605 2779 710 2859 'arioch
758 2778 821 2845 Sed
852 2781 993 2865 optimus
1024 2778 1047 2844 S
1077 2780 1199 2844 omittit
1231 2777 1329 2856 ταροί.

131 2887 209 2952 Soio
241 2886 296 2952 sed
326 2886 386 2950 hoc
419 2905 543 2970 qnoque
570 2887 634 2950 scio
658 2888 831 2950 sexcenties
853 2887 887 2949 in
910 2884 934 2951 S
956 2884 1110 2951 nonnulla
1131 2885 1228 2950 verba
1251 2884 1330 2948 desi-

132 2995 255 3070 derari,
289 2994 358 3056 sine
390 2991 506 3076 quibus
534 2990 596 3056 loci
619 2995 775 3057 sententia
798 2997 853 3057 aut
877 2992 1002 3057 dicendi
1025 3013 1103 3056 usus
1125 2989 1213 3055 nullo
1235 2990 1330 3055 modo

134 3101 291 3165 consistit.
338 3096 451 3182 Itaque
485 3099 561 3162 testi
593 3099 650 3160 uni
681 3100 827 3162 omnium
859 3099 981 3183 optimo
1013 3098 1068 3162 sed
1092 3118 1183 3182 saepe
1206 3094 1332 3160 fallenti

133 3206 203 3270 nisi
226 3203 440 3288 adstipulante
464 3223 539 3269 sana
561 3205 683 3268 ratione
706 3223 769 3268 non
793 3204 917 3268 credere
940 3207 1090 3289 praestat.

186 3416 360 3503 Postquam
395 3413 545 3501 Sophiste
575 3413 690 3479 multis
725 3417 922 3502 argumentis
958 3419 1077 3480 certam
1112 3415 1150 3480 de
1180 3413 1331 3500 Philippo

137 3525 309 3591 victoriam
344 3543 410 3588 esse
441 3523 567 3597 docuit,
599 3521 730 3586 candide
761 3523 884 3605 quaerit
917 3541 991 3608 pag.
1028 3518 1100 3584 156.
1128 3519 1179 3585 22.
1206 3522 1237 3586 τί
1261 3523 1331 3587 τοτ’

137 3626 193 3694 οὖν
216 3631 322 3702 ἐκεῖνος
348 3630 378 3693 ἕν
402 3629 443 3710 τῷ
457 3625 598 3709 τροτὲρῳ
623 3625 749 3708 πολέμῳ
770 3628 866 3692 πλείω
887 3626 1081 3707 κατώρθωσεν
1103 3629 1202 3707 ἧμῶν;
1226 3629 1278 3714 qai
1288 3633 1333 3713 fit

136 3734 254 3816 igitar,
285 3737 409 3820 inquit,
434 3742 468 3798 at
491 3735 576 3798 robis
598 3733 680 3797 atttt
700 3734 804 3798 loram
827 3734 860 3797 ιἰι
884 3735 1035 3817 superiore
1059 3736 1134 3798 bello
1150 3735 1333 3821 profherr't?

138 3841 255 3906 deinde
285 3861 404 3929 magna
434 3861 511 3905 usus
545 3839 670 3905 dicendi
700 3839 848 3921 libertate
882 3839 1141 3928 (ταρρασιοίσομαι
1173 3841 1235 3922 γὰρ
1260 3842 1333 3922 πρὸς

138 3947 240 4022 ὑμᾶς.
276 3953 307 4012 et
336 3946 488 4028 εἰρήσεται
521 3947 584 4026 γαρ
617 3946 750 4030 reiectat)
781 3947 963 4031 respondet:
997 3947 1070 4032 qaia
1102 3947 1259 4030 Philippus
1292 3955 1334 4012 art

126 4073 280 4136 partor,
304 4076 388 4130 acer,
413 4053 537 4137 ιἰινρίρον
561 4053 595 4115 οἰι
617 4053 703 4115 rebar
723 4054 879 4134 gerardis,
905 4056 993 4129 ἡμεῖς
1018 4053 1048 4117 δὲ
1074 4050 1155 4116 οὐδὲν
1180 4057 1333 4127 ποιοῦντες

137 4154 253 4220 ἐνθάδε
270 4158 427 4236 καίιίμεία
447 4163 479 4222 et
499 4156 568 4222 οὔτε
587 4156 777 4236 ξενοτροφεῖν
797 4157 936 4236 ἐθέλομεν
955 4157 1019 4223 οὔτ’
1032 4158 1117 4223 αὐτοὶ
1133 4158 1334 4238 ςροοτεύεσίαι

136 4268 319 4338 τολμῶμεν.
364 4264 426 4329 His
446 4267 549 4352 igitur
567 4266 711 4330 moribus
733 4271 826 4350 putat
845 4265 1035 4350 Philippum
1056 4264 1207 4330 debellari
1225 4263 1333 4351 posse!

137 4363 222 4432 Sed
247 4367 283 4431 ad
308 4369 439 4436 meliora
468 4370 615 4436 hortatur
638 4372 741 4448 cives,
766 4371 849 4436 nulli
872 4374 919 4437 rei
941 4391 998 4436 nec
1021 4368 1167 4453 publicae
1191 4393 1248 4437 nec
1272 4375 1334 4457 pri-
