3034 4968
784 199 828 287 72

217 426 297 490 μενοι
326 413 410 477 inter
432 431 466 477 se
487 411 632 495 opposita
661 415 752 494 sunt,
783 416 821 476 ut
843 407 920 493 ἔργα
947 409 1099 498 (προέξεις)
1125 417 1157 475 et
1179 408 1285 489 λόγοι,
1308 397 1390 474 utin

223 518 325 603 Veapia
348 516 423 582 695.

263 624 301 689 σὺ
322 623 352 688 δὲ
371 620 546 705 χασκάζεις
567 621 622 696 τόν
634 621 829 701 κωλακρέτην
837 672 846 701 ,
859 623 893 688 τό
907 622 937 687 δὲ
951 622 1160 704 πραττόμενόν
1173 647 1207 688 οε
1221 621 1352 697 λε’λνόεν.

263 729 301 794 In
329 728 447 793 ultima
474 732 564 812 parte
594 727 657 793 loci
685 726 880 793 vocabulum
918 732 1131 794 necessarium
1159 731 1265 815 periit.
1311 724 1392 794 Nihil

219 840 267 900 est
297 836 384 900 enim
415 835 483 914 όρῶν
517 833 588 910 ὑμῖν
616 835 737 914 χιλίους
769 837 904 910 ἱππέας,
938 836 1041 900 videm
1063 835 1145 899 οοόόσ
1171 835 1254 898 mille
1277 833 1391 920 equites,

217 942 284 1006 imo
306 960 381 1006 vero
404 961 465 1003 aare
495 944 527 1004 et
547 937 647 1009 ὄντας.
694 937 806 1024 Neque
826 946 935 1008 tamen
958 941 1018 1006 hoc
1039 940 1108 1006 loco
1127 942 1333 1026 participium
1354 958 1393 1002 re·

217 1046 400 1131 ponendum
433 1065 499 1111 esse
531 1065 641 1110 censeo
670 1046 724 1110 sad
753 1048 788 1109 in
818 1045 881 1112 fine
910 1048 1083 1114 sententiae
1115 1048 1177 1110 sie:
1203 1082 1245 1094 -
1270 1050 1342 1116 νοοῦι
1368 1042 1391 1106 δ

218 1153 395 1232 τριακοσίας
420 1151 558 1216 0ῒῦΆο
580 1153 640 1229 οὐχ
669 1147 743 1227 ἥξει.

263 1362 344 1450 Peg.
370 1359 446 1428 182.
460 1360 491 1426 6.
516 1361 718 1427 scribendum
737 1384 775 1428 ex
794 1361 817 1428 8
838 1368 870 1429 et
888 1363 1043 1451 Dionysio
1062 1363 1224 1429 Halicarm
1247 1358 1395 1428 uomit

218 1489 293 1556 pag.
318 1465 395 1532 947.
420 1461 478 1532 όσα
501 1469 557 1544 μὲν
579 1469 692 1534 πώποθ’
717 1466 857 1542 όόπαντες
881 1475 957 1551 (non
980 1468 1120 1543 ἅπαντες
1145 1469 1247 1557 ὑμεῖς)
1273 1467 1396 1545 ἦβονλό·

220 1575 308 1658 tnta,
333 1579 365 1639 et
387 1577 459 1659 post
481 1595 582 1658 pauca
604 1574 817 1657 ἀπεβλέψατε
844 1584 909 1640 ele
934 1577 1009 1662 (non
1029 1576 1116 1662 πρὸς)
1143 1576 1314 1650 οόλλόλινς.

264 1786 346 1875 Peg.
373 1784 448 1852 185.
473 1786 504 1852 2.
528 1788 621 1864 Sum,
652 1789 777 1872 inquit,
808 1788 935 1853 Attenia
958 1788 1091 1856 divitiae
1114 1790 1278 1876 ingentes:
1303 1791 1400 1852 ταῦτα

221 1893 249 1958 δ’
275 1895 300 1958 οἱ
324 1891 502 1968 κεκτημένοι
526 1898 657 1958 τοιοῦτον
677 1892 782 1973 ἔχουσι
807 1898 872 1958 νοῦν
898 1891 949 1963 ὥτ’
973 1896 998 1959 εἰ
1023 1894 1139 1966 πόντος
1163 1895 1189 1958 οἱ
1215 1893 1333 1958 ε’ντανόδ
1354 1890 1399 1956 λε’-

222 2023 328 2079 γοντει
350 1999 478 2078 φοβοῖεν
498 2001 536 2072 ὡς
557 1997 620 2077 ἥξει
640 1999 812 2078 βασιλεύς,
837 2001 875 2070 ὡς
897 1998 1035 2083 πόρετιν,
1055 2002 1094 2072 ὡς
1115 2001 1174 2081 οὐχ
1187 1994 1248 2064 οἶόν
1266 2025 1302 2066 τε
1317 1999 1400 2064 ταῦτ’

222 2103 328 2171 όλλωι
364 2103 467 2185 ἔχειν,
505 2105 557 2170 καὶ
589 2107 675 2182 μετόν
706 2113 764 2169 τῶν
802 2105 955 2184 λεγόντων
986 2106 1044 2170 όσοι
1076 2106 1109 2170 τό
1145 2107 1260 2182 πλῆθος
1292 2102 1400 2173 τούτοις

222 2209 429 2289 χρησμῳδοῖεν
451 2208 585 2297 (optime
601 2209 719 2276 Reiske
743 2211 938 2292 χρησμῳδοδ,
961 2232 1076 2296 nempe
1095 2211 1237 2292 φοβοῖεν)
1261 2213 1294 2277 οὐ
1321 2207 1401 2286 μόνον

222 2316 277 2380 οὐκ
307 2313 344 2380 όιν
375 2314 581 2392 εἷσενόγκαιεν
614 2315 691 2380 αλλ’
723 2317 784 2381 οὐδ’
815 2315 853 2383 όον
884 2316 1013 2393 δεόξαιεν
1040 2316 1100 2382 οὐδ’
1124 2317 1162 2382 ἂν
1186 2317 1401 2396 ὁμολογήσαιεν

223 2423 399 2496 κεκτῆσθαι.
445 2421 571 2487 Ultima
592 2443 665 2507 pars
687 2422 751 2487 loci
774 2444 871 2508 grave
894 2422 1013 2488 vulnus
1037 2425 1175 2508 sucepit,
1200 2409 1254 2489 sed
1271 2418 1403 2488 sanabile

223 2531 340 2592 tamen.
388 2525 506 2592 Tacent
536 2526 727 2613 Interprates
757 2531 847 2614 quasi
877 2532 985 2595 omnia
1007 2528 1102 2615 plana
1123 2533 1155 2593 et
1178 2531 1344 2614 perspicua
1365 2545 1405 2589 es

224 2637 304 2697 sent.
352 2632 430 2711 Quis
452 2653 527 2698 vero
551 2633 635 2698 dicet
659 2634 735 2718 quid
757 2637 799 2699 sit
823 2635 883 2698 οὐδ’
908 2633 946 2700 όιν
970 2631 1149 2710 Aeliam?
1180 2635 1264 2714 Quid
1286 2625 1405 2698 multa?

224 2735 331 2802 Satius
355 2750 404 2802 est
426 2740 538 2802 statim
560 2737 672 2804 tollere
701 2739 865 2806 mendum.
913 2738 1157 2806 Confunduntur
1179 2741 1264 2803 inter
1287 2760 1321 2804 se
1343 2755 1406 2822 pas-

223 2846 286 2908 sim
309 2841 403 2916 δόξειν
426 2881 470 2892 -
495 2841 619 2922 δείξειν,
645 2843 734 2923 ἔδοξα
759 2883 801 2894 -
827 2844 948 2924 ἔδειξα,
973 2845 1179 2927 δεδόχθαι-
1201 2845 1355 2924 δεδεῖχθαι
1379 2843 1408 2905 et
1506 2873 1507 2878 ¹

223 2953 296 3015 sim.
340 2949 521 3016 sexcenties
551 2952 586 3016 id
616 2951 700 3016 mihi
730 2954 764 3016 in
795 2952 886 3018 libris
909 2951 988 3017 Mss.
1014 2953 1218 3018 observatum
1241 2958 1290 3016 est
1314 2951 1408 3015 etiam

222 3055 308 3140 apud
329 3054 587 3121 Demosthenem.
625 3054 673 3123 Of.
705 3057 775 3122 Ver.
803 3059 897 3122 Beett.
922 3077 995 3143 pag.
1023 3055 1099 3122 125.
1146 3057 1214 3123 lam
1242 3057 1300 3121 lux
1323 3052 1408 3120 afful-

222 3169 290 3248 get:
323 3159 442 3236 δόξαιεν
472 3161 702 3228 Demosthenes
729 3164 868 3240 dixerat,
901 3183 963 3227 uon
986 3162 1126 3240 δεόξαιεν.
1173 3162 1295 3229 Eadem
1318 3179 1409 3246 opera

222 3272 377 3332 corrector
400 3273 526 3332 tenatur
548 3268 668 3333 fraudis
691 3270 888 3334 manifestus.
935 3269 1053 3333 Fuerat
1074 3267 1169 3333 oh'm:
1195 3269 1227 3332 οὐ
1248 3267 1338 3345 μόνον
1359 3267 1408 3330 οὐκ

223 3371 261 3437 όιν
284 3375 490 3450 εἰσενέγκαιεν
515 3375 590 3438 αλλ’
614 3373 674 3439 οὐδ’
699 3373 737 3440 όιν
759 3373 875 3450 δόξαιεν
900 3375 1077 3448 κεκτῆσθαι.
1126 3371 1209 3453 Quid
1232 3375 1340 3437 notius
1364 3373 1409 3435 est

222 3499 318 3563 quam
349 3481 382 3542 οὐ
414 3480 510 3544 δοκεῖν
540 3501 596 3565 pro
619 3481 808 3545 dissimulare
816 3482 835 3546 ό
871 3504 952 3558 ,αοιο
975 3487 1090 3544 tantum
1112 3478 1244 3566 (inquit)
1270 3479 1410 3542 όν-όόιιόιινν

222 3605 282 3646 νοοιο
305 3586 477 3669 conferrent
499 3587 552 3648 sed
570 3587 658 3650 οόόονι
682 3610 749 3670 open
771 3610 841 3651 ιιιαο
864 3585 1115 3650 όόοοόιιοιιόονονοό.”
1161 3584 1320 3669 Pauperes
1344 3601 1409 3647 esse

223 3709 256 3753 se
279 3687 440 3776 fingebant
462 3694 495 3754 et
518 3692 640 3756 tributo
663 3692 790 3758 ferendo
814 3713 876 3758 non
900 3712 978 3758 esse.
1011 3691 1146 3756 Factum
1170 3694 1218 3754 est
1236 3695 1276 3753 ut
1294 3689 1409 3766 δόξαιεν

220 3796 256 3858 in
286 3794 416 3871 δεόξαιεν
446 3801 642 3862 mutaretur:
675 3798 787 3865 deinde
817 3799 922 3864 neseio
952 3799 1023 3882 quis
1054 3796 1177 3862 addidit
1208 3795 1247 3861 de
1270 3816 1326 3861 suo
1349 3794 1399 3858 οὐδ

222 3899 260 3964 όιν
284 3899 517 3977 όμολονόσαιεν.
861 3883 863 3888 ’

265 4113 346 4200 Peg.
362 4111 437 4177 186.
459 4110 491 4178 6.
515 4109 579 4178 οἶδε
600 4115 655 4193 μὲν
676 4118 740 4195 γόιρ
754 4117 821 4201 (rex
844 4115 1026 4203 Persarum)
1040 4117 1233 4189 ΔΙΑκοσόαιο
1254 4115 1409 4196 τριήρεσιν,

223 4215 260 4283 ὧν
285 4219 394 4282 ἑκατὸν
418 4219 629 4299 παρεσχόμεθ’
663 4223 767 4298 ἡμεῖς,
794 4223 863 4294 τοὺς
889 4222 1049 4303 προγόνους
1074 4223 1169 4287 αὐτοῦ
1193 4222 1304 4303 χιλίας
1332 4218 1410 4282 οόπο-

222 4323 379 4400 λε’σαντας
404 4330 498 4403 ναῦς,
523 4327 691 4391 οόιιοόσεται
716 4326 746 4392 δὲ
771 4329 972 4402 ΤΡΙακοσόας
997 4329 1109 4401 αὐτοὺς
1134 4331 1218 4406 ἡμᾶς
1244 4331 1294 4393 νῦν
1316 4346 1409 4404 παρε-
