3080 4972
765 217 827 270 vm

197 389 308 485 itaque
337 394 394 463 ulii
424 392 523 460 stulte
546 389 623 458 ιὶλῶι
647 385 879 480 delegabant,
904 387 988 456 alius
1007 387 1135 455 corrasit
1157 386 1280 456 scilicet
1307 384 1390 454 idac

198 516 254 593 cle.
299 516 384 585 'Puto
414 514 536 582 latebat
565 511 713 596 Ἁλῴοις,
746 511 831 598 quod
862 508 947 599 apu'd
972 508 1174 598 Hesychium
1199 514 1232 577 et
1254 509 1334 577 alios
1357 511 1393 574 in

197 641 307 708 ‘Asta
330 638 539 726 depravatum
563 639 622 702 est.

246 761 392 831 Smunda
413 779 546 848 persona
564 757 736 826 verborum
759 757 793 820 in
817 791 837 805 -
849 777 924 833 ιμιιι
945 755 1029 840 apud
1047 753 1295 820 Demosthenem
1317 774 1394 840 quo-

201 905 263 974 que
295 886 347 972 (ut
380 883 464 971 apud
499 901 608 947 omnes
642 877 846 966 antiquiores)
878 879 912 941 in
943 913 963 927 -
977 884 1015 941 el
1046 877 1163 943 exibat.
1212 875 1394 942 sexcenties

200 1011 348 1094 corrupta
369 1006 403 1070 in
428 1012 503 1069 -Hl
528 1007 637 1068 tamen
660 996 857 1085 saepiuscule
879 1000 913 1064 in
936 996 959 1062 S
980 1018 1057 1066 vera
1075 997 1177 1064 iorma
1195 999 1229 1064 in
1252 1021 1310 1062 -ει
1330 1018 1393 1064 ser·

200 1134 277 1199 vata
300 1131 357 1194 ost.
403 1121 586 1192 Dindorfius
607 1141 692 1188 nunc
713 1120 844 1207 quidem
867 1119 943 1186 fecit
966 1118 1049 1206 quod
1071 1122 1106 1185 in
1128 1117 1187 1185 tuli
1210 1138 1393 1207 resemper

203 1257 251 1318 est
273 1247 468 1317 faciendum.
515 1244 581 1312 Ubi
604 1242 704 1311 semel
726 1244 756 1310 ei
779 1243 923 1309 constitit
941 1239 1190 1307 Demosthenem
1209 1239 1261 1306 his
1280 1239 1393 1306 formis

201 1393 268 1441 esse
291 1390 387 1438 usum
410 1389 462 1436 eas
484 1367 604 1453 ubique
625 1365 778 1432 restitnit.
1481 1459 1484 1464 ἣ

245 1491 378 1560 Ostendi
408 1488 578 1576 aliquando
608 1487 726 1554 formas
756 1490 879 1554 ueteres
910 1481 1005 1568 ήμει,
1040 1481 1094 1568 ήτε
1118 1489 1150 1551 et
1174 1481 1252 1565 ήσιιι
1277 1490 1392 1549 ισιιιιιιιι

199 1639 258 1682 ιιοιι
287 1613 396 1701 ubique
417 1610 566 1678 inlibris
588 1630 655 1676 esse
678 1612 840 1694 corruptas
863 1609 897 1672 in
921 1605 1030 1690 ήεμει,
1055 1606 1125 1690 ήετε
1149 1612 1182 1673 et
1205 1605 1314 1689 ήεσοιι,
1337 1604 1393 1673 vel

198 1740 233 1807 in
256 1733 346 1818 ήμει,
373 1731 428 1812 ήτε
449 1738 482 1821 et
505 1729 593 1809 ήσοιι.
640 1727 822 1798 Dindorfius
843 1728 927 1795 vidit
945 1727 979 1794 id
998 1749 1074 1808 esso,
1087 1748 1201 1796 verum
1220 1733 1254 1794 et
1271 1727 1392 1813 ubique

199 1879 297 1928 usum
320 1861 488 1946 antiquum
510 1856 690 1934 revocavit,
715 1852 770 1919 sed
792 1851 879 1918 idem
901 1854 936 1917 in
955 1849 1043 1937 aliis,
1061 1851 1120 1916 ubi
1138 1850 1249 1917 eadem
1269 1854 1318 1916 est
1335 1858 1392 1926 τῆς

201 1981 375 2061 ἀντιλογίας
414 1975 626 2062 eratenim,
661 1973 848 2041 instabilem
877 1977 910 2039 et
938 1971 1059 2039 fluxum
1090 1972 1266 2040 scribarum
1296 1969 1393 2038 fidem

201 2104 355 2190 sequitur.

246 2222 283 2292 Si
310 2224 382 2310 quis
404 2223 550 2310 ingentes
574 2217 824 2305 discrepantium
846 2217 1076 2303 scripturarum
1101 2237 1228 2286 acervos
1251 2216 1393 2305 undiquc

201 2350 367 2435 congestos
388 2344 490 2410 obiter
508 2341 715 2428 spectaverit,
736 2337 829 2406 facile
848 2337 979 2406 inducet
997 2341 1188 2407 inanimum
1199 2341 1391 2406 immensam

200 2487 268 2534 cese
298 2466 380 2534 hano
409 2463 583 2531 lectionum
610 2460 855 2528 multitudinem
877 2466 910 2527 et
931 2460 1091 2528 infinitam
1116 2465 1261 2549 copiam,
1287 2462 1394 2529 sedai

200 2586 261 2656 hoc
301 2589 405 2678 egerit
443 2587 592 2652 continuo
624 2582 787 2670 apparebit
821 2582 931 2649 eadem
967 2585 1085 2670 ubique
1120 2585 1277 2651 scribendi
1312 2586 1394 2652 vitia

133 2694 135 2698 ’
201 2711 375 2778 sexcenties
398 2707 483 2796 apud
505 2727 616 2774 omnes
639 2689 864 2794 esse'repetita
887 2709 919 2771 et
940 2703 1164 2792 plerorumque
1184 2704 1308 2772 nullam
1327 2726 1394 2772 om·

200 2836 277 2900 nino
306 2832 463 2899 rationem
493 2829 604 2896 haberi
632 2833 783 2915 oportere.
830 2825 983 2908 Μοριιήιιιι
1015 2829 1065 2914 (nt
1094 2829 1154 2896 hoc
1189 2833 1274 2910 utar)
1308 2825 1417 2916 opud

201 2971 312 3021 omnes
330 2952 445 3019 iisdem
469 2952 574 3019 modis
595 2954 745 3037 peccetur
766 2952 800 3015 in
823 2950 1101 3016 terminationibus
1118 2951 1301 3019 verborum.
1348 2949 1395 3016 Ut

200 3077 237 3143 in
265 3095 329 3142 uno
356 3074 454 3144 verbo
483 3072 577 3161 quale
606 3072 641 3139 id
671 3074 714 3138 sit
744 3070 926 3150 ostendam,
958 3071 1042 3137 nulli
1071 3076 1147 3137 sunt
1172 3068 1303 3138 (lodices
1325 3076 1395 3138 tam

202 3199 327 3285 antiqui
349 3203 382 3264 et
404 3197 480 3264 boni
503 3195 561 3262 ubi
580 3213 644 3261 non
666 3195 750 3260 inter
771 3214 805 3260 se
827 3192 942 3260 stolide
964 3196 1216 3282 permisceantur

288 3389 290 3396 ,
384 3326 481 3402 ποιεῖς
499 3352 542 3367 -·
555 3323 656 3400 ποιής.
681 3321 786 3389 ποιοῖς.
812 3314 937 3394 ποιοήιις.
997 3329 1014 3366 ¹·-

385 3445 469 3507 ποιοῖ
482 3473 526 3490 --
545 3445 627 3521 ποιή.
652 3444 741 3504 ποιοῖ.
768 3437 877 3513 ποιοήιι.

385 3568 468 3628 ποιοῖ
489 3558 640 3650 (secunda
661 3558 805 3649 persona)
825 3596 867 3610 —
884 3569 966 3644 cosp.
993 3565 1100 3635 ποιεῖς.

386 3682 566 3758 ποιήσει-
583 3680 704 3764 ποιήσή.
728 3681 864 3757 ποιήσοιι.
889 3681 1033 3759 ποιήσειε.

386 3803 529 3880 ποιήσετε
547 3837 589 3854 -·
607 3804 771 3883 τοιήσιιτε,
797 3803 969 3880 ποιήσοιτο.

386 3924 542 4003 ποιήσουσι
560 3962 602 3976 -
620 3927 776 4003 ποιήσωσι.

248 4043 405 4117 Similiter
426 4049 461 4114 in
482 4046 670 4130 ποιησόμεθα
676 4097 686 4128 ,
711 4048 893 4128 ποιήσεσθε,
917 4047 1101 4126 τοιήσοιτοιι.

383 4170 557 4247 ποιήσετΑῙ
572 4207 617 4222 -
637 4171 799 4247 ποιήσετε.
825 4173 998 4248 ποιήσιιιτε.

381 4295 582 4376 ποιήσοντες.
607 4303 813 4373 ποιήσομειοι
831 4331 875 4344 -
891 4292 1093 4371 ποιήσΑιτεο.
1117 4302 1336 4374 ποιήσΑμειοι.
