<?xml version="1.0" encoding="UTF-8"?>
<!DOCTYPE html PUBLIC "-//W3C//DTD XHTML 1.0 Transitional//EN"
    "http://www.w3.org/TR/xhtml1/DTD/xhtml1-transitional.dtd">
<html xmlns="http://www.w3.org/1999/xhtml" xml:lang="en" lang="en">
 <head>
  <title>
</title>
<meta http-equiv="Content-Type" content="text/html;charset=utf-8" />
  <meta name='ocr-system' content='tesseract 3.04.00' />
  <meta name='ocr-capabilities' content='ocr_page ocr_carea ocr_par ocr_line ocrx_word'/>
</head>
<body>
  <div class='ocr_page' id='page_1' title='image "./miscellaneacrit02cobegoog_0226.png"; bbox 0 0 3034 4970; ppageno 0'>
   <div class='ocr_carea' id='block_1_1' title="bbox 789 221 857 290">
    <p class='ocr_par' dir='ltr' id='par_1_1' title="bbox 789 221 857 290">
     <span class='ocr_line' id='line_1_1' title="bbox 789 221 857 290; baseline 0 0"><span class='ocrx_word' id='word_1_1' title='bbox 789 221 857 290; x_wconf 81' lang='lat'><strong>204</strong></span> 
     </span>
    </p>
   </div>
   <div class='ocr_carea' id='block_1_2' title="bbox 223 411 1403 1350">
    <p class='ocr_par' dir='ltr' id='par_1_2' title="bbox 223 411 1399 611">
     <span class='ocr_line' id='line_1_2' title="bbox 269 411 1399 502; baseline -0.005 -20"><span class='ocrx_word' id='word_1_2' title='bbox 269 413 437 482; x_wconf 87' lang='lat' dir='ltr'><strong>Praeterea</strong></span> <span class='ocrx_word' id='word_1_3' title='bbox 458 435 515 502; x_wconf 90' lang='lat' dir='ltr'><strong>pro</strong></span> <span class='ocrx_word' id='word_1_4' title='bbox 534 412 659 492; x_wconf 82' lang='grc' dir='ltr'><em>Ἰοθβας</em></span> <span class='ocrx_word' id='word_1_5' title='bbox 679 413 922 501; x_wconf 74' lang='grc' dir='ltr'><strong>ιι1ιὶοαοἸθβας</strong></span> <span class='ocrx_word' id='word_1_6' title='bbox 942 413 1176 502; x_wconf 90' lang='lat' dir='ltr'><strong>reponendum,</strong></span> <span class='ocrx_word' id='word_1_7' title='bbox 1198 417 1237 478; x_wconf 89' lang='lat' dir='ltr'><strong>ut</strong></span> <span class='ocrx_word' id='word_1_8' title='bbox 1254 413 1285 478; x_wconf 87' lang='lat' dir='ltr'><strong>et</strong></span> <span class='ocrx_word' id='word_1_9' title='bbox 1301 411 1399 490; x_wconf 80' lang='grc' dir='ltr'><em>Νομθς</em></span> 
     </span>
     <span class='ocr_line' id='line_1_3' title="bbox 223 526 445 611; baseline -0.005 -21"><span class='ocrx_word' id='word_1_10' title='bbox 223 543 280 611; x_wconf 88' lang='lat' dir='ltr'><strong>pro</strong></span> <span class='ocrx_word' id='word_1_11' title='bbox 303 526 445 601; x_wconf 75' lang='grc' dir='ltr'><strong>Νονροοῖς.</strong></span> 
     </span>
    </p>

    <p class='ocr_par' dir='ltr' id='par_1_3' title="bbox 223 624 1403 1350">
     <span class='ocr_line' id='line_1_4' title="bbox 269 624 1402 717; baseline 0.002 -22"><span class='ocrx_word' id='word_1_12' title='bbox 269 629 385 717; x_wconf 82' lang='lat' dir='ltr'>Bogud</span> <span class='ocrx_word' id='word_1_13' title='bbox 415 649 433 694; x_wconf 90' lang='lat' dir='ltr'><strong>a</strong></span> <span class='ocrx_word' id='word_1_14' title='bbox 463 627 565 695; x_wconf 90' lang='lat' dir='ltr'><strong>Dione</strong></span> <span class='ocrx_word' id='word_1_15' title='bbox 598 626 706 696; x_wconf 78' lang='lat' dir='ltr'><strong>Cassio</strong></span> <span class='ocrx_word' id='word_1_16' title='bbox 738 628 876 708; x_wconf 73' lang='grc' dir='ltr'><em>Βονοθας</em></span> <span class='ocrx_word' id='word_1_17' title='bbox 900 630 1098 713; x_wconf 87' lang='lat' dir='ltr'><strong>nominatur,</strong></span> <span class='ocrx_word' id='word_1_18' title='bbox 1122 632 1161 693; x_wconf 89' lang='lat' dir='ltr'><strong>ut</strong></span> <span class='ocrx_word' id='word_1_19' title='bbox 1185 625 1241 693; x_wconf 88' lang='grc'><strong>41.</strong></span> <span class='ocrx_word' id='word_1_20' title='bbox 1267 624 1318 691; x_wconf 80' lang='grc'><strong>42.</strong></span> <span class='ocrx_word' id='word_1_21' title='bbox 1341 624 1402 705; x_wconf 76' lang='grc' dir='ltr'><em>πρὸς</em></span> 
     </span>
     <span class='ocr_line' id='line_1_5' title="bbox 224 730 1402 818; baseline -0.007 -15"><span class='ocrx_word' id='word_1_22' title='bbox 224 741 278 803; x_wconf 80' lang='grc' dir='ltr'><strong>τοῦ</strong></span> <span class='ocrx_word' id='word_1_23' title='bbox 301 736 453 816; x_wconf 79' lang='grc' dir='ltr'><em>Καίσαρος</em></span> <span class='ocrx_word' id='word_1_24' title='bbox 478 772 522 786; x_wconf 92' lang='lat'><em>-</em></span> <span class='ocrx_word' id='word_1_25' title='bbox 545 730 563 799; x_wconf 83' lang='grc' dir='ltr'><em>θ</em></span> <span class='ocrx_word' id='word_1_26' title='bbox 583 761 619 800; x_wconf 88' lang='grc' dir='ltr'><strong>τε</strong></span> <span class='ocrx_word' id='word_1_27' title='bbox 641 735 759 818; x_wconf 79' lang='grc' dir='ltr'><em>Βθαχος</em></span> <span class='ocrx_word' id='word_1_28' title='bbox 784 735 836 799; x_wconf 70' lang='grc' dir='ltr'><strong>καὶ</strong></span> <span class='ocrx_word' id='word_1_29' title='bbox 859 735 872 800; x_wconf 84' lang='grc' dir='ltr'><em>θ</em></span> <span class='ocrx_word' id='word_1_30' title='bbox 894 738 1033 814; x_wconf 75' lang='grc' dir='ltr'><em>Βογοθας</em></span> <span class='ocrx_word' id='word_1_31' title='bbox 1052 734 1198 812; x_wconf 83' lang='grc' dir='ltr'><em>βασιλεῖς</em></span> <span class='ocrx_word' id='word_1_32' title='bbox 1220 770 1262 782; x_wconf 87' lang='grc'>-</span> <span class='ocrx_word' id='word_1_33' title='bbox 1284 730 1402 810; x_wconf 74' lang='lat' dir='ltr'><strong>dicaris·</strong></span> 
     </span>
     <span class='ocr_line' id='line_1_6' title="bbox 224 836 1403 926; baseline -0.007 -17"><span class='ocrx_word' id='word_1_34' title='bbox 224 847 329 919; x_wconf 89' lang='grc' dir='ltr'><em>θηοαν.</em></span> <span class='ocrx_word' id='word_1_35' title='bbox 376 843 520 908; x_wconf 89' lang='lat' dir='ltr'><strong>Bocchus</strong></span> <span class='ocrx_word' id='word_1_36' title='bbox 549 863 606 908; x_wconf 84' lang='lat' dir='ltr'><strong>rex</strong></span> <span class='ocrx_word' id='word_1_37' title='bbox 628 847 696 908; x_wconf 91' lang='lat' dir='ltr'><strong>erat</strong></span> <span class='ocrx_word' id='word_1_38' title='bbox 718 841 932 908; x_wconf 77' lang='lat' dir='ltr'><strong>Mauritaniae</strong></span> <span class='ocrx_word' id='word_1_39' title='bbox 956 839 1184 924; x_wconf 76' lang='lat' dir='ltr'><strong>Caesariensis,</strong></span> <span class='ocrx_word' id='word_1_40' title='bbox 1209 838 1323 926; x_wconf 80' lang='lat' dir='ltr'>Bogud</span> <span class='ocrx_word' id='word_1_41' title='bbox 1340 836 1403 902; x_wconf 78' lang='lat' dir='ltr'><strong>&#39;lin-</strong></span> 
     </span>
     <span class='ocr_line' id='line_1_7' title="bbox 224 943 1403 1038; baseline -0.006 -23"><span class='ocrx_word' id='word_1_42' title='bbox 224 953 373 1038; x_wconf 79' lang='lat' dir='ltr'><strong>gitsnae,</strong></span> <span class='ocrx_word' id='word_1_43' title='bbox 399 969 479 1035; x_wconf 90' lang='lat' dir='ltr'><strong>quae</strong></span> <span class='ocrx_word' id='word_1_44' title='bbox 502 955 535 1015; x_wconf 88' lang='lat' dir='ltr'><strong>et</strong></span> <span class='ocrx_word' id='word_1_45' title='bbox 556 949 746 1037; x_wconf 81' lang='lat' dir='ltr'><strong>Bogudiana</strong></span> <span class='ocrx_word' id='word_1_46' title='bbox 768 948 940 1014; x_wconf 85' lang='lat' dir='ltr'><strong>dicebatur.</strong></span> <span class='ocrx_word' id='word_1_47' title='bbox 987 947 1073 1012; x_wconf 88' lang='lat' dir='ltr'><strong>Plin.</strong></span> <span class='ocrx_word' id='word_1_48' title='bbox 1097 946 1138 1010; x_wconf 89' lang='lat' dir='ltr'><strong>H.</strong></span> <span class='ocrx_word' id='word_1_49' title='bbox 1166 945 1208 1012; x_wconf 92' lang='lat' dir='ltr'><strong>N.</strong></span> <span class='ocrx_word' id='word_1_50' title='bbox 1232 944 1271 1010; x_wconf 89' lang='lat' dir='ltr'><strong>V.</strong></span> <span class='ocrx_word' id='word_1_51' title='bbox 1298 944 1328 1010; x_wconf 79' lang='grc'><strong>2.</strong></span> <span class='ocrx_word' id='word_1_52' title='bbox 1364 943 1403 1008; x_wconf 90' lang='lat' dir='ltr'><strong>De</strong></span> 
     </span>
     <span class='ocr_line' id='line_1_8' title="bbox 223 1047 1403 1143; baseline -0.008 -22"><span class='ocrx_word' id='word_1_53' title='bbox 223 1055 358 1143; x_wconf 82' lang='lat' dir='ltr'><strong>Bogude</strong></span> <span class='ocrx_word' id='word_1_54' title='bbox 387 1057 427 1120; x_wconf 88' lang='lat' dir='ltr'><strong>sb</strong></span> <span class='ocrx_word' id='word_1_55' title='bbox 457 1057 602 1143; x_wconf 78' lang='lat' dir='ltr'><strong>Agrippa</strong></span> <span class='ocrx_word' id='word_1_56' title='bbox 624 1056 727 1120; x_wconf 83' lang='lat' dir='ltr'><strong>occiso</strong></span> <span class='ocrx_word' id='word_1_57' title='bbox 749 1057 785 1120; x_wconf 90' lang='lat' dir='ltr'><strong>in</strong></span> <span class='ocrx_word' id='word_1_58' title='bbox 806 1053 891 1121; x_wconf 86' lang='lat' dir='ltr'><strong>bello</strong></span> <span class='ocrx_word' id='word_1_59' title='bbox 911 1055 1042 1119; x_wconf 87' lang='lat' dir='ltr'><strong>Actiaco</strong></span> <span class='ocrx_word' id='word_1_60' title='bbox 1064 1052 1176 1118; x_wconf 84' lang='lat' dir='ltr'><strong>scribit</strong></span> <span class='ocrx_word' id='word_1_61' title='bbox 1198 1051 1262 1117; x_wconf 90' lang='lat' dir='ltr'><strong>Dio</strong></span> <span class='ocrx_word' id='word_1_62' title='bbox 1287 1048 1338 1116; x_wconf 83' lang='lat'><strong>50.</strong></span> <span class='ocrx_word' id='word_1_63' title='bbox 1359 1047 1403 1114; x_wconf 92' lang='grc'><strong>11.</strong></span> 
     </span>
     <span class='ocr_line' id='line_1_9' title="bbox 225 1157 1403 1246; baseline -0.003 -20"><span class='ocrx_word' id='word_1_64' title='bbox 225 1161 240 1226; x_wconf 89' lang='grc' dir='ltr'><em>θ</em></span> <span class='ocrx_word' id='word_1_65' title='bbox 269 1161 451 1242; x_wconf 72' lang='grc' dir='ltr'><em>Ἀγρίππας</em></span> <span class='ocrx_word' id='word_1_66' title='bbox 483 1163 537 1234; x_wconf 76' lang='grc' dir='ltr'><strong>την</strong></span> <span class='ocrx_word' id='word_1_67' title='bbox 568 1161 712 1235; x_wconf 76' lang='grc' dir='ltr'><em>Μεθώνην</em></span> <span class='ocrx_word' id='word_1_68' title='bbox 743 1163 791 1242; x_wconf 89' lang='lat' dir='ltr'><strong>(in</strong></span> <span class='ocrx_word' id='word_1_69' title='bbox 820 1159 929 1226; x_wconf 84' lang='lat' dir='ltr'><strong>littore</strong></span> <span class='ocrx_word' id='word_1_70' title='bbox 961 1158 1149 1246; x_wconf 81' lang='lat' dir='ltr'><strong>Messeniae)</strong></span> <span class='ocrx_word' id='word_1_71' title='bbox 1184 1158 1219 1222; x_wconf 84' lang='grc' dir='ltr'><strong>ἐκ</strong></span> <span class='ocrx_word' id='word_1_72' title='bbox 1243 1157 1403 1238; x_wconf 76' lang='grc' dir='ltr'><em>προσβολῆς</em></span> 
     </span>
     <span class='ocr_line' id='line_1_10' title="bbox 224 1265 893 1350; baseline -0.004 -16"><span class='ocrx_word' id='word_1_73' title='bbox 224 1269 333 1347; x_wconf 74' lang='grc' dir='ltr'><em>λαβὼν</em></span> <span class='ocrx_word' id='word_1_74' title='bbox 356 1267 407 1331; x_wconf 80' lang='grc' dir='ltr'><strong>τὸν</strong></span> <span class='ocrx_word' id='word_1_75' title='bbox 431 1267 568 1346; x_wconf 73' lang='grc' dir='ltr'><em>Βογοθαν</em></span> <span class='ocrx_word' id='word_1_76' title='bbox 594 1268 623 1333; x_wconf 86' lang='grc' dir='ltr'><strong>ἕν</strong></span> <span class='ocrx_word' id='word_1_77' title='bbox 646 1269 727 1350; x_wconf 71' lang='grc' dir='ltr'><em>αὐτῇ</em></span> <span class='ocrx_word' id='word_1_78' title='bbox 752 1265 893 1332; x_wconf 81' lang='grc' dir='ltr'><em>ἔκτεινεν.</em></span> 
     </span>
    </p>
   </div>
   <div class='ocr_carea' id='block_1_3' title="bbox 271 1473 1404 1566">
    <p class='ocr_par' dir='ltr' id='par_1_4' title="bbox 271 1473 1404 1566">
     <span class='ocr_line' id='line_1_11' title="bbox 271 1473 1404 1566; baseline -0.004 -22"><span class='ocrx_word' id='word_1_79' title='bbox 271 1479 351 1566; x_wconf 78' lang='lat' dir='ltr'><strong>Peg.</strong></span> <span class='ocrx_word' id='word_1_80' title='bbox 376 1476 452 1544; x_wconf 87' lang='lat'><strong>833.</strong></span> <span class='ocrx_word' id='word_1_81' title='bbox 478 1478 530 1544; x_wconf 81' lang='lat' dir='ltr'><strong>sai</strong></span> <span class='ocrx_word' id='word_1_82' title='bbox 552 1479 615 1560; x_wconf 72' lang='lat' dir='ltr'><strong>ydp</strong></span> <span class='ocrx_word' id='word_1_83' title='bbox 639 1479 674 1555; x_wconf 69' lang='lat' dir='ltr'><strong>si</strong></span> <span class='ocrx_word' id='word_1_84' title='bbox 699 1479 751 1545; x_wconf 75' lang='lat' dir='ltr'><strong>cci</strong></span> <span class='ocrx_word' id='word_1_85' title='bbox 775 1475 861 1554; x_wconf 78' lang='grc' dir='ltr'><em>οὗτος</em></span> <span class='ocrx_word' id='word_1_86' title='bbox 884 1478 1080 1566; x_wconf 81' lang='lat' dir='ltr'><strong>(Masinissa)</strong></span> <span class='ocrx_word' id='word_1_87' title='bbox 1100 1477 1162 1546; x_wconf 74' lang='lat' dir='ltr'><strong>isis</strong></span> <span class='ocrx_word' id='word_1_88' title='bbox 1182 1477 1196 1541; x_wconf 84' lang='grc' dir='ltr'><em>θ</em></span> <span class='ocrx_word' id='word_1_89' title='bbox 1216 1477 1287 1550; x_wconf 79' lang='grc' dir='ltr'><em>τοὺς</em></span> <span class='ocrx_word' id='word_1_90' title='bbox 1308 1473 1404 1556; x_wconf 83' lang='grc' dir='ltr'><em>Νομοθ·</em></span> 
     </span>
    </p>
   </div>
   <div class='ocr_carea' id='block_1_4' title="bbox 115 1583 1404 1666">
    <p class='ocr_par' dir='ltr' id='par_1_5' title="bbox 115 1583 1404 1666">
     <span class='ocr_line' id='line_1_12' title="bbox 115 1583 1404 1666; baseline -0.005 -14"><span class='ocrx_word' id='word_1_91' title='bbox 115 1596 120 1603; x_wconf 90' lang='grc'><strong>’</strong></span> <span class='ocrx_word' id='word_1_92' title='bbox 226 1586 283 1660; x_wconf 74' lang='grc' dir='ltr'><strong>δας</strong></span> <span class='ocrx_word' id='word_1_93' title='bbox 326 1586 501 1658; x_wconf 85' lang='grc' dir='ltr'><em>πολιτικοὺς</em></span> <span class='ocrx_word' id='word_1_94' title='bbox 542 1586 787 1658; x_wconf 66' lang='grc' dir='ltr'><strong>κατασκευάσας</strong></span> <span class='ocrx_word' id='word_1_95' title='bbox 824 1585 875 1650; x_wconf 75' lang='grc' dir='ltr'><strong>καὶ</strong></span> <span class='ocrx_word' id='word_1_96' title='bbox 911 1583 1081 1666; x_wconf 70' lang='grc' dir='ltr'><em>γεωργούς,</em></span> <span class='ocrx_word' id='word_1_97' title='bbox 1118 1583 1163 1649; x_wconf 84' lang='grc' dir='ltr'><strong>ἔτι</strong></span> <span class='ocrx_word' id='word_1_98' title='bbox 1197 1585 1224 1649; x_wconf 79' lang='grc' dir='ltr'><strong>δ’</strong></span> <span class='ocrx_word' id='word_1_99' title='bbox 1259 1584 1327 1649; x_wconf 72' lang='lat' dir='ltr'><strong>dcci</strong></span> <span class='ocrx_word' id='word_1_100' title='bbox 1359 1587 1404 1647; x_wconf 81' lang='grc' dir='ltr'><strong>τοῦ</strong></span> 
     </span>
    </p>
   </div>
   <div class='ocr_carea' id='block_1_5' title="bbox 225 1690 1418 4331">
    <p class='ocr_par' dir='ltr' id='par_1_6' title="bbox 225 1690 1418 4331">
     <span class='ocr_line' id='line_1_13' title="bbox 226 1690 1405 1774; baseline -0.005 -15"><span class='ocrx_word' id='word_1_101' title='bbox 226 1700 491 1760; x_wconf 75' lang='grc' dir='ltr'><strong>ΛΗΙΟΤΕΎΕΙΝ</strong></span> <span class='ocrx_word' id='word_1_102' title='bbox 523 1692 649 1772; x_wconf 75' lang='grc' dir='ltr'><em>θιθοθξας</em></span> <span class='ocrx_word' id='word_1_103' title='bbox 682 1693 851 1774; x_wconf 83' lang='grc' dir='ltr'><em>ςρατεθειν.</em></span> <span class='ocrx_word' id='word_1_104' title='bbox 894 1690 984 1756; x_wconf 77' lang='grc' dir='ltr'><em>’Ίθιον</em></span> <span class='ocrx_word' id='word_1_105' title='bbox 1015 1691 1078 1772; x_wconf 73' lang='grc' dir='ltr'><em>γοθρ</em></span> <span class='ocrx_word' id='word_1_106' title='bbox 1110 1715 1140 1757; x_wconf 91' lang='grc' dir='ltr'><strong>τι</strong></span> <span class='ocrx_word' id='word_1_107' title='bbox 1168 1699 1231 1765; x_wconf 83' lang='grc' dir='ltr'><em>τοῖς</em></span> <span class='ocrx_word' id='word_1_108' title='bbox 1256 1692 1405 1771; x_wconf 68' lang='grc' dir='ltr'><em>ἀνθρώποις</em></span> 
     </span>
     <span class='ocr_line' id='line_1_14' title="bbox 227 1796 1405 1881; baseline -0.003 -17"><span class='ocrx_word' id='word_1_109' title='bbox 227 1798 340 1877; x_wconf 78' lang='grc' dir='ltr'><em>συνέβη</em></span> <span class='ocrx_word' id='word_1_110' title='bbox 371 1798 506 1873; x_wconf 83' lang='grc' dir='ltr'><em>τούτοις·</em></span> <span class='ocrx_word' id='word_1_111' title='bbox 537 1799 643 1881; x_wconf 78' lang='grc' dir='ltr'><em>χώραν</em></span> <span class='ocrx_word' id='word_1_112' title='bbox 675 1801 737 1880; x_wconf 74' lang='grc' dir='ltr'><strong>γαρ</strong></span> <span class='ocrx_word' id='word_1_113' title='bbox 761 1800 911 1870; x_wconf 73' lang='grc' dir='ltr'><em>οἰκοῦντες</em></span> <span class='ocrx_word' id='word_1_114' title='bbox 934 1797 1101 1876; x_wconf 71' lang='grc' dir='ltr'><em>εὐδαίμονα</em></span> <span class='ocrx_word' id='word_1_115' title='bbox 1128 1799 1210 1873; x_wconf 77' lang='grc' dir='ltr'><em>πλην</em></span> <span class='ocrx_word' id='word_1_116' title='bbox 1233 1802 1288 1862; x_wconf 82' lang='grc' dir='ltr'><strong>τοῦ</strong></span> <span class='ocrx_word' id='word_1_117' title='bbox 1312 1796 1405 1878; x_wconf 81' lang='grc' dir='ltr'><em>θηρίοις</em></span> 
     </span>
     <span class='ocr_line' id='line_1_15' title="bbox 226 1901 1408 1986; baseline -0.006 -14"><span class='ocrx_word' id='word_1_118' title='bbox 226 1903 405 1986; x_wconf 84' lang='grc' dir='ltr'><em>πλεονοθζειν</em></span> <span class='ocrx_word' id='word_1_119' title='bbox 437 1906 586 1978; x_wconf 82' lang='grc' dir='ltr'><em>εὀθοαντες</em></span> <span class='ocrx_word' id='word_1_120' title='bbox 618 1908 806 1972; x_wconf 77' lang='grc' dir='ltr'><strong>ἕκΦΕΡΕΙΝ</strong></span> <span class='ocrx_word' id='word_1_121' title='bbox 837 1910 941 1970; x_wconf 81' lang='grc' dir='ltr'><em>ταῦτα</em></span> <span class='ocrx_word' id='word_1_122' title='bbox 972 1904 1025 1969; x_wconf 70' lang='grc' dir='ltr'><strong>καὶ</strong></span> <span class='ocrx_word' id='word_1_123' title='bbox 1058 1905 1112 1979; x_wconf 78' lang='grc' dir='ltr'><strong>την</strong></span> <span class='ocrx_word' id='word_1_124' title='bbox 1136 1912 1203 1983; x_wconf 70' lang='grc' dir='ltr'><strong>’γῆν</strong></span> <span class='ocrx_word' id='word_1_125' title='bbox 1235 1901 1408 1985; x_wconf 70' lang='grc' dir='ltr'><em>ἐργάζεσθαι</em></span> 
     </span>
     <span class='ocr_line' id='line_1_16' title="bbox 227 2009 1409 2096; baseline -0.004 -18"><span class='ocrx_word' id='word_1_126' title='bbox 227 2016 299 2094; x_wconf 85' lang='grc' dir='ltr'><em>μετ’</em></span> <span class='ocrx_word' id='word_1_127' title='bbox 331 2013 437 2087; x_wconf 59' lang='lat' dir='ltr'><strong>disiaci</strong></span> <span class='ocrx_word' id='word_1_128' title='bbox 471 2013 520 2076; x_wconf 75' lang='grc' dir='ltr'><strong>ἐπ’</strong></span> <span class='ocrx_word' id='word_1_129' title='bbox 553 2022 779 2079; x_wconf 74' lang='grc' dir='ltr'><strong>ΑΛΛΗΛΟΙΟ</strong></span> <span class='ocrx_word' id='word_1_130' title='bbox 808 2011 985 2096; x_wconf 78' lang='grc' dir='ltr'><em>ἐτρέποντο,</em></span> <span class='ocrx_word' id='word_1_131' title='bbox 1009 2012 1064 2086; x_wconf 77' lang='grc' dir='ltr'><strong>την</strong></span> <span class='ocrx_word' id='word_1_132' title='bbox 1087 2009 1119 2074; x_wconf 71' lang='grc' dir='ltr'><strong>δὲ</strong></span> <span class='ocrx_word' id='word_1_133' title='bbox 1144 2017 1204 2088; x_wconf 70' lang='grc' dir='ltr'><strong>γῆν</strong></span> <span class='ocrx_word' id='word_1_134' title='bbox 1227 2019 1291 2082; x_wconf 81' lang='grc' dir='ltr'><em>τοῖς</em></span> <span class='ocrx_word' id='word_1_135' title='bbox 1315 2009 1409 2090; x_wconf 82' lang='grc' dir='ltr'><em>θηρθοις</em></span> 
     </span>
     <span class='ocr_line' id='line_1_17' title="bbox 227 2113 1408 2201; baseline -0.006 -15"><span class='ocrx_word' id='word_1_136' title='bbox 227 2123 377 2201; x_wconf 76' lang='grc' dir='ltr'><em>οΞΦεῑοαν.</em></span> <span class='ocrx_word' id='word_1_137' title='bbox 426 2119 574 2184; x_wconf 85' lang='lat' dir='ltr'><strong>Primum</strong></span> <span class='ocrx_word' id='word_1_138' title='bbox 606 2119 776 2184; x_wconf 86' lang='lat' dir='ltr'><strong>manifesto</strong></span> <span class='ocrx_word' id='word_1_139' title='bbox 802 2118 991 2184; x_wconf 89' lang='lat' dir='ltr'><strong>mendosum</strong></span> <span class='ocrx_word' id='word_1_140' title='bbox 1017 2122 1065 2182; x_wconf 89' lang='lat' dir='ltr'><strong>est</strong></span> <span class='ocrx_word' id='word_1_141' title='bbox 1084 2113 1222 2198; x_wconf 78' lang='grc' dir='ltr'><em>ἐκφέρειν</em></span> <span class='ocrx_word' id='word_1_142' title='bbox 1247 2117 1291 2181; x_wconf 85' lang='grc' dir='ltr'><strong>τθι</strong></span> <span class='ocrx_word' id='word_1_143' title='bbox 1314 2115 1408 2195; x_wconf 86' lang='grc' dir='ltr'><em>θηρθα,</em></span> 
     </span>
     <span class='ocr_line' id='line_1_18' title="bbox 227 2223 1408 2312; baseline -0.006 -19"><span class='ocrx_word' id='word_1_144' title='bbox 227 2227 283 2294; x_wconf 92' lang='lat' dir='ltr'><strong>sed</strong></span> <span class='ocrx_word' id='word_1_145' title='bbox 311 2226 375 2292; x_wconf 88' lang='lat' dir='ltr'><strong>loci</strong></span> <span class='ocrx_word' id='word_1_146' title='bbox 406 2227 563 2290; x_wconf 80' lang='lat' dir='ltr'><strong>sententia</strong></span> <span class='ocrx_word' id='word_1_147' title='bbox 591 2229 623 2290; x_wconf 87' lang='lat' dir='ltr'><strong>et</strong></span> <span class='ocrx_word' id='word_1_148' title='bbox 645 2224 891 2312; x_wconf 83' lang='lat' dir='ltr'><strong>palaeographia</strong></span> <span class='ocrx_word' id='word_1_149' title='bbox 916 2223 1002 2290; x_wconf 84' lang='lat' dir='ltr'><strong>facili</strong></span> <span class='ocrx_word' id='word_1_150' title='bbox 1025 2223 1154 2310; x_wconf 82' lang='lat' dir='ltr'><strong>negotio</strong></span> <span class='ocrx_word' id='word_1_151' title='bbox 1177 2243 1290 2288; x_wconf 88' lang='lat' dir='ltr'><strong>veram</strong></span> <span class='ocrx_word' id='word_1_152' title='bbox 1311 2223 1408 2288; x_wconf 87' lang='lat' dir='ltr'><strong>lectio-</strong></span> 
     </span>
     <span class='ocr_line' id='line_1_19' title="bbox 225 2329 1410 2417; baseline -0.006 -18"><span class='ocrx_word' id='word_1_153' title='bbox 225 2353 301 2399; x_wconf 86' lang='lat' dir='ltr'><strong>nem</strong></span> <span class='ocrx_word' id='word_1_154' title='bbox 324 2331 522 2417; x_wconf 78' lang='lat' dir='ltr'><strong>patefacient.</strong></span> <span class='ocrx_word' id='word_1_155' title='bbox 571 2329 736 2396; x_wconf 77' lang='lat' dir='ltr'><strong>Sententia</strong></span> <span class='ocrx_word' id='word_1_156' title='bbox 758 2333 892 2416; x_wconf 86' lang='lat' dir='ltr'><strong>requirit</strong></span> <span class='ocrx_word' id='word_1_157' title='bbox 916 2331 1102 2412; x_wconf 70' lang='lat' dir='ltr'><strong>rescindere,</strong></span> <span class='ocrx_word' id='word_1_158' title='bbox 1123 2333 1291 2412; x_wconf 80' lang='lat' dir='ltr'><strong>catirparc,</strong></span> <span class='ocrx_word' id='word_1_159' title='bbox 1305 2329 1410 2414; x_wconf 76' lang='lat' dir='ltr'><strong>fricdi-</strong></span> 
     </span>
     <span class='ocr_line' id='line_1_20' title="bbox 226 2428 1410 2517; baseline -0.006 -12"><span class='ocrx_word' id='word_1_160' title='bbox 226 2447 275 2505; x_wconf 83' lang='lat' dir='ltr'><strong>tcs</strong></span> <span class='ocrx_word' id='word_1_161' title='bbox 298 2439 404 2502; x_wconf 76' lang='lat' dir='ltr'><strong>delere.</strong></span> <span class='ocrx_word' id='word_1_162' title='bbox 442 2435 597 2504; x_wconf 81' lang='lat' dir='ltr'><strong>Codicum</strong></span> <span class='ocrx_word' id='word_1_163' title='bbox 617 2458 694 2502; x_wconf 90' lang='lat' dir='ltr'><strong>usus</strong></span> <span class='ocrx_word' id='word_1_164' title='bbox 713 2438 804 2503; x_wconf 89' lang='lat' dir='ltr'><strong>docet</strong></span> <span class='ocrx_word' id='word_1_165' title='bbox 827 2439 1001 2503; x_wconf 82' lang='lat' dir='ltr'><strong>sexcenties</strong></span> <span class='ocrx_word' id='word_1_166' title='bbox 1024 2435 1126 2517; x_wconf 75' lang='grc' dir='ltr'><em>φέρειν</em></span> <span class='ocrx_word' id='word_1_167' title='bbox 1149 2428 1410 2516; x_wconf 59' lang='grc' dir='ltr'><em>οιφθείρεινοοο-</em></span> 
     </span>
     <span class='ocr_line' id='line_1_21' title="bbox 227 2539 1411 2630; baseline -0.004 -20"><span class='ocrx_word' id='word_1_168' title='bbox 227 2543 329 2610; x_wconf 88' lang='lat' dir='ltr'><strong>fundi.</strong></span> <span class='ocrx_word' id='word_1_169' title='bbox 364 2543 475 2630; x_wconf 89' lang='lat' dir='ltr'><strong>Itaque</strong></span> <span class='ocrx_word' id='word_1_170' title='bbox 494 2543 607 2609; x_wconf 78' lang='lat' dir='ltr'><strong>Strabo</strong></span> <span class='ocrx_word' id='word_1_171' title='bbox 632 2544 713 2609; x_wconf 81' lang='lat' dir='ltr'><strong>dixit</strong></span> <span class='ocrx_word' id='word_1_172' title='bbox 733 2545 928 2625; x_wconf 79' lang='grc' dir='ltr'><em>εἰιΦΘΕΙρειν</em></span> <span class='ocrx_word' id='word_1_173' title='bbox 947 2547 1062 2607; x_wconf 78' lang='grc' dir='ltr'><em>ταῦτα.</em></span> <span class='ocrx_word' id='word_1_174' title='bbox 1101 2539 1215 2606; x_wconf 77' lang='lat' dir='ltr'><strong>strabo</strong></span> <span class='ocrx_word' id='word_1_175' title='bbox 1235 2543 1411 2627; x_wconf 89' lang='lat' dir='ltr'><strong>saepissime</strong></span> 
     </span>
     <span class='ocr_line' id='line_1_22' title="bbox 228 2645 1411 2737; baseline -0.005 -21"><span class='ocrx_word' id='word_1_176' title='bbox 228 2670 265 2716; x_wconf 89' lang='lat' dir='ltr'><strong>ec</strong></span> <span class='ocrx_word' id='word_1_177' title='bbox 287 2651 383 2717; x_wconf 88' lang='lat' dir='ltr'><strong>verbo</strong></span> <span class='ocrx_word' id='word_1_178' title='bbox 405 2653 439 2715; x_wconf 88' lang='lat' dir='ltr'><strong>in</strong></span> <span class='ocrx_word' id='word_1_179' title='bbox 462 2650 521 2716; x_wconf 88' lang='lat' dir='ltr'><strong>tali</strong></span> <span class='ocrx_word' id='word_1_180' title='bbox 544 2671 577 2716; x_wconf 95' lang='lat' dir='ltr'><strong>re</strong></span> <span class='ocrx_word' id='word_1_181' title='bbox 599 2653 722 2726; x_wconf 87' lang='lat' dir='ltr'><strong>utitur,</strong></span> <span class='ocrx_word' id='word_1_182' title='bbox 746 2649 848 2717; x_wconf 86' lang='lat' dir='ltr'><strong>veluti</strong></span> <span class='ocrx_word' id='word_1_183' title='bbox 871 2671 945 2737; x_wconf 79' lang='lat' dir='ltr'><strong>pag.</strong></span> <span class='ocrx_word' id='word_1_184' title='bbox 970 2647 1049 2715; x_wconf 85' lang='lat'>814.</span> <span class='ocrx_word' id='word_1_185' title='bbox 1076 2645 1316 2728; x_wconf 69' lang='grc' dir='ltr'><em>ποθντααρθπον</em></span> <span class='ocrx_word' id='word_1_186' title='bbox 1342 2647 1411 2734; x_wconf 90' lang='lat' dir='ltr'><strong>(crc-</strong></span> 
     </span>
     <span class='ocr_line' id='line_1_23' title="bbox 228 2751 1413 2842; baseline -0.005 -20"><span class='ocrx_word' id='word_1_187' title='bbox 228 2755 383 2841; x_wconf 88' lang='lat' dir='ltr'><strong>codilum)</strong></span> <span class='ocrx_word' id='word_1_188' title='bbox 415 2757 628 2839; x_wconf 78' lang='grc' dir='ltr'><em>ὲαφθείρονοιν.</em></span> <span class='ocrx_word' id='word_1_189' title='bbox 674 2754 737 2821; x_wconf 81' lang='lat' dir='ltr'><strong>Sed</strong></span> <span class='ocrx_word' id='word_1_190' title='bbox 768 2761 909 2842; x_wconf 87' lang='lat' dir='ltr'><strong>superest</strong></span> <span class='ocrx_word' id='word_1_191' title='bbox 946 2754 1082 2821; x_wconf 86' lang='lat' dir='ltr'><strong>alterum</strong></span> <span class='ocrx_word' id='word_1_192' title='bbox 1113 2754 1281 2820; x_wconf 91' lang='lat' dir='ltr'><strong>mendum.</strong></span> <span class='ocrx_word' id='word_1_193' title='bbox 1337 2751 1413 2834; x_wconf 82' lang='lat' dir='ltr'><strong>Quid</strong></span> 
     </span>
     <span class='ocr_line' id='line_1_24' title="bbox 229 2857 1415 2942; baseline -0.004 -14"><span class='ocrx_word' id='word_1_194' title='bbox 229 2867 277 2929; x_wconf 86' lang='lat' dir='ltr'><strong>est</strong></span> <span class='ocrx_word' id='word_1_195' title='bbox 305 2864 354 2928; x_wconf 83' lang='grc' dir='ltr'><strong>ἐπ’</strong></span> <span class='ocrx_word' id='word_1_196' title='bbox 379 2864 527 2938; x_wconf 75' lang='grc' dir='ltr'><em>αλλήλοις</em></span> <span class='ocrx_word' id='word_1_197' title='bbox 552 2861 730 2942; x_wconf 65' lang='grc' dir='ltr'><em>ἐτρέποντοῖ</em></span> <span class='ocrx_word' id='word_1_198' title='bbox 764 2862 907 2929; x_wconf 85' lang='lat' dir='ltr'><strong>Dixisset</strong></span> <span class='ocrx_word' id='word_1_199' title='bbox 929 2867 1041 2928; x_wconf 83' lang='lat' dir='ltr'><strong>saltem</strong></span> <span class='ocrx_word' id='word_1_200' title='bbox 1066 2862 1115 2926; x_wconf 82' lang='grc' dir='ltr'><strong>ἐπ’</strong></span> <span class='ocrx_word' id='word_1_201' title='bbox 1142 2861 1313 2937; x_wconf 72' lang='grc' dir='ltr'><em>ἀλλήλους.</em></span> <span class='ocrx_word' id='word_1_202' title='bbox 1358 2857 1415 2925; x_wconf 79' lang='lat' dir='ltr'><strong>sed</strong></span> 
     </span>
     <span class='ocr_line' id='line_1_25' title="bbox 228 2967 1415 3049; baseline -0.005 -15"><span class='ocrx_word' id='word_1_203' title='bbox 228 2969 279 3035; x_wconf 77' lang='grc' dir='ltr'><strong>ἐπ’</strong></span> <span class='ocrx_word' id='word_1_204' title='bbox 310 2970 466 3046; x_wconf 68' lang='grc' dir='ltr'><em>ἀλλήλους</em></span> <span class='ocrx_word' id='word_1_205' title='bbox 497 2968 659 3049; x_wconf 80' lang='grc' dir='ltr'><em>τρέπεσθαι</em></span> <span class='ocrx_word' id='word_1_206' title='bbox 692 2971 731 3034; x_wconf 86' lang='lat' dir='ltr'><strong>ab</strong></span> <span class='ocrx_word' id='word_1_207' title='bbox 764 2970 824 3035; x_wconf 90' lang='lat' dir='ltr'><strong>hoc</strong></span> <span class='ocrx_word' id='word_1_208' title='bbox 854 2969 923 3035; x_wconf 86' lang='lat' dir='ltr'><strong>loco</strong></span> <span class='ocrx_word' id='word_1_209' title='bbox 955 2967 1188 3033; x_wconf 87' lang='lat' dir='ltr'><strong>alienissimum</strong></span> <span class='ocrx_word' id='word_1_210' title='bbox 1214 2972 1279 3032; x_wconf 88' lang='lat' dir='ltr'><strong>est:</strong></span> <span class='ocrx_word' id='word_1_211' title='bbox 1306 2967 1415 3032; x_wconf 83' lang='lat' dir='ltr'><strong>dicitur</strong></span> 
     </span>
     <span class='ocr_line' id='line_1_26' title="bbox 228 3072 1414 3160; baseline -0.008 -17"><span class='ocrx_word' id='word_1_212' title='bbox 228 3079 314 3143; x_wconf 90' lang='lat' dir='ltr'><strong>enim</strong></span> <span class='ocrx_word' id='word_1_213' title='bbox 338 3077 376 3141; x_wconf 92' lang='lat' dir='ltr'><strong>dc</strong></span> <span class='ocrx_word' id='word_1_214' title='bbox 397 3078 456 3154; x_wconf 89' lang='lat' dir='ltr'><strong>iis,</strong></span> <span class='ocrx_word' id='word_1_215' title='bbox 482 3078 537 3160; x_wconf 90' lang='lat' dir='ltr'><strong>qui</strong></span> <span class='ocrx_word' id='word_1_216' title='bbox 561 3081 653 3141; x_wconf 83' lang='lat' dir='ltr'><strong>antea</strong></span> <span class='ocrx_word' id='word_1_217' title='bbox 676 3078 836 3141; x_wconf 83' lang='lat' dir='ltr'><strong>coniuncti</strong></span> <span class='ocrx_word' id='word_1_218' title='bbox 860 3081 928 3140; x_wconf 90' lang='lat' dir='ltr'><strong>orta</strong></span> <span class='ocrx_word' id='word_1_219' title='bbox 947 3072 1102 3139; x_wconf 78' lang='lat' dir='ltr'><strong>discordia</strong></span> <span class='ocrx_word' id='word_1_220' title='bbox 1120 3074 1200 3138; x_wconf 82' lang='lat' dir='ltr'><strong>inter</strong></span> <span class='ocrx_word' id='word_1_221' title='bbox 1219 3096 1250 3137; x_wconf 87' lang='lat' dir='ltr'><strong>sc</strong></span> <span class='ocrx_word' id='word_1_222' title='bbox 1269 3076 1414 3157; x_wconf 73' lang='lat' dir='ltr'><strong>saeviant,</strong></span> 
     </span>
     <span class='ocr_line' id='line_1_27' title="bbox 227 3177 1416 3267; baseline -0.006 -19"><span class='ocrx_word' id='word_1_223' title='bbox 227 3185 322 3248; x_wconf 90' lang='lat' dir='ltr'><strong>utin</strong></span> <span class='ocrx_word' id='word_1_224' title='bbox 347 3182 431 3248; x_wconf 87' lang='lat' dir='ltr'><strong>bello</strong></span> <span class='ocrx_word' id='word_1_225' title='bbox 456 3181 556 3249; x_wconf 84' lang='lat' dir='ltr'><strong>civili.</strong></span> <span class='ocrx_word' id='word_1_226' title='bbox 591 3181 672 3248; x_wconf 86' lang='lat' dir='ltr'><strong>Vide</strong></span> <span class='ocrx_word' id='word_1_227' title='bbox 696 3188 804 3248; x_wconf 86' lang='lat' dir='ltr'><strong>contra</strong></span> <span class='ocrx_word' id='word_1_228' title='bbox 826 3182 903 3267; x_wconf 90' lang='lat' dir='ltr'><strong>quid</strong></span> <span class='ocrx_word' id='word_1_229' title='bbox 926 3183 1081 3246; x_wconf 86' lang='lat' dir='ltr'><strong>sententia</strong></span> <span class='ocrx_word' id='word_1_230' title='bbox 1099 3180 1162 3245; x_wconf 89' lang='lat' dir='ltr'><strong>loci</strong></span> <span class='ocrx_word' id='word_1_231' title='bbox 1182 3179 1300 3245; x_wconf 86' lang='lat' dir='ltr'><strong>diserte</strong></span> <span class='ocrx_word' id='word_1_232' title='bbox 1320 3177 1416 3263; x_wconf 90' lang='lat' dir='ltr'><strong>requi·</strong></span> 
     </span>
     <span class='ocr_line' id='line_1_28' title="bbox 226 3285 1416 3376; baseline -0.006 -22"><span class='ocrx_word' id='word_1_233' title='bbox 226 3294 288 3354; x_wconf 86' lang='lat' dir='ltr'><strong>rat.</strong></span> <span class='ocrx_word' id='word_1_234' title='bbox 334 3287 486 3354; x_wconf 78' lang='lat' dir='ltr'><strong>Numidae</strong></span> <span class='ocrx_word' id='word_1_235' title='bbox 517 3289 645 3376; x_wconf 86' lang='lat' dir='ltr'><strong>(inquit)</strong></span> <span class='ocrx_word' id='word_1_236' title='bbox 679 3295 748 3352; x_wconf 81' lang='grc' dir='ltr'><em>ααθο</em></span> <span class='ocrx_word' id='word_1_237' title='bbox 777 3287 976 3362; x_wconf 75' lang='lat' dir='ltr'><strong>Masinissam</strong></span> <span class='ocrx_word' id='word_1_238' title='bbox 1006 3285 1165 3352; x_wconf 65' lang='lat' dir='ltr'><strong>associata</strong></span> <span class='ocrx_word' id='word_1_239' title='bbox 1195 3287 1368 3350; x_wconf 80' lang='grc' dir='ltr'><em>οοοοοοθοοοθ</em></span> <span class='ocrx_word' id='word_1_240' title='bbox 1392 3287 1416 3346; x_wconf 84' lang='grc' dir='ltr'><strong>ιθ</strong></span> 
     </span>
     <span class='ocr_line' id='line_1_29' title="bbox 227 3390 1415 3479; baseline -0.006 -18"><span class='ocrx_word' id='word_1_241' title='bbox 227 3417 275 3461; x_wconf 87' lang='lat' dir='ltr'><strong>eos</strong></span> <span class='ocrx_word' id='word_1_242' title='bbox 297 3395 464 3460; x_wconf 71' lang='lat' dir='ltr'><strong>Massicissa</strong></span> <span class='ocrx_word' id='word_1_243' title='bbox 487 3395 587 3459; x_wconf 76' lang='lat' dir='ltr'><strong>dcccii</strong></span> <span class='ocrx_word' id='word_1_244' title='bbox 609 3395 768 3476; x_wconf 81' lang='grc' dir='ltr'><em>ςρατεθειν</em></span> <span class='ocrx_word' id='word_1_245' title='bbox 792 3393 861 3459; x_wconf 66' lang='lat' dir='ltr'><strong>auci</strong></span> <span class='ocrx_word' id='word_1_246' title='bbox 886 3400 939 3460; x_wconf 81' lang='grc' dir='ltr'><strong>τοῦ</strong></span> <span class='ocrx_word' id='word_1_247' title='bbox 964 3393 1113 3476; x_wconf 78' lang='grc' dir='ltr'><em>ληςεθειν.</em></span> <span class='ocrx_word' id='word_1_248' title='bbox 1150 3391 1235 3456; x_wconf 75' lang='lat' dir='ltr'><strong>Tum</strong></span> <span class='ocrx_word' id='word_1_249' title='bbox 1257 3390 1415 3479; x_wconf 74' lang='lat' dir='ltr'><strong>singulam</strong></span> 
     </span>
     <span class='ocr_line' id='line_1_30' title="bbox 228 3494 1415 3588; baseline -0.008 -20"><span class='ocrx_word' id='word_1_250' title='bbox 228 3503 386 3588; x_wconf 89' lang='lat' dir='ltr'><strong>quoddam</strong></span> <span class='ocrx_word' id='word_1_251' title='bbox 417 3501 468 3566; x_wconf 90' lang='lat' dir='ltr'><strong>his</strong></span> <span class='ocrx_word' id='word_1_252' title='bbox 497 3502 682 3567; x_wconf 88' lang='lat' dir='ltr'><strong>hominibus</strong></span> <span class='ocrx_word' id='word_1_253' title='bbox 706 3503 847 3568; x_wconf 86' lang='lat' dir='ltr'><strong>evenisse</strong></span> <span class='ocrx_word' id='word_1_254' title='bbox 870 3505 987 3566; x_wconf 88' lang='lat' dir='ltr'><strong>narrat.</strong></span> <span class='ocrx_word' id='word_1_255' title='bbox 1035 3499 1120 3580; x_wconf 78' lang='lat' dir='ltr'><strong>Quid</strong></span> <span class='ocrx_word' id='word_1_256' title='bbox 1145 3494 1274 3564; x_wconf 81' lang='lat' dir='ltr'><strong>antemi</strong></span> <span class='ocrx_word' id='word_1_257' title='bbox 1326 3499 1415 3579; x_wconf 74' lang='lat' dir='ltr'><strong>Quam</strong></span> 
     </span>
     <span class='ocr_line' id='line_1_31' title="bbox 227 3605 1416 3694; baseline -0.005 -21"><span class='ocrx_word' id='word_1_258' title='bbox 227 3610 368 3674; x_wconf 79' lang='lat' dir='ltr'><strong>dederent</strong></span> <span class='ocrx_word' id='word_1_259' title='bbox 397 3631 483 3690; x_wconf 73' lang='lat' dir='ltr'><strong>apros</strong></span> <span class='ocrx_word' id='word_1_260' title='bbox 505 3609 713 3692; x_wconf 79' lang='lat' dir='ltr'><strong>fcrtibissimos</strong></span> <span class='ocrx_word' id='word_1_261' title='bbox 735 3610 789 3672; x_wconf 84' lang='lat' dir='ltr'><strong>scd</strong></span> <span class='ocrx_word' id='word_1_262' title='bbox 809 3631 828 3670; x_wconf 89' lang='lat' dir='ltr'><strong>a</strong></span> <span class='ocrx_word' id='word_1_263' title='bbox 841 3607 930 3694; x_wconf 79' lang='lat' dir='ltr'><strong>feris</strong></span> <span class='ocrx_word' id='word_1_264' title='bbox 951 3607 1129 3692; x_wconf 78' lang='lat' dir='ltr'><strong>infestatae,</strong></span> <span class='ocrx_word' id='word_1_265' title='bbox 1152 3627 1241 3690; x_wconf 82' lang='lat' dir='ltr'><strong>qaam</strong></span> <span class='ocrx_word' id='word_1_266' title='bbox 1255 3605 1353 3690; x_wconf 77' lang='lat' dir='ltr'><strong>faras</strong></span> <span class='ocrx_word' id='word_1_267' title='bbox 1374 3625 1416 3667; x_wconf 73' lang='lat' dir='ltr'><strong>ca</strong></span> 
     </span>
     <span class='ocr_line' id='line_1_32' title="bbox 228 3709 1416 3797; baseline -0.007 -17"><span class='ocrx_word' id='word_1_268' title='bbox 228 3715 362 3780; x_wconf 70' lang='lat' dir='ltr'><strong>scicidere</strong></span> <span class='ocrx_word' id='word_1_269' title='bbox 385 3721 413 3778; x_wconf 82' lang='lat' dir='ltr'><strong>et</strong></span> <span class='ocrx_word' id='word_1_270' title='bbox 433 3737 518 3797; x_wconf 71' lang='lat' dir='ltr'><strong>apros</strong></span> <span class='ocrx_word' id='word_1_271' title='bbox 542 3723 604 3780; x_wconf 82' lang='grc' dir='ltr'><em>θαθο</em></span> <span class='ocrx_word' id='word_1_272' title='bbox 628 3717 723 3780; x_wconf 79' lang='lat' dir='ltr'><strong>coiere</strong></span> <span class='ocrx_word' id='word_1_273' title='bbox 744 3715 926 3791; x_wconf 77' lang='lat' dir='ltr'><strong>debuissent,</strong></span> <span class='ocrx_word' id='word_1_274' title='bbox 951 3713 1122 3776; x_wconf 80' lang='grc' dir='ltr'><em>ναοθαοοαιιθ</em></span> <span class='ocrx_word' id='word_1_275' title='bbox 1146 3745 1166 3759; x_wconf 88' lang='grc'>-</span> <span class='ocrx_word' id='word_1_276' title='bbox 1180 3745 1200 3759; x_wconf 88' lang='grc'>-</span> <span class='ocrx_word' id='word_1_277' title='bbox 1214 3709 1265 3773; x_wconf 72' lang='grc' dir='ltr'><strong>-θ</strong></span> <span class='ocrx_word' id='word_1_278' title='bbox 1289 3717 1416 3791; x_wconf 72' lang='lat' dir='ltr'><strong>stapris</strong></span> 
     </span>
     <span class='ocr_line' id='line_1_33' title="bbox 229 3812 1417 3906; baseline -0.008 -21"><span class='ocrx_word' id='word_1_279' title='bbox 229 3820 309 3892; x_wconf 76' lang='lat' dir='ltr'><strong>feris</strong></span> <span class='ocrx_word' id='word_1_280' title='bbox 339 3821 516 3906; x_wconf 78' lang='lat' dir='ltr'><strong>relinquere.</strong></span> <span class='ocrx_word' id='word_1_281' title='bbox 563 3821 649 3902; x_wconf 77' lang='lat' dir='ltr'><strong>Quid</strong></span> <span class='ocrx_word' id='word_1_282' title='bbox 680 3818 788 3887; x_wconf 78' lang='lat' dir='ltr'><strong>deest?</strong></span> <span class='ocrx_word' id='word_1_283' title='bbox 827 3819 912 3900; x_wconf 79' lang='lat' dir='ltr'><strong>Quid</strong></span> <span class='ocrx_word' id='word_1_284' title='bbox 933 3812 1263 3883; x_wconf 81' lang='lat' dir='ltr'><strong>faceremalucrunti</strong></span> <span class='ocrx_word' id='word_1_285' title='bbox 1297 3815 1417 3899; x_wconf 90' lang='lat' dir='ltr'><strong>Perspi-</strong></span> 
     </span>
     <span class='ocr_line' id='line_1_34' title="bbox 229 3921 1418 4014; baseline -0.008 -21"><span class='ocrx_word' id='word_1_286' title='bbox 229 3947 328 3993; x_wconf 88' lang='lat' dir='ltr'><strong>cuum</strong></span> <span class='ocrx_word' id='word_1_287' title='bbox 356 3927 390 3990; x_wconf 93' lang='lat' dir='ltr'><strong>id</strong></span> <span class='ocrx_word' id='word_1_288' title='bbox 420 3928 550 4012; x_wconf 89' lang='lat' dir='ltr'><strong>quidem</strong></span> <span class='ocrx_word' id='word_1_289' title='bbox 575 3932 637 4012; x_wconf 88' lang='lat' dir='ltr'><strong>est,</strong></span> <span class='ocrx_word' id='word_1_290' title='bbox 662 3948 777 4014; x_wconf 88' lang='lat' dir='ltr'><strong>nempe</strong></span> <span class='ocrx_word' id='word_1_291' title='bbox 801 3925 953 4008; x_wconf 78' lang='grc' dir='ltr'><em>ληςεθεινι</em></span> <span class='ocrx_word' id='word_1_292' title='bbox 978 3931 1010 3990; x_wconf 94' lang='lat' dir='ltr'><strong>et</strong></span> <span class='ocrx_word' id='word_1_293' title='bbox 1029 3925 1089 3989; x_wconf 90' lang='lat' dir='ltr'><strong>hoc</strong></span> <span class='ocrx_word' id='word_1_294' title='bbox 1111 3926 1219 4009; x_wconf 90' lang='lat' dir='ltr'><strong>ipsum</strong></span> <span class='ocrx_word' id='word_1_295' title='bbox 1243 3926 1291 3987; x_wconf 86' lang='lat' dir='ltr'><strong>est</strong></span> <span class='ocrx_word' id='word_1_296' title='bbox 1315 3925 1351 3986; x_wconf 91' lang='lat' dir='ltr'><strong>in</strong></span> <span class='ocrx_word' id='word_1_297' title='bbox 1372 3921 1418 3984; x_wconf 88' lang='lat' dir='ltr'><strong>his</strong></span> 
     </span>
     <span class='ocr_line' id='line_1_35' title="bbox 228 4029 1418 4120; baseline -0.008 -20"><span class='ocrx_word' id='word_1_298' title='bbox 228 4030 391 4119; x_wconf 81' lang='lat' dir='ltr'><strong>singulare</strong></span> <span class='ocrx_word' id='word_1_299' title='bbox 422 4032 536 4120; x_wconf 72' lang='grc' dir='ltr'><strong>(ἴδιον),</strong></span> <span class='ocrx_word' id='word_1_300' title='bbox 569 4037 719 4119; x_wconf 86' lang='lat' dir='ltr'><strong>qnoniam</strong></span> <span class='ocrx_word' id='word_1_301' title='bbox 748 4033 930 4100; x_wconf 87' lang='lat' dir='ltr'><strong>latrocinari</strong></span> <span class='ocrx_word' id='word_1_302' title='bbox 952 4031 1003 4096; x_wconf 86' lang='lat' dir='ltr'><strong>illi</strong></span> <span class='ocrx_word' id='word_1_303' title='bbox 1026 4035 1155 4096; x_wconf 88' lang='lat' dir='ltr'><strong>tantum</strong></span> <span class='ocrx_word' id='word_1_304' title='bbox 1180 4029 1325 4095; x_wconf 87' lang='lat' dir='ltr'><strong>solebant</strong></span> <span class='ocrx_word' id='word_1_305' title='bbox 1346 4045 1418 4114; x_wconf 88' lang='lat' dir='ltr'><strong>quos</strong></span> 
     </span>
     <span class='ocr_line' id='line_1_36' title="bbox 231 4135 1309 4227; baseline -0.008 -21"><span class='ocrx_word' id='word_1_306' title='bbox 231 4159 308 4227; x_wconf 82' lang='lat' dir='ltr'><strong>ager</strong></span> <span class='ocrx_word' id='word_1_307' title='bbox 330 4160 406 4203; x_wconf 89' lang='lat' dir='ltr'><strong>suus</strong></span> <span class='ocrx_word' id='word_1_308' title='bbox 429 4160 493 4205; x_wconf 92' lang='lat' dir='ltr'><strong>non</strong></span> <span class='ocrx_word' id='word_1_309' title='bbox 517 4143 594 4205; x_wconf 88' lang='lat' dir='ltr'><strong>satis</strong></span> <span class='ocrx_word' id='word_1_310' title='bbox 621 4139 727 4205; x_wconf 86' lang='lat' dir='ltr'><strong>alebat</strong></span> <span class='ocrx_word' id='word_1_311' title='bbox 751 4145 783 4205; x_wconf 89' lang='lat' dir='ltr'><strong>et</strong></span> <span class='ocrx_word' id='word_1_312' title='bbox 806 4137 996 4204; x_wconf 89' lang='lat' dir='ltr'><strong>stimulabat</strong></span> <span class='ocrx_word' id='word_1_313' title='bbox 1018 4139 1125 4222; x_wconf 87' lang='lat' dir='ltr'><strong>inopie</strong></span> <span class='ocrx_word' id='word_1_314' title='bbox 1147 4141 1179 4202; x_wconf 88' lang='lat' dir='ltr'><strong>et</strong></span> <span class='ocrx_word' id='word_1_315' title='bbox 1198 4135 1309 4200; x_wconf 86' lang='lat' dir='ltr'><strong>fames.</strong></span> 
     </span>
     <span class='ocr_line' id='line_1_37' title="bbox 273 4239 1418 4331; baseline 0 -21"><span class='ocrx_word' id='word_1_316' title='bbox 273 4245 385 4331; x_wconf 90' lang='lat' dir='ltr'><strong>Itaque</strong></span> <span class='ocrx_word' id='word_1_317' title='bbox 426 4249 580 4312; x_wconf 87' lang='lat' dir='ltr'><strong>sententia</strong></span> <span class='ocrx_word' id='word_1_318' title='bbox 620 4247 689 4331; x_wconf 92' lang='lat' dir='ltr'><strong>ipsa</strong></span> <span class='ocrx_word' id='word_1_319' title='bbox 732 4245 820 4311; x_wconf 89' lang='lat' dir='ltr'><strong>ducit</strong></span> <span class='ocrx_word' id='word_1_320' title='bbox 855 4245 895 4310; x_wconf 89' lang='lat' dir='ltr'><strong>ad</strong></span> <span class='ocrx_word' id='word_1_321' title='bbox 929 4245 1010 4308; x_wconf 90' lang='lat' dir='ltr'><strong>hanc</strong></span> <span class='ocrx_word' id='word_1_322' title='bbox 1045 4242 1234 4308; x_wconf 88' lang='lat' dir='ltr'><strong>lectionem:</strong></span> <span class='ocrx_word' id='word_1_323' title='bbox 1271 4239 1418 4310; x_wconf 71' lang='lat' dir='ltr'><strong>idacius</strong></span> 
     </span>
    </p>
   </div>
   <div class='ocr_carea' id='block_1_6' title="bbox 229 4347 1418 4446">
    <p class='ocr_par' dir='ltr' id='par_1_7' title="bbox 229 4347 1418 4446">
     <span class='ocr_line' id='line_1_38' title="bbox 229 4347 1418 4446; baseline -0.008 -26"><span class='ocrx_word' id='word_1_324' title='bbox 229 4353 396 4439; x_wconf 80' lang='grc' dir='ltr'><em>ἕκφθείρειν</em></span> <span class='ocrx_word' id='word_1_325' title='bbox 437 4359 543 4422; x_wconf 77' lang='grc' dir='ltr'><em>ταῦτα</em></span> <span class='ocrx_word' id='word_1_326' title='bbox 586 4352 637 4416; x_wconf 81' lang='grc' dir='ltr'><strong>καὶ</strong></span> <span class='ocrx_word' id='word_1_327' title='bbox 682 4354 736 4427; x_wconf 78' lang='grc' dir='ltr'><strong>την</strong></span> <span class='ocrx_word' id='word_1_328' title='bbox 772 4362 832 4429; x_wconf 75' lang='grc' dir='ltr'><strong>γῆν</strong></span> <span class='ocrx_word' id='word_1_329' title='bbox 869 4350 1054 4434; x_wconf 70' lang='grc' dir='ltr'><em>ἐργάζεσθαι</em></span> <span class='ocrx_word' id='word_1_330' title='bbox 1090 4351 1162 4429; x_wconf 84' lang='grc' dir='ltr'><em>μετ’</em></span> <span class='ocrx_word' id='word_1_331' title='bbox 1198 4347 1305 4422; x_wconf 77' lang='grc' dir='ltr'><em>οθθεθας</em></span> <span class='ocrx_word' id='word_1_332' title='bbox 1335 4351 1418 4446; x_wconf 62' lang='lat' dir='ltr'><strong>jem</strong></span> 
     </span>
    </p>
   </div>
   <div class='ocr_carea' id='block_1_7' title="bbox 0 0 1532 4970">
    <p class='ocr_par' dir='ltr' id='par_1_8' title="bbox 0 0 1532 4970">
     <span class='ocr_line' id='line_1_39' title="bbox 0 0 1532 4970; baseline 0 0"><span class='ocrx_word' id='word_1_333' title='bbox 0 0 1532 4970; x_wconf 95' lang='lat' dir='ltr'><strong> </strong></span> 
     </span>
    </p>
   </div>
  </div>
 </body>
</html>
