3086 4968
818 261 883 331 484

258 447 381 531 βέλτιον
412 452 547 531 μκδένα,
579 453 660 528 μήτε
691 454 869 532 πράσπονσα
896 449 1024 532 πράξαι.
1072 449 1265 515 Mendesum
1287 457 1329 517 est
1349 449 1417 514 ἀνοι-

258 560 381 632 σθηπῶν.
428 559 500 625 Non
530 558 753 624 Demosthenis
784 559 839 623 sed
868 558 999 643 Epicuri
1021 557 1158 623 verbum
1183 563 1230 621 est
1254 557 1419 630 ἀναισθητεῖν

257 663 438 752 significans
459 689 546 729 σεκσιι
571 687 671 729 carere
694 665 732 736 de
755 666 911 748 mortuis,
934 684 997 728 non
1018 665 1147 726 -σθαθθκνκ
1170 687 1206 726 αα
1228 665 1355 727 stolidum
1373 683 1421 726 οσον

258 771 296 836 de
318 773 420 844 vivis.
444 773 528 857 qnod
552 771 670 836 dicitur
692 771 872 843 ἀναίσθητος
900 767 976 834 εἶναι
1002 774 1035 833 et
1055 770 1247 843 decertatum
1270 768 1354 850 ἔχειν.
1391 765 1421 830 In

259 878 407 943 omnibns
436 877 528 943 libris
559 884 606 942 est
637 877 838 954 ἀναθσθνπον,
870 879 904 940 in
934 895 997 940 uno
1029 878 1184 959 pessimae
1216 883 1304 941 notae
1337 873 1423 939 futilis

258 988 413 1048 corrector
432 985 619 1057 ἀναισθητῶν
637 987 788 1068 reposuit.
824 982 1011 1070 Legendum
1031 985 1127 1061 ποχὺν
1144 983 1202 1060 μὲν
1219 981 1423 1061 ἀναισθήτοις,

258 1089 293 1154 id
315 1093 364 1154 est
385 1089 535 1166 ἀνοήτως,
560 1087 691 1162 ἠλιθίως.

305 1297 384 1384 Pag.
419 1295 494 1362 302.
529 1297 581 1364 11.
614 1299 733 1373 παθπκν
764 1303 817 1374 σὺν
850 1301 953 1382 φωνὴν
985 1300 1093 1370 ἐκεῖνος
1128 1299 1310 1386 (Philippus)
1338 1301 1426 1378 ἀΦιῑκε

261 1403 395 1475 πολλοὺς
419 1405 471 1468 καὶ
497 1405 615 1485 θρασεῖς
639 1405 682 1469 σά
707 1405 761 1485 πρὸ
786 1403 898 1469 σοθσων
922 1413 962 1486 τῇ
986 1404 1074 1469 πόλει
1100 1403 1295 1481 ἐπαιρόμενος
1322 1403 1425 1480 λόγους.

263 1508 347 1589 Quid
371 1515 419 1574 est
443 1511 619 1590 ἐπαίρεσθαι
643 1507 775 1588 λθγοοςθ
820 1509 913 1576 Nihil
935 1531 1071 1596 prorsus.
1119 1509 1287 1576 Praeterea
1307 1531 1352 1575 res
1372 1513 1428 1593 ipsa

262 1621 294 1682 et
317 1616 359 1680 πά
381 1617 437 1696 πρὸ
456 1616 570 1681 ποθπων
582 1617 745 1701 praeteriti
764 1619 918 1702 temporis
937 1617 1143 1702 participium
1162 1619 1335 1701 requirrmt.
1367 1613 1428 1680 Sus·

260 1725 349 1808 pieor
388 1723 637 1790 Demosthenem
679 1723 795 1788 dixisse
837 1723 970 1794 πολλοὺς
1005 1724 1058 1787 καὶ
1094 1726 1213 1801 θρασεῖς
1248 1732 1428 1799 ΠΡΟθμεννς

261 1829 382 1906 λόγους.
407 1843 445 1894 ut
466 1850 542 1918 pag.
569 1827 644 1895 377.
668 1827 720 1893 10.
744 1827 793 1895 ἵνα
813 1829 906 1906 μηδὲν
927 1828 1062 1894 ε’νανσίον
1082 1829 1159 1906 μηδὲ
1179 1832 1264 1909 ρ’νῑμοι
1288 1826 1428 1910 πρθνσαι

264 1937 420 2002 cartana.

307 2149 387 2234 Peg.
421 2144 498 2212 303.
531 2144 585 2212 27.
617 2145 797 2224 ὡμολόγηκε
822 2151 872 2210 νῦν
897 2135 931 2223 γ’
956 2145 1038 2224 ὑμάς
1064 2145 1216 2228 ὑπάρχειν
1240 2140 1430 2220 'ermeni-

264 2278 327 2326 νονς
352 2253 406 2331 ἐμὲ
430 2254 485 2330 μὲν
509 2253 614 2330 λέγειν
642 2253 715 2330 ὑπὲρ
740 2261 794 2327 τῆς
820 2253 982 2331 πατρίδος,
1009 2254 1102 2318 αὐτὸν
1127 2252 1155 2317 δ’
1182 2253 1255 2331 ὑπὲρ
1280 2252 1430 2317 Φιλίππου·

261 2362 294 2425 οὐ
331 2359 393 2440 γάρ
429 2359 466 2424 ἀν
503 2367 766 2436 μεπαΠΕΙΘΕΙΝ
803 2359 885 2436 ease
922 2357 1031 2438 ε’ζθσει.
1086 2357 1184 2424 Estne
1219 2360 1297 2424 haee
1329 2356 1432 2424 Graeca

262 2465 379 2542 oratic,
403 2472 441 2530 ut
464 2484 500 2529 eo
523 2485 618 2530 sensu
642 2465 766 2530 dicatur
790 2465 850 2543 ἐγὼ
872 2462 1052 2542 ἔγνωσμαι,
1073 2465 1126 2530 vel
1147 2465 1278 2546 ὑπάρχω
1299 2460 1433 2543 ε’γνοσμέ·

262 2569 330 2647 νοςέ
363 2571 550 2654 Numquam
573 2570 710 2635 credam.
744 2570 899 2637 Dicebant
924 2570 1150 2649 γιγνώσκεσθαι
1172 2593 1229 2658 pro
1253 2578 1351 2635 κοθκικ
1371 2591 1432 2650 οισι,

261 2685 300 2744 ut
331 2698 404 2764 pag.
437 2674 513 2743 202.
548 2675 600 2742 10.
635 2677 662 2740 εἴ
693 2700 738 2747 τις
767 2677 868 2754 αὐτῶν
891 2678 1005 2758 ἀφέλοι
1030 2677 1064 2740 τὸ
1090 2659 1385 2755 γιγνάσκεσθαικαὶ
1405 2671 1432 2738 πθ

261 2795 299 2866 τῇ
331 2790 417 2866 φωνῇ
448 2784 551 2861 λέγειν
581 2781 737 2856 ἀπσικιςέ,
772 2782 827 2847 sed
860 2781 943 2847 nihil
976 2783 1052 2847 hine
1083 2781 1280 2868 proficimus.
1323 2783 1370 2848 Ex
1395 2800 1431 2862 sq.

261 2891 459 2970 μεταπείθειν
483 2891 541 2956 lux
564 2889 706 2976 affulget.
742 2888 875 2954 Dixerat
898 2890 979 2967 θμάς
1003 2887 1156 2970 ὑπάρχειν
1176 2889 1433 2967 ΠΕΠΕΙσμένινε,

261 3003 294 3062 et
325 2999 370 3062 sic
401 2999 576 3062 rectissime
599 2995 739 3060 addidit:
764 2997 796 3059 οά
822 2995 885 3074 γάρ
910 2994 947 3060 ἀν
967 2997 1208 3061 ΜΘΤΑπεθθειν
1233 2997 1314 3073 ὑμάς
1337 2995 1432 3075 ἕζθπει.

308 3102 392 3167 Fieri
416 3105 514 3167 etiam
537 3109 641 3188 potest
662 3107 699 3165 ut
720 3100 842 3186 aliquid
862 3102 1024 3166 exciderit.
1064 3099 1256 3188 Comparate
1279 3105 1360 3167 enim
1376 3100 1434 3164 loeo

260 3229 334 3296 pag.
359 3206 412 3272 43.
437 3207 491 3273 25.
518 3210 556 3279 ὡς
582 3206 755 3286 ἐγνωκότων
781 3207 863 3285 ὑμῶν
883 3207 935 3271 καὶ
957 3207 1167 3286 πεπεισμένων
1188 3207 1329 3287 παύομαι
1348 3205 1433 3282 λέγων

261 3316 382 3400 optime
411 3316 614 3378 restituetur:
647 3317 698 3376 νῦν
729 3311 763 3390 γ’
795 3313 877 3388 ὑμάς
915 3312 1068 3394 ὑπάρχειν
1105 3314 1341 3397 tyrannm
1373 3317 1432 3374 ΚΑΙ

259 3418 540 3498 Beneuentum.
587 3417 718 3485 Passive
749 3420 835 3485 idem
866 3440 938 3507 pag.
973 3418 1049 3484 527.
1083 3419 1136 3483 11.
1168 3421 1214 3484 sic
1245 3421 1374 3486 dicium:
1401 3414 1432 3480 ἀν

260 3525 323 3606 γάρ
347 3527 436 3590 ταῦθ’
461 3522 553 3596 οὕτως
578 3524 759 3604 ἐγνωσμένα
784 3523 909 3607 ὑπάρχγ
932 3523 1007 3605 παρ’
1033 3526 1116 3603 ὑμῖν.

280 3747 282 3754 ’
308 3737 387 3825 Peg.
414 3734 490 3803 307.
514 3731 569 3800 26.
595 3736 627 3800 σι’
650 3735 711 3816 γάρ
737 3740 753 3810 ἡ
776 3737 814 3810 σὶρ
835 3734 966 3808 δεινθσκς
986 3735 1029 3806 εἷς
1048 3733 1144 3809 θννρσιν
1166 3731 1229 3808 ἥκει
1250 3743 1287 3816 τῇ
1307 3731 1430 3814 πασριδι;

262 3844 386 3912 Mirum
415 3849 447 3908 et
470 3841 652 3906 inauditum
676 3841 827 3926 loquendi
850 3862 951 3927 genus
974 3846 1007 3906 et
1028 3841 1234 3907 vehementer
1257 3844 1432 3926 suspectum.

260 3951 384 4015 Poterit
406 3949 635 4022 fortassevera
657 3946 752 4012 lectio
777 3947 850 4012 elici
874 3969 912 4012 ex
935 3968 1008 4034 pag.
1035 3943 1109 4012 328.
1137 3943 1191 4010 13.
1216 3945 1324 4024 κθγονς
1352 3940 1431 4009 συνεί·

222 4062 225 4070 ’
259 4079 301 4135 ρει
322 4093 363 4104 -
383 4053 479 4129 θνκσιν
510 4055 567 4131 μὲν
590 4053 734 4129 οὐδεμίαν
756 4053 907 4134 φέροντας
929 4091 987 4130 -,
1013 4052 1175 4133 σνμφοράν
1200 4051 1232 4117 δέ
1256 4054 1297 4132 σῷ
1320 4048 1432 4130 πνχθνσι

260 4168 318 4226 τῶν
349 4167 478 4224 πολιτῶν
510 4160 561 4223 καὶ
595 4161 690 4231 κοινὴν
727 4161 888 4237 αἰσχύναν.
937 4157 1031 4238 Quod
1063 4159 1149 4222 enim
1185 4157 1297 4224 Latine
1330 4159 1432 4223 dicitur

260 4290 319 4333 esee
349 4266 472 4343 Ινσιιονθ,
497 4267 610 4350 decori,
635 4265 802 4349 opprobrio,
828 4267 1017 4329 emolumento
1041 4269 1073 4329 et
1097 4266 1169 4328 sim.
1218 4261 1334 4330 Graece
1357 4267 1434 4328 senat

257 4371 361 4454 φέρειν
381 4373 489 4448 σιμθν,
510 4371 675 4455 αἰσχύνην,
695 4369 817 4445 ὄνειδος,
839 4371 967 4448 κθσμον,
985 4368 1130 4448 βλάβκν,
1149 4370 1261 4450 κέρδος,
1278 4371 1432 4453 ἀφέλειαν,
