3034 4968
794 210 858 282 156

234 395 318 488 apud
349 401 507 486 nequiores
537 401 630 487 plone
661 404 695 466 in
719 403 961 469 desuetudinem
984 403 1080 480 obiit,
1106 399 1163 486 qui
1186 395 1406 478 interciperet

233 511 359 593 saepius
382 504 544 586 ὠνησάμην
567 509 601 571 in
622 507 712 572 illius
735 507 843 574 locum
862 509 1107 574 substituerunt.
1142 507 1254 592 Itaque
1273 507 1407 589 antiquae

139 604 142 611 ’
234 613 354 680 formae
375 617 410 678 in
432 634 550 701 magno
580 634 705 698 semper
735 614 876 699 periculo
899 618 1076 682 versantur.
1123 613 1274 693 Πράασθαν
1297 616 1330 678 in
1350 635 1407 692 προ-

234 724 327 785 eccae
359 723 590 807 corrumpitur,
621 725 659 786 ut
688 723 845 801 κορνάσάαν
872 723 1094 801 θ1κοχρῖοσ1αν
1119 724 1151 784 et
1174 717 1295 784 similis
1315 718 1406 804 pluro.

233 826 355 893 Eodem
376 826 472 892 modo
496 826 638 907 ἐπρΙαντο
660 829 695 890 in
717 828 858 907 ἐπρνῶντο
880 828 997 894 ebibet.
1029 825 1170 892 Libanus
1192 823 1407 891 11231110.

234 933 267 998 τά
290 927 339 998 οὖν
362 939 458 1016 ποοεῖ;
488 932 644 1012 χρήματα
675 933 782 999 πολλοὶ
807 930 887 1014 ἔχων
909 940 1082 998 συνευνεῒτο
1107 940 1201 1009 σῖτον,
1225 968 1268 979 -
1291 931 1341 995 καὶ
1363 931 1407 994 οὐκ

234 1035 268 1114 ἦν
293 1075 334 1088 --
358 1037 446 1118 ἑτέρῳ
470 1038 685 1119 προάσάαν.
711 1044 743 1104 et
763 1043 834 1123 post
853 1058 970 1125 peuce:
995 1039 1158 1120 τρέχοντες
1178 1039 1363 1120 ε’πρνῶντο
1380 1037 1407 1101 τὸ

234 1141 418 1226 Φαονάμενον
442 1147 514 1208 πάν.
547 1142 602 1208 ΠΙ.
628 1143 706 1210 212.
734 1144 764 1210 1.
811 1145 862 1210 τά
889 1147 933 1226 μη
958 1145 1157 1226 προάσάαί
1180 1168 1219 1223 γε
1244 1141 1313 1220 ε’ξῆν
1336 1143 1409 1208 ποάὲν

235 1249 286 1314 τὸν
310 1248 411 1327 Γύγου
436 1249 609 1314 δακτύλιον.
643 1243 727 1314 flunt
749 1249 809 1316 hee
832 1252 1007 1317 scribarum
1026 1251 1143 1316 sordes.
1173 1250 1302 1337 Integra
1321 1251 1409 1316 evasit

236 1355 365 1420 Idbonii
387 1376 502 1421 monus
524 1355 565 1420 Π.
590 1354 667 1422 262.
692 1355 781 1422 πάθεν
804 1353 852 1422 οὖν
877 1354 978 1422 ἔλακον
1001 1361 1142 1424 τοσοῦτον
1166 1357 1359 1438 πράομαος

636 1597 788 1679 Ἀγείρενν
814 1635 854 1646 -
880 1597 1016 1678 ἐγείρειν.

281 1778 472 1846 Scribuntur
494 1767 529 1843 in
552 1777 644 1844 libris
667 1780 898 1864 antiquioribus
923 1804 968 1859 ny
983 1818 1024 1829 -
1043 1805 1082 1858 sy
1107 1784 1139 1845 et
1163 1803 1212 1859 αχ
1234 1818 1276 1828 -
1298 1803 1339 1860 εχ
1359 1796 1411 1842 uno

236 1908 335 1964 nexu,
368 1889 406 1951 ut
434 1884 535 1950 oculis
564 1889 637 1949 utra
660 1886 818 1971 scripture
840 1888 882 1952 sit
904 1889 1009 1954 verior
1030 1887 1206 1953 discernere
1228 1907 1293 1952 non
1313 1886 1412 1972 possis.

233 1992 401 2066 ¹Sententia
424 1990 479 2055 dat
501 1989 624 2074 lucem,
655 1991 710 2055 sed
733 1992 853 2058 scribes
876 1995 1036 2077 quianon
1061 1995 1204 2080 cogitant
1228 1992 1326 2059 stulte
1346 1994 1412 2057 hoec

211 2085 370 2164 'miscere
393 2094 512 2180 solent,
544 2100 581 2160 ut
608 2096 694 2181 opud
715 2095 887 2163 Libenium
911 2097 965 2164 IV.
991 2097 1044 2164 32.
1070 2095 1100 2163 7.
1124 2098 1274 2175 μεγάλην
1296 2096 1412 2179 ςρατοάν

238 2205 425 2283 ἐγείραντες.
459 2199 513 2266 IV.
539 2200 614 2265 543.
642 2200 696 2267 11.
728 2204 883 2280 πολεμίων
915 2201 1113 2283 πανταχόθεν
1140 2205 1344 2283 ἐγειρομένων.
1364 2199 1410 2266 IV.
1503 2205 1504 2232 ³

239 2308 315 2375 550.
342 2306 395 2373 12.
419 2310 451 2371 οὐ
476 2307 667 2387 συμμάχους
693 2310 866 2390 ἐγείρουσα.
903 2309 1103 2376 Dissentiunt
1125 2311 1203 2376 libri
1226 2312 1264 2376 II.
1292 2309 1364 2376 220.
1384 2306 1410 2371 9.

237 2421 269 2481 et
287 2414 341 2480 IV.
363 2411 417 2478 33.
440 2410 492 2476 19.
518 2413 571 2478 sed
596 2414 674 2498 quid
697 2417 732 2479 in
755 2415 873 2483 talibus
895 2414 1053 2481 librorum
1076 2420 1262 2485 testimonio
1281 2437 1356 2503 opus
1373 2417 1411 2478 est
1502 2403 1503 2462 ἶ

237 2522 294 2587 ubi
317 2521 396 2585 certi
418 2518 528 2584 mendi
551 2521 709 2607 originem
734 2527 852 2589 certem
877 2520 1108 2606 perspicimus?
1225 2535 1228 2542 '

509 2755 593 2833 01οο.
617 2762 806 2840 ἀγανακτῶ,
828 2763 917 2843 θρηνῶ
941 2758 999 2828 οἷον
1021 2783 1062 2830 ur
1085 2781 1150 2831 sm.

282 2941 423 3009 Libanus
445 2941 496 3008 IV.
525 2943 602 3009 424.
634 2945 821 3023 ἀγανακτῶν
853 2946 951 3018 lictore
978 2950 993 3022 η
1020 2945 1108 3018 πάλτο
1139 2952 1258 3028 χρῆται
1285 2942 1412 3024 συμβού-

236 3064 299 3122 λοις
325 3086 368 3098 -
392 3048 535 3115 ἑστώτων.
583 3049 628 3114 Ut
655 3053 697 3115 sit
721 3048 843 3116 Graece
866 3054 966 3117 cretio
992 3057 1150 3138 expuncto
1171 3052 1302 3118 literula
1323 3050 1413 3118 scribe
1503 3065 1504 3070 ’

236 3157 424 3235 ἀγανακτῶν
447 3153 540 3228 Oion.
587 3154 778 3242 Saepissime
803 3151 860 3228 οἶος
884 3161 934 3229 sic¹
950 3161 1080 3244 ponitur
1098 3179 1171 3222 cum
1192 3158 1299 3223 verbis
1317 3160 1413 3221 motus

236 3265 337 3330 enimi
355 3261 628 3350 significantibus,
650 3266 688 3327 ut
700 3262 785 3347 apud
797 3261 968 3328 Liberium
984 3263 1036 3329 IV.
1053 3261 1128 3327 193.
1149 3263 1204 3336 τὴν
1224 3261 1412 3342 Δεννομάχην

235 3367 417 3449 μακαρίζενν
447 3362 505 3432 οἷον
537 3365 677 3446 ἀναλμοο
710 3369 752 3439 εἰς
782 3373 849 3449 Φῶς
875 3371 1008 3447 ἤγαγεν.
1032 3368 1091 3435 ΙΠ.
1117 3367 1194 3433 446.
1219 3367 1274 3435 23.
1299 3369 1412 3438 ςένοντν

236 3471 289 3557 οῗορ·
306 3474 405 3557 φέρων
430 3473 538 3539 ἑαυτὸν
561 3473 680 3550 ἐνέδησε
706 3476 801 3554 κακῷ.
827 3474 852 3540 Ι.
876 3474 951 3540 516.
974 3475 1026 3541 10.
1052 3476 1339 3556 άρηνοάντονν-εἷη
1358 3471 1412 3538 οἵαν

237 3581 369 3659 ἀνομίαν
394 3580 646 3658 ἐμπεπτώκασιν.
670 3580 727 3647 ΠΙ.
753 3580 831 3650 267.
858 3580 889 3646 9.
914 3581 1008 3648 οἵεοάε
1032 3582 1102 3656 τοὺς
1127 3583 1267 3664 πατέρας
1291 3582 1358 3660 ὑμῖν
1375 3613 1411 3628 -

236 3688 387 3769 θρηνήσενν
419 3683 494 3760 οἵους
525 3685 656 3770 ἔφυσαν.
689 3687 714 3753 Ι.
749 3687 824 3754 511.
850 3687 904 3756 17.
933 3688 1004 3762 τοὺς
1035 3688 1230 3767 τοκτομένονς
1255 3687 1411 3767 μακαρίους

237 3791 415 3858 ἀπεκάλουν
439 3795 468 3859 ἕν
492 3791 539 3875 οἵῳ
564 3793 599 3868 db
622 3794 719 3875 χρόνῳ
743 3794 912 3874 σπαρέντες
937 3793 1025 3872 ἦλθον
1049 3799 1091 3869 εἷς
1116 3801 1191 3878 Φῶς.
1228 3795 1271 3862 lot
1293 3797 1337 3860 sic
1355 3811 1413 3858 sox-

237 3901 355 3967 centies
376 3903 498 3966 veteres
520 3899 713 3985 loquuntur,
737 3907 775 3966 ut
798 3901 984 3987 Euripides:

435 4009 485 4071 τὸν
509 4006 615 4087 Φάντα
640 4009 750 4087 θρηνεῖν
776 4009 817 4080 εἷς
843 4003 880 4073 οἷ’
904 4005 1033 4088 ἔρχεται
1058 4009 1153 4074 κακά.

1501 3539 1504 3604 1

1500 3607 1504 3676 i

1500 3913 1504 3982 1

237 4118 270 4180 et
291 4110 473 4178 Herodotus
503 4111 528 4177 Ι.
561 4112 614 4177 31.
649 4113 683 4177 αἱ
707 4116 848 4193 Ἀργεῖαι
873 4113 1056 4195 ἐμακάριζον
1081 4117 1136 4191 την
1154 4114 1275 4195 μητέρα
1294 4110 1354 4178 οἵοον
1372 4107 1414 4174 τά
1502 4081 1503 4093 ¹

236 4243 312 4285 κνων
335 4216 479 4298 ἐκύρησε,
504 4224 536 4284 et
559 4219 603 4284 sic
626 4217 683 4284 clii
705 4222 835 4304 passim.
866 4221 904 4286 In
925 4220 976 4286 his
995 4215 1144 4287 omnibns
1164 4215 1220 4294 οἶος
1243 4226 1289 4287 est
1299 4234 1413 4306 prorsus

236 4327 449 4394 necessarium
473 4327 548 4412 quic
570 4345 650 4409 quac
672 4326 744 4408 quis
766 4328 800 4390 in
824 4347 860 4393 ea
879 4329 1091 4396 commotione
1110 4329 1211 4394 animi
1232 4324 1413 4412 subcogitet
1503 4321 1504 4326 ’
