3086 4968
819 255 884 326 516

304 445 381 533 Peg.
411 443 487 513 577.
516 446 569 511 11.
596 445 614 528 ᾖ
637 447 687 511 καί
714 455 827 526 γελοῖα
850 444 926 513 εἶναι
950 449 992 513 τα
1017 453 1065 513 νῦν
1091 444 1207 533 [οἶμαι]
1234 447 1351 528 δοίκρνα
1369 442 1430 511 siet·

259 575 318 622 τιος
350 550 388 615 θον
420 555 514 616 αὑτοῖν
539 554 647 628 δοκοίη.
694 554 766 620 Non
790 560 906 640 exputo
926 557 1009 621 unde
1032 555 1162 620 tandem
1185 556 1272 620 istud
1297 551 1379 632 οἶμαι
1397 555 1430 616 ir·

258 660 408 742 repserit,
441 658 496 724 sed
525 661 647 743 respuit
671 658 843 725 molestum
865 662 1000 726 verbum
1024 666 1057 726 et
1080 660 1142 726 loci
1166 662 1341 738 sententia,
1365 679 1430 744 quae

258 762 382 828 nullum
407 764 553 844 εἰρωνείαν
581 767 745 850 admittit,
771 772 803 833 et
826 768 1084 854 perincommoda
1108 769 1214 852 sedes,
1239 771 1316 854 quia
1340 768 1429 834 aretis-

260 872 339 936 sime
361 872 528 936 coniuncte
548 871 590 936 τίς
610 877 660 937 νῦν
680 873 797 955 δοίκρνα
816 877 1053 960 perversissime
1073 876 1240 963 disiungit.
1277 874 1432 939 Omittitur

260 971 344 1053 οἶμαι
376 979 410 1041 in
443 979 532 1043 libris
564 978 707 1064 pauculis
732 981 916 1047 delecteris
941 980 1093 1058 alieuius,
1119 987 1156 1046 ut
1180 983 1305 1066 opinor,
1331 982 1431 1046 eunies·

258 1085 348 1160 turn,
370 1104 465 1168 quem
486 1084 615 1169 perinde
638 1092 676 1151 ut
698 1109 751 1152 me
774 1109 858 1153 nune
881 1088 1066 1154 offendebat.
1113 1087 1194 1153 Vide
1217 1088 1303 1152 mihi
1326 1103 1433 1172 quoque

195 1235 199 1239 -
259 1208 356 1272 quam
385 1191 567 1274 importuno
598 1190 667 1258 loeo
699 1194 795 1257 αὑτοῖν
827 1196 869 1258 sit
899 1197 1142 1280 interpositum:
1173 1194 1216 1258 τδρ
1247 1197 1300 1258 νὺν
1330 1189 1431 1270 δοίκρνο

259 1292 381 1367 εἰκότως
406 1294 564 1361 iuraturi
588 1297 697 1374 δοκοίη.
745 1298 828 1379 Quid
852 1302 879 1365 si
903 1299 981 1366 olim
1004 1301 1118 1366 fuerit:
1143 1300 1186 1366 roi
1210 1300 1308 1365 αὑτοῦ
1332 1297 1432 1378 δοίκρνα

260 1398 381 1472 εἰκότως
406 1399 444 1468 θον
468 1401 574 1477 δοκοίη.

303 1609 383 1697 Peg.
408 1609 484 1680 577.
512 1609 566 1678 17.
591 1612 650 1684 ὑςε
674 1615 725 1678 καί
750 1614 822 1694 πρὸς
846 1612 895 1689 οὓς
921 1614 1014 1692 μηδέν
1039 1616 1087 1685 ε’ςί
1110 1639 1154 1680 σοι
1179 1619 1317 1696 προῖγροοο
1341 1620 1432 1681 λντεῖ-

260 1718 329 1781 σθαι
352 1719 407 1793 την
430 1721 485 1794 την
508 1720 686 1799 θρασύτητα
710 1720 762 1786 καί
788 1723 889 1803 φωνην
914 1721 966 1786 καί
991 1724 1026 1788 τὸ
1053 1723 1132 1807 [τὸν]
1157 1729 1273 1802 σχῆμα
1297 1721 1347 1786 καί
1374 1719 1432 1790 τοὺς

257 1825 356 1912 [τοὺς]
390 1827 569 1898 ἀκολούθους
594 1826 645 1891 καί
670 1833 802 1893 πλοὺτον
827 1829 878 1893 καί
905 1825 990 1908 ὑβριν
1013 1829 1206 1907 θεωροῦντας.
1256 1829 1432 1895 Rectissime

260 1928 366 1997 Codex
398 1931 420 1996 S
452 1932 502 1998 οθν
535 1935 675 2018 omittit3
708 1932 859 1999 similiter
890 1955 934 2018 sq.
968 1935 1037 2008 οοθς
1067 1935 1274 2001 eximendum
1304 1940 1363 2000 est.
1403 1932 1432 1995 in

260 2038 380 2104 talibus
402 2041 491 2102 semel
512 2059 683 2124 pronomen
705 2042 919 2125 possessivum
944 2060 1058 2125 ponere
1081 2044 1238 2132 usitatum
1263 2046 1319 2106 est.

304 2248 384 2334 Peg.
419 2244 493 2313 578.
528 2249 560 2314 8.
592 2253 697 2314 τοῦτον
721 2249 768 2313 ὑεῖ
794 2255 961 2329 πανταχοῦ
987 2251 1060 2322 θεοῖς
1085 2250 1191 2331 ἓχθρὺν
1214 2251 1266 2315 καί
1290 2248 1431 2329 βδελνρθν.
1523 2261 1524 2286 ¹

259 2355 304 2419 Ut
335 2352 448 2418 Latine
478 2378 588 2438 semper
619 2363 647 2419 et
675 2356 799 2441 ubique,
825 2356 870 2420 sie
894 2353 1013 2421 Graece
1035 2358 1084 2422 οίεί
1110 2357 1161 2422 καί
1187 2361 1352 2438 πανταχοῦ
1374 2371 1433 2420 mos

257 2467 305 2528 est
329 2461 443 2527 dicere.

304 2672 383 2759 Peg.
419 2667 494 2736 578.
519 2669 573 2736 20.
599 2671 650 2736 τδν
674 2669 722 2737 οὑν
747 2672 797 2736 ἕπί
822 2671 939 2746 ταύτης
964 2680 1018 2746 της
1044 2670 1257 2753 ὑπερηφανίας
1282 2671 1367 2746 θντα,
1390 2672 1452 2732 νῦν·
1522 2661 1523 2664 “

259 2777 298 2843 θον
329 2778 484 2860 ὑποφθχη
516 2779 548 2843 τί
577 2779 711 2852 ποιήσειν
735 2778 847 2855 οίεοθε;
872 2777 961 2844 Male
982 2779 1060 2844 haec
1083 2779 1186 2846 divisa
1211 2784 1294 2844 sunt.
1338 2777 1430 2863 Lege:

259 2925 300 2934 -
319 2883 393 2949 ὄντα
424 2888 491 2962 νῦν,
525 2882 562 2949 θον
594 2885 748 2967 οίποφὺχη
778 2885 811 2950 τί
845 2884 978 2959 ποιήσειν
1014 2884 1127 2961 οίεοθε;
1164 2883 1325 2950 Sententia
1356 2882 1430 2946 enim

257 2990 427 3056 manifesto
457 2990 534 3055 haee
567 2996 631 3055 est:
663 2990 714 3055 τὸν
747 2997 796 3057 νὺν
825 2989 917 3063 οὑτως
941 2991 1131 3070 ὑπερήφανον
1156 2989 1248 3076 ὄντα,
1271 2990 1303 3055 τί
1323 2989 1431 3067 ὑποφιν

258 3095 356 3176 γθντα
380 3099 515 3173 ποιήσειν
537 3095 652 3173 οίεοθε;

301 3309 382 3397 Peg.
417 3306 493 3373 579.
525 3304 579 3372 28.
613 3307 668 3386 ε’ροὲ
695 3307 791 3374 οἴεσθε
823 3311 895 3385 ὑμῖν
922 3310 1073 3386 είοοίτειν,
1102 3309 1189 3385 θροεῖς
1215 3308 1245 3373 δὲ
1269 3304 1427 3386 νεμεῖοθοις

259 3416 313 3494 ε’ροέ
339 3414 462 3501 [οίεοθε]
487 3414 738 3500 τριηραρχήσειν,
765 3417 852 3494 ὑμεῖς
876 3416 901 3480 δ’
926 3417 979 3479 οὑκ
999 3415 1207 3494 inliteratum
1231 3416 1345 3481 Reseen
1362 3409 1428 3475 ulte

257 3543 331 3588 rum
353 3520 447 3586 οῖεοθε
469 3519 554 3586 maie
577 3522 760 3605 repetitum.
808 3519 857 3586 cf.
881 3542 954 3609 png.
980 3519 1055 3586 580.
1082 3520 1112 3586 9.

302 3732 382 3819 Peg.
417 3729 493 3796 580.
527 3733 695 3808 1.,τοιαὺθ’
719 3729 846 3812 ὑβρίζων
870 3731 922 3796 καί
946 3732 1002 3806 την
1024 3731 1087 3796 οίπὺ
1110 3739 1166 3807 τοῖς
1189 3737 1298 3813 ψυχῆς
1320 3727 1425 3805 πικρίαν
1520 3719 1521 3722 “

257 3838 309 3905 καί
335 3836 509 3914 κακόνοιαν,
535 3829 568 3910 ἣν
591 3839 676 3904 κατθι
698 3843 755 3903 τῶν
780 3844 901 3903 πολλῶν
922 3838 1005 3916 ὑμῶν
1024 3836 1104 3918 ἔχων
1124 3839 1235 3918 οῖφανιῖ
1255 3841 1323 3918 παρ’
1340 3831 1423 3910 ἑαυτῷ

256 3945 469 4026 περιέρχεται,
502 3944 641 4027 φανερὺον
673 3943 722 4008 ἐπί
756 3948 809 4009 τοὺ
833 3947 935 4024 καιροῦ
960 3942 1100 4015 καθιςοίς.
1148 3942 1237 4009 Male
1259 3944 1332 4010 haee
1352 3959 1423 4006 com·

253 4054 357 4139 posita
387 4072 453 4116 esse
484 4051 584 4118 vides.
634 4053 790 4135 Suspenso,
817 4054 891 4115 sunt
914 4051 1083 4135 partieipia
1106 4048 1234 4130 ὑβρίζον
1257 4054 1289 4114 et
1311 4040 1421 4115 καθιτθι

254 4178 311 4222 nee
341 4177 402 4242 quo
433 4158 609 4222 referentur
638 4157 757 4223 hubent
824 4157 935 4241 Neque
970 4161 1042 4242 epte
1077 4157 1213 4222 verbum
1247 4154 1422 4236 περιέρχεται

254 4265 459 4350 coniungitur
480 4284 554 4328 eum
578 4263 700 4342 πικρίαν
723 4263 776 4328 καί
800 4261 959 4329 κακθνοιαν
984 4261 1074 4345 ἔχων.
1109 4263 1158 4328 Ex
1177 4265 1247 4349 ipsu
1264 4265 1309 4329 rei
1324 4265 1420 4327 natura
1519 4261 1520 4342 f

252 4367 446 4449 περιέρχεται
479 4389 553 4432 cum
587 4368 713 4451 ὑβρίζον
741 4371 946 4436 coniunctum
976 4371 1073 4437 fuisse
1104 4369 1307 4458 intelligitur.
1352 4367 1419 4446 Qua·
