3080 4972
264 449 420 530 άτιμῶσοιι
433 488 475 499 -
488 450 657 529 άτιμάσαι.

264 583 382 638 Alpa.
406 569 488 652 οιόρω.
513 573 596 652 οιὶρῶ.
622 571 674 653 ε’ρῶ
699 592 773 636 cum
796 573 990 658 compositu.

264 695 421 774 βούλομαι
436 731 477 742 -
490 692 692 772 βουλεύομαι.

263 814 401 898 δεκάζειν
414 849 455 865 -ν
469 814 611 895 δικάζειν.

265 936 438 1016 διεωσάμην
452 974 493 986 -
506 937 708 1015 διεσωσάμην.

267 1060 370 1137 δόξαν,
396 1056 539 1137 δεδόχόοιι
553 1095 594 1105 -
609 1055 726 1142 δεῖξαι,
752 1056 920 1139 δεδεῑχόαι.

265 1180 422 1258 ἕξάιτνσεν
436 1216 478 1228 -
492 1178 649 1260 ἑζότιισεν.

267 1301 401 1374 ἐπέτειος
415 1339 456 1351 -
471 1301 618 1374 ἐπαίτιος.

267 1421 320 1498 ἕως
334 1461 377 1474 -
389 1422 477 1495 τόως.

267 1544 345 1623 ἥδιον
358 1583 399 1596 -
413 1544 495 1610 όδιον.

266 1667 471 1748 ἠκκλησίαζον
485 1705 527 1715 -
541 1666 768 1748 ἐξεκλησίαζον.

265 1788 405 1872 κολάψοοι
419 1839 427 1866 ,
454 1787 628 1868 ἐκκολάψαι
641 1828 685 1839 -
698 1788 792 1869 κόψαι
800 1836 809 1867 ,
835 1787 976 1868 ἐκκόψαι.

266 1911 392 1990 κομόσοιι
406 1948 449 1960 -
463 1918 627 1989 κοσμῆσαι.

266 2033 418 2112 ληχθῆναι
432 2069 474 2080 -
488 2032 655 2111 λεχθῆναι,
681 2031 847 2111 δειχθῆναι.

266 2152 377 2232 όμόσαι
391 2189 435 2201 -
447 2154 650 2229 ὁμολογῆσαι.

266 2276 393 2356 πάτριος
408 2312 448 2322 -
463 2279 622 2353 ποιτρῶιος.

266 2397 355 2471 πόλις
370 2435 411 2446 -
425 2394 582 2463 πολιτεία.

266 2517 393 2600 πράττω
407 2557 449 2567 -
462 2516 664 2598 προστάττω,
689 2514 803 2582 τάττω.

263 2644 402 2723 πράγμοο
416 2677 457 2689 -
471 2636 676 2720 πρόσταγμα.

264 2766 333 2847 ρ’ρῖον
347 2799 389 2811 -
402 2760 512 2842 ῥᾴδιον.

264 2883 370 2966 σφίσιν
385 2920 427 2931 -
439 2887 545 2962 φησιν.

263 3006 295 3070 τό
318 3003 520 3069 παόάν-τί
543 3003 657 3082 μοιόών.
715 3013 718 3018 ’

264 3127 350 3202 τότόν
364 3163 406 3175 -
419 3126 506 3200 τάόν.

262 3248 384 3332 φαόνειν
398 3284 441 3296 --
453 3246 558 3328 φέρειν
583 3251 614 3311 ei
640 3248 823 3332 composita.

262 3368 383 3453 φόεόρω.
409 3367 642 3450 περιφόεόρομαι
657 3405 699 3415 -
713 3366 806 3448 φέρω.
832 3368 1046 3450 περιφέρομαι.

262 3496 402 3573 φλαῦρον
416 3530 460 3540 -
471 3494 606 3572 φαῦλον.

217 3614 333 3699 quibus
356 3613 476 3677 similia
499 3611 635 3697 quilibet
658 3631 697 3674 ex
719 3616 873 3695 apparatu
895 3608 1014 3677 critico
1037 3611 1198 3697 Platonis,
1223 3613 1413 3680 Demosthe·

216 3735 267 3800 nie
290 3737 323 3798 et
346 3733 481 3798 eliorum
505 3733 598 3819 plena
620 3753 719 3798 manu
741 3732 875 3798 adiicere
898 3736 1024 3818 poterit.

261 3854 471 3941 Inspiciamus
504 3877 542 3920 ex
572 3856 622 3920 hie
654 3853 806 3920 nonnulle
842 3855 948 3940 paullo
984 3855 1182 3943 diligentius.
1231 3865 1339 3921 ΑΙΡΩ
1374 3864 1413 3924 111

209 3993 306 4044 'eeeue
338 3983 370 4041 et
399 3977 525 4041 fortune
554 3977 675 4042 ferebat
705 3982 761 4042 aui
792 3976 863 4056 αἴρω
894 3979 950 4042 1111
981 3978 1053 4057 αἱρῶ
1078 3978 1274 4044 scribebatur
1298 3984 1354 4044 aut
1378 3982 1413 4045 in

218 4099 269 4180 ε’ρῶ
298 4098 576 4182 corrumpebatur,
601 4098 734 4162 utini
759 4097 851 4177 λόγος
877 4099 938 4179 ἕρεῑ
958 4118 1015 4183 pro
1039 4097 1128 4177 αἱρεῖ.
1175 4098 1261 4165 Hinc
1285 4119 1413 4167 sexcen-

216 4223 277 4286 ties
300 4221 383 4284 inter
406 4239 438 4283 ee
461 4221 690 4302 permiscentur
714 4220 868 4298 αἴρεσθαι,
894 4221 1058 4300 αἱρεῖσθαι,
1084 4217 1232 4299 άρασόοιι,
1257 4221 1411 4308 άρεῖσόοιι,

215 4340 391 4424 αἰρόμενος,
424 4338 559 4421 ἐρόμενος
591 4345 623 4407 ei
652 4342 726 4409 sim.
761 4344 796 4407 in
831 4343 946 4428 quibus
982 4342 1131 4407 omnibus
1166 4363 1247 4428 quae
1281 4344 1411 4411 videtur
