3052 4970
649 221 714 289 427

101 413 355 500 ita'respondet:

236 514 415 599 Εὐρυνόμη,
439 516 482 592 μὴ
507 523 656 580 TATTA
681 515 827 594 παραθδα
850 516 998 598 κκδοροὲνρι
1022 542 1078 600 περ

241 624 349 712 [χρῶτ’
373 622 597 686 ἀπονίπτεσθαι
621 620 673 684 καί
697 621 888 700 ἐπιχρίεσθαι
913 625 1057 706 ἀλοιφῇ]

101 731 257 795 secundus
288 749 398 795 versus
430 729 556 812 spurius
588 731 636 790 est
665 731 697 791 et
727 747 791 790 una
812 726 912 791 litura
933 727 1095 794 delendus.
1143 731 1292 796 Refertur

102 834 139 899 de
169 856 260 900 more
291 839 396 899 ταῦτα
427 833 467 898 ad
499 853 536 898 ea
566 853 646 916 quae
675 832 883 917 praecedunt,
916 839 948 898 et
973 855 1067 900 nemo
1090 841 1161 921 post
1184 841 1290 902 ταῦτα

101 941 213 1006 eadem
236 943 361 1026 repetit„
407 939 465 1004 Est
488 941 585 1004 etiam
608 937 746 1003 alterum
770 944 893 1004 certum
917 944 949 1004 et
966 941 1187 1006 indubitatum
1207 942 1291 1008 frau-

102 1045 150 1112 dis
182 1050 214 1111 et
245 1044 497 1130 interpolationis
513 1044 682 1130 indicium
713 1047 747 1108 in
778 1046 882 1110 torma
911 1047 1144 1112 ἀπονίπτεσθαι.
1193 1048 1291 1114 Athe·

101 1153 226 1216 nienses
257 1172 366 1216 omnes
397 1156 428 1215 et
450 1151 695 1215 Atheniensium
719 1153 961 1236 antiquissimus
980 1153 1142 1219 Homerus
1164 1175 1293 1220 summa

101 1259 280 1322 constantia
303 1257 421 1341 ubique
445 1255 531 1336 νίζω,
554 1255 704 1336 ἀπονίζω,
730 1256 869 1337 διανίζω,
896 1259 1031 1339 περινίζω
1058 1260 1205 1325 dicebant
1225 1264 1292 1326 sine

100 1361 170 1426 ulla
193 1366 375 1447 exceptione
398 1363 612 1446 inpraesenti
635 1367 778 1448 tempore
800 1368 833 1428 et
855 1365 1050 1450 imperfecto.
1099 1365 1135 1430 In
1162 1369 1293 1432 caeteris

100 1467 198 1548 νίψω,
228 1466 339 1549 ἔνιψα,
364 1467 511 1549 νίψορκαι,
536 1465 708 1547 ε’νιψοίμνν,
733 1469 816 1534 unde
839 1467 966 1542 ἀνιπτος
990 1475 1022 1534 et
1046 1470 1237 1551 ποδάνιπτρα
1261 1476 1294 1537 et

100 1571 166 1638 alia
194 1572 336 1658 plurima
358 1573 575 1637 nascebantur.
622 1572 660 1636 In
682 1594 745 1638 uno
770 1573 928 1663 Odysseae
951 1574 1033 1640 libro
1057 1601 1076 1639 τ
1099 1577 1176 1642 haec
1200 1577 1292 1643 vide:

101 1676 181 1742 356.
211 1679 303 1759 νίψει.
336 1676 412 1743 358.
444 1679 540 1758 νίψον.
566 1674 641 1743 374.
667 1681 719 1743 οὐκ
743 1679 820 1762 εὀίρις
844 1680 940 1762 νίζειν.
969 1678 1044 1745 376.
1069 1681 1111 1760 τῷ
1135 1705 1171 1745 σε
1194 1680 1292 1755 πθδαρ

100 1784 191 1864 νίψω.
218 1781 293 1849 387.
318 1789 371 1850 τοῦ
395 1776 492 1856 πθδας
515 1782 550 1860 ἓξ
572 1783 724 1864 ἀπένιζεν.
751 1783 827 1850 392.
853 1785 924 1867 νίζε.
951 1784 1026 1849 505.
1052 1786 1117 1850 ε’πεί
1143 1786 1240 1866 νίψεν.
1261 1792 1294 1852 et

100 1893 147 1956 sic
179 1893 299 1977 passim
327 1893 362 1954 in
387 1895 522 1975 utroque
550 1894 690 1956 carmine
713 1901 749 1956 K.
776 1889 851 1957 572.
877 1892 943 1971 ἱδρῶ
968 1892 1083 1956 πολλὸν
1107 1891 1293 1972 ἀπενίζοντο.

101 1995 128 2076 ζ.
163 1993 243 2062 224.
278 1994 360 2076 χρία
384 1998 490 2079 νίζετο.
537 1995 662 2063 anteri
685 2018 794 2063 omnes
815 1998 1023 2062 Athenienses
1045 2000 1080 2062 in
1103 2019 1140 2064 ea
1162 2020 1196 2064 re
1219 1998 1294 2064 fide·

99 2101 178 2169 liter
211 2123 286 2167 cum
315 2101 457 2168 Homero
480 2104 668 2187 conspirant.
714 2102 752 2166 In
775 2106 931 2188 praesenti
954 2108 1096 2188 temporo
1122 2104 1293 2189 ἀπονίζειν,

100 2207 245 2289 διανίζειν
280 2213 354 2273 oett.
376 2210 410 2272 in
433 2210 565 2273 caeteris
588 2209 757 2287 ἀπονίψαι,
781 2211 1012 2294 ἀπονίψασθαι,
1036 2210 1294 2295 ἀπονενιμμένος,

100 2315 271 2403 Tragicos,
305 2310 469 2388 Oomicos‚
501 2312 639 2398 reliquos
664 2335 780 2400 omnes
810 2320 989 2382 constanter
1011 2317 1120 2382 audies
1143 2315 1293 2381 dicentes.

99 2420 215 2488 Grates
238 2418 394 2485 Athenaei
416 2439 489 2506 pag.
514 2417 591 2486 267.
613 2429 650 2484 E.

219 2523 312 2604 ἔγχει
339 2525 442 2590 κύαθε.
468 2522 573 2590 ποῦσθ’
599 2527 616 2600 ἡ
641 2523 750 2600 κθλιξς
778 2525 887 2606 διάνιζ’
913 2529 1001 2592 ίοῦσα
1026 2529 1153 2602 σαντιίν.

98 2630 325 2718 exemplorum
349 2630 443 2717 plena
466 2636 540 2696 sunt
563 2634 680 2696 omnia.
726 2631 788 2697 His
810 2635 914 2720 igitur
938 2633 1086 2698 omnibus
1110 2655 1187 2697 ααιιε
1210 2633 1294 2718 apud

96 2739 295 2805 Homerum·
318 2735 407 2802 locus
441 2737 625 2804 adversatur
657 2739 748 2822 isque
783 2740 881 2804 etiam
912 2738 976 2804 alia
1006 2741 1100 2824 gravi
1130 2738 1169 2803 de
1201 2758 1295 2803 causa

96 2846 311 2912 vehementer
339 2854 513 2929 suspectus.
560 2842 726 2928 Sequiores
757 2843 888 2908 demum
920 2865 959 2909 ex
992 2843 1085 2923 νίψω,
1109 2840 1199 2921 ἔνιψα
1223 2863 1295 2908 ana·

97 2951 228 3040 logiam
259 2952 360 3015 secuti
391 2949 486 3014 νίπτω
517 2950 695 3015 formarunt
726 2957 758 3014 et
790 2950 897 3015 crebro
921 2955 1083 3034 usurpant.
1132 2948 1295 3034 Usurpent

97 3077 193 3140 sane,
217 3055 375 3120 modone
398 3056 469 3139 quis
491 3055 532 3118 τά
557 3054 717 3134 νεωτερικά
740 3059 845 3119 ταῦτα
867 3060 900 3120 et
924 3077 962 3120 ex
986 3076 1088 3120 errore
1111 3059 1188 3121 nata
1210 3057 1292 3120 anti·

98 3165 176 3248 quis
199 3159 384 3225 litterarum
406 3163 621 3227 monumentis
644 3160 782 3227 affricare
805 3160 894 3228 velit.

147 3265 263 3332 Unum
295 3266 387 3333 addo:
419 3287 513 3332 nemo
543 3267 788 3332 Atheniensium
817 3273 941 3353 praeter
976 3268 1080 3333 solum
1114 3266 1295 3332 Homerum

95 3376 209 3440 utitur
239 3373 337 3439 verbo
368 3372 508 3458 simplici
538 3371 635 3453 νίζειν.
660 3371 812 3453 ἀπονίζειν
837 3373 993 3440 dicebant.
1042 3373 1121 3453 Quis
1144 3374 1295 3450 ιάγνυριι,

95 3479 218 3554 danaae
251 3483 375 3563 praeter
404 3477 585 3542 Homerum
609 3498 764 3562 umquam
788 3479 870 3543 dixit
893 3501 950 3564 pro
974 3481 1174 3558 κατοίγννριι,
1200 3477 1297 3543 aerea-

96 3581 200 3664 λυμιί
236 3583 410 3648 Poetarum
440 3588 514 3649 sunt
547 3583 677 3667 θνήσκω,
709 3585 832 3663 κτείνω,
859 3585 989 3669 φθείρω,
1013 3584 1150 3671 populus
1174 3575 1314 3649 dicebat

94 3690 303 3765 ἀποθνήσκω,
329 3690 518 3766 ἀποκτείνω,
543 3689 715 3769 διαφθείρω.
751 3689 863 3774 Itaque
887 3690 990 3755 ι’ίίοίνε
1015 3691 1099 3776 apud
1118 3689 1298 3758 Homerum

94 3803 147 3865 eet
185 3793 331 3869 ἀνιππος,
361 3795 496 3862 Athenis
528 3794 748 3868 ἀναπόνιπτος.
795 3795 948 3862 Perverse
980 3798 1105 3881 scripsit
1134 3795 1299 3862 Bekkerus

95 3915 135 3971 Z.
164 3901 253 3968 266:

289 4009 378 4089 χερσὶ
405 4010 430 4075 δ’
455 4010 616 4091 ἀνίπτροιν
641 4008 697 4076 Διί
718 4010 835 4090 λείβειν
859 4010 971 4075 αίθοπα
995 4015 1094 4074 εοῖνον.

144 4114 274 4184 Melius
295 4116 499 4181 Aristarchus
522 4118 700 4182 ἀνίπτοισιν.
739 4117 953 4182 Aristonicus:
977 4116 994 4190 ἡ
1017 4117 1111 4188 διπλῆ
1134 4113 1300 4201 (περιετιγ-

94 4222 197 4306 μίαν)
230 4216 276 4285 ὅτι
308 4222 468 4296 Ζηνόδοτος
502 4222 620 4306 γράψει
654 4226 886 4304 ἀνίπτιρσιν.
923 4224 976 4288 οὐκ
1007 4222 1052 4291 ἔτι
1082 4222 1114 4288 δὲ
1145 4223 1162 4298 ἦ
1196 4223 1299 4287 εὐθεῖα

93 4329 274 4403 ἀνίπτκ.
319 4326 543 4402 Ἀναπθνιπτος
576 4329 697 4416 legitur
723 4331 758 4395 in
782 4330 1003 4416 Aristophanis
1025 4329 1138 4415 Equiti.
1166 4325 1242 4396 357.
1267 4336 1300 4394 ot
