3052 4970
796 235 861 308 388

235 443 294 504 τῶν
317 427 579 514 συμφραζομένων
601 431 781 517 excogitare
804 430 927 517 aliquid
949 430 1033 519 quod
1054 428 1220 516 probabile
1243 432 1326 495 esset.
1353 426 1399 493 lc

235 542 319 610 fellit
341 557 582 622 nonnumquam
605 539 640 602 in
663 535 783 603 talibus
806 539 1029 603 acutissimum
1052 539 1162 603 virum
1187 538 1301 622 opinio.
1338 533 1401 614 Quis

236 641 429 714 mirabitur?
471 643 640 709 Discamus
672 645 780 729 potius
813 665 853 710 ne
888 647 924 708 in
952 643 1130 710 Aristarchi
1164 642 1294 727 quidem
1323 640 1403 707 rerba

236 757 360 828 iurare,
393 755 426 815 et
454 754 619 836 propterea
647 751 857 835 inspiciamus
886 748 989 814 alium
1021 750 1179 834 opinionis
1210 745 1402 823 errorem‚in

234 881 332 948 quem
352 855 546 925 (lritioorum
568 857 713 941 princeps
734 855 920 941 implicatus
942 860 991 920 est
1014 855 1050 918 in
1071 854 1164 920 Iliad.
1188 863 1227 919 K.
1249 851 1321 920 226.

739 964 848 1040 μοῦνος
871 962 898 1026 δ’
921 957 1007 1043 εἴπερ
1029 985 1066 1025 σε
1090 959 1178 1042 νοήσρ

374 1068 463 1137 άλλά
486 1067 521 1133 τέ
543 1090 582 1133 σοι
604 1065 749 1147 βράσσων
770 1093 806 1132 τε
831 1066 912 1145 odor,
936 1067 1039 1141 λεπσέρ
1062 1065 1095 1132 δέ
1118 1090 1154 1130 τε
1176 1074 1279 1144 μῆτις.

281 1177 497 1246 Aristonicus:
525 1176 542 1251 οἱ
566 1172 658 1249 διπλῆ
683 1169 728 1239 ὅτι
750 1175 775 1239 οἱ
799 1175 1042 1256 γλωσσογράφον
1066 1170 1256 1253 βράσσων
1278 1168 1340 1235 riori
1361 1168 1403 1230 roi

237 1283 420 1353 έλάσσων
442 1281 505 1346 άπὸ
527 1283 581 1345 τοῦ
605 1277 749 1360 βροοχύο·
773 1279 848 1346 άλλ’
872 1282 1006 1358 οὐδοομοῢ
1030 1277 1181 1361 κέχρντμο
1204 1276 1299 1358 τούτῳ
1317 1271 1402 1351 'Ocn-

238 1416 297 1476 ρος.
320 1385 538 1455 άσοδοτέον
569 1381 618 1451 οὖν
640 1383 850 1466 βρασσόμενος
874 1384 1104 1467 σοοροοσσάμενος
1129 1384 1181 1449 διά
1204 1383 1240 1448 τὸ
1263 1380 1338 1455 δέος,
1354 1379 1402 1456 οὐχ

237 1498 351 1572 §cnudo
375 1494 424 1559 δνοὶ
448 1495 504 1568 rto
525 1491 672 1570 άνωνθοον.
718 1490 785 1578 Ipsi
807 1493 991 1558 Aristarcho
1013 1492 1123 1577 reponi
1148 1492 1263 1577 possit:
1283 1483 1352 1553 ἄλλ’
1367 1485 1404 1549 οὐ·

211 1606 339 1685 ·δοομοῦ
374 1598 472 1681 τούτῳ
507 1596 657 1680 κέχρητοον
688 1595 837 1680 Ὅμηρος.
895 1597 993 1664 Verbi
1027 1596 1154 1678 βράσσω
1189 1617 1247 1683 pro
1282 1591 1408 1674 τοράσσω
1471 1670 1474 1676 ¹

238 1730 396 1797 nusquam
433 1706 506 1774 vola
536 1709 593 1770 aut
623 1707 800 1792 vestigium
836 1708 893 1770 cst.
940 1700 1058 1770 (lontra
1087 1704 1230 1785 βροχθο,
1264 1701 1408 1782 βράσσων,

239 1819 392 1899 βράχνςος
417 1816 502 1878 certa
525 1808 672 1897 analogia
694 1811 821 1875 nititur.
844 1808 956 1894 ltaque
974 1830 1068 1875 nemo
1086 1811 1122 1874 in
1140 1829 1178 1875 ea
1195 1831 1231 1890 re
1253 1803 1409 1874 Aristarchi

238 1924 460 1992 auctoritatem
490 1922 617 1982 secutus
648 1919 696 1981 est
724 1921 757 1981 et
788 1913 932 1997 βράσσων
956 1914 1018 1987 νέος
1041 1918 1196 2002 accipitur
1219 1917 1259 1982 ab
1281 1911 1408 1980 omnibus
1508 1941 1509 1952 ,

237 2033 332 2097 utin
355 2025 498 2092 Timonis
520 2021 693 2089 versiculo:

511 2131 577 2193 νοῦν
598 2129 625 2193 δ’
649 2124 736 2208 εἶχεν
760 2125 914 2194 ἕλάσσονοο
937 2121 1125 2210 enitescere.

283 2238 485 2306 Herodianus
515 2234 582 2316 περὶ
606 2243 684 2299 Μον.
707 2247 749 2301 A.
772 2256 802 2320 p.
819 2232 872 2301 37.
898 2233 930 2300 4.
959 2254 1147 2300 enumerans
1171 2231 1305 2311 θάσσων,
1327 2225 1407 2311 βράσ·

239 2371 314 2425 σοον,
353 2342 501 2420 πάσσων,
530 2339 677 2420 μάσσων,
708 2339 836 2419 βάσσων
866 2341 992 2429 (βοοθάρ)
1028 2346 1060 2408 et
1092 2338 1254 2419 ἐλάσσων,
1287 2339 1322 2404 de
1348 2334 1406 2400 Ari·

239 2452 358 2521 starchi
388 2451 534 2536 opinioue
565 2468 605 2513 ne
639 2447 775 2516 verbum
806 2448 936 2532 quidem
970 2448 1065 2525 facit,
1096 2449 1173 2533 quia
1210 2449 1277 2512 iam
1312 2458 1404 2513 nemo,

238 2559 347 2636 credo,
371 2577 443 2622 eam
465 2554 625 2621 tuebatur.
1136 2581 1141 2586 ·

778 2867 881 2933 LXX.

581 3127 584 3134 ·
646 3093 847 3145 Aronnoruus
869 3092 1018 3143 suemus.

284 3289 434 3357 Vidimus
464 3285 673 3374 Apollonium
703 3286 868 3354 Rhodium
895 3286 1021 3353 laudari
1051 3287 1082 3352 έν
1105 3287 1146 3368 τῷ
1170 3284 1245 3367 πρὸς
1269 3280 1405 3360 Ζννθδοσον
1506 3285 1507 3288 ’

239 3403 272 3465 et
306 3397 346 3462 ab
381 3415 418 3460 eo
447 3415 504 3480 pro
540 3392 707 3466 άνέσοοντες
743 3394 811 3483 legi
845 3393 1026 3473 οἰνωθέντες,
1062 3395 1097 3460 id
1129 3398 1177 3460 est
1210 3414 1268 3479 pro
1295 3391 1405 3472 entique

238 3503 345 3593 glossa
375 3499 568 3567 vocabulum
599 3499 745 3586 populari
776 3521 918 3567 sermone
946 3503 1071 3566 tritum.
1118 3499 1155 3565 Si
1177 3502 1301 3586 scripsit
1322 3499 1405 3561 οονθθ

237 3609 416 3675 Ζονοοθοθοοο
456 3604 549 3671 facile
590 3605 806 3694 intelligimus
848 3607 886 3672 de
927 3605 1063 3672 Homeri
1103 3608 1354 3692 interpretatione
1380 3601 1405 3663 et
1436 3675 1441 3684 Ι

238 3714 458 3781 emendatione
487 3715 522 3777 in
551 3731 587 3777 eo
616 3711 697 3778 libro
729 3717 837 3778 actum
869 3712 976 3778 fuisse.
1024 3710 1115 3778 Sitne
1147 3711 1307 3784 οἰνωθέντες
1327 3703 1403 3793 Apol·

237 3821 317 3887 lonii
349 3820 499 3885 correctio
530 3838 570 3883 en
600 3838 662 3883 non
693 3820 736 3884 sit
767 3820 839 3903 quis
866 3815 969 3884 dicat?
1013 3816 1076 3884 Sed
1098 3821 1127 3884 si
1148 3820 1194 3884 sic
1217 3840 1274 3905 pro
1295 3818 1404 3884 obscuro

239 3931 272 3992 et
302 3927 465 4009 antiquato
496 3921 662 3997 άνέσοονσες
695 3924 733 3990 dc
765 3944 822 3989 suo
853 3925 979 4010 scripsit
1011 3924 1076 3991 vile
1108 3926 1263 3991 damnum
1289 3927 1333 3990 est
1352 3937 1404 3986 cae

237 4036 306 4097 tera
336 4031 475 4117 periisse.
524 4029 661 4096 Omnino
692 4050 754 4096 non
784 4031 812 4095 is
845 4036 893 4096 est
920 4028 1108 4117 Apollonius
1138 4030 1299 4106 Rhodius.
1329 4043 1404 4114 quem
1505 4049 1506 4066 ν

239 4159 279 4203 ex
301 4135 511 4218 Ανρονοονοθάοθο
541 4136 638 4222 probe
668 4138 834 4224 cognitum
864 4136 1037 4222 habemus,
1070 4141 1109 4201 ut
1139 4159 1213 4203 eum
1239 4139 1277 4204 de
1298 4137 1403 4222 linguae

239 4241 429 4308 Homericae
460 4261 521 4306 usu
551 4243 709 4308 dicentem
741 4243 850 4307 audire
882 4245 1001 4329 cupias.
1048 4242 1239 4310 Incredibile
1264 4244 1345 4310 dictu
1368 4239 1403 4301 est

238 4351 273 4416 in
295 4369 391 4436 quem
414 4351 611 4432 portentosos
635 4369 753 4415 errores
775 4369 808 4416 se
831 4349 927 4415 homo
945 4349 1093 4436 implicet
1111 4371 1214 4437 quum
1231 4373 1264 4418 se
1280 4349 1403 4436 linguam
