3086 4968
576 185 584 196 ⁸
679 245 742 317 501

124 443 184 505 τῶν
216 435 349 525 risioni}
384 440 409 504 εἰ
443 439 474 505 δὲ
509 437 628 520 μηδένα
661 442 757 522 <ocioso
790 443 1030 525 συναχθεσθείην
1052 419 1104 510 ὀἰν
1139 442 1241 526 ἔγωγε
1275 453 1315 530 τῇ

125 545 213 611 τέλει
248 546 312 611 ιιτὲ.
359 545 456 611 Recte
487 547 608 613 iudicat
638 547 816 614 Dobraeus:
850 597 867 626 ,,
878 549 914 633 [εἰ
946 550 1028 627 μήτε
1055 555 1113 616 τῶν
1138 589 1180 599 -
1197 549 1314 637 ὕςερυυ]

124 653 232 736 optimo
254 653 332 718 delet
355 648 569 718 Mooklondos.
594 653 730 718 Scholion
753 661 795 718 eet
817 655 860 718 αθ
879 653 979 741 seqq.''

169 863 249 951 Pag.
283 860 359 929 494.
390 861 418 928 5.
444 861 492 927 δεῖ
510 861 607 927 τοίνυν
619 861 813 948 ’,μεμερίσθαι
838 861 890 926 καί
915 863 957 928 τοί
980 870 1039 930 τῶν
1062 865 1190 948 δωρεῶν,
1215 865 1253 933 ἵν’
1279 863 1313 942 ἧς

123 970 162 1035 ἂν
194 965 279 1043 ἄξιος
312 967 350 1032 εἰν
381 964 489 1041 έκαςος
520 968 672 1051 φαίνηται
703 966 821 1042 ταύτην
851 970 937 1048 ταρίι
964 976 1017 1036 τοῦ
1041 971 1135 1051 iinon
1158 974 1313 1056 λαμβοίνη

125 1077 192 1161 [την
224 1073 363 1162 inperio}
411 1072 486 1139 Sine
515 1092 605 1139 moro
637 1095 784 1161 expungo
806 1076 889 1139 iners
910 1079 943 1140 et
964 1098 1232 1163 supervacaneum
1255 1083 1311 1158 την

123 1180 246 1263 δυρεοίν.
293 1181 333 1246 In
355 1181 415 1246 hoo
438 1182 587 1246 orationis
611 1180 733 1258 forma,
757 1183 792 1246 in
815 1201 878 1265 qua
900 1178 933 1256 ic
956 1184 1115 1268 praecedit
1138 1191 1171 1250 et
1193 1187 1311 1260 ταύτην

123 1289 286 1372 sequitur,
305 1307 423 1352 nomen
444 1289 501 1352 aut
519 1288 699 1371 pronomini
717 1285 852 1354 relativo
872 1288 1000 1354 additur
1022 1295 1078 1357 aut
1099 1290 1192 1376 plane
1215 1294 1311 1358 omit-

122 1395 222 1472 titur,
245 1397 284 1457 ut
305 1392 433 1458 Latine:
464 1383 469 1392 ’

304 1518 402 1582 quam
424 1497 547 1583 quisque
570 1497 652 1562 norit
674 1501 775 1562 artem
799 1498 833 1562 νἰι
855 1499 911 1562 hoc
931 1521 963 1564 ao
984 1511 1127 1570 coerceat.

121 1626 195 1693 pag.
228 1600 304 1669 285.
339 1602 392 1668 11.
423 1600 459 1678 ἣν
489 1602 551 1683 γὰρ
581 1603 595 1668 θ
624 1600 717 1682 κιίρυξ
740 1604 827 1668 κατὰ
849 1603 920 1676 τοὺς
943 1604 1050 1685 νόμους
1073 1610 1175 1690 φωνὴν
1197 1609 1310 1694 οἰφίηοι

122 1711 239 1786 ταύτην
272 1711 368 1784 κνινίρν
397 1715 452 1782 τῆς
485 1708 630 1789 τατριόος
656 1707 771 1774 δίκαιόν
795 1710 857 1778 ico
883 1713 1038 1788 ἡγεῖσθαι.
1070 1736 1145 1802 pag.
1169 1713 1244 1780 412.
1270 1714 1308 1781 ὧν

122 1818 165 1883 τίι
198 1827 256 1892 τῆς
289 1816 407 1887 πόλεως
442 1813 625 1896 τροίγριατα
657 1815 830 1896 χρημάτων
864 1816 1010 1902 cotton,
1046 1819 1159 1885 τούτων
1196 1820 1309 1900 τίρνας

123 1922 270 2004 ηγθραζεν
304 1923 321 1998 ἢ
352 1922 452 2003 ἰχθῦς.
483 1942 555 2011 pag.
591 1920 666 1988 516.
697 1919 728 1989 7.
753 1916 786 1995 ἣν
805 1959 847 1970 -
865 1926 1137 2005 καταχειροτονίαν
1168 1926 1181 1988 i
1216 1926 1309 2004 δῆμος

123 2030 285 2106 ἐποιήσατο
309 2028 427 2104 ταύτην
452 2027 646 2110 εἰσέρχομαι,
670 2032 702 2094 11
725 2048 834 2093 omnes
857 2034 1035 2096 constanter
1056 2031 1117 2097 hae
1139 2033 1309 2098 verborum

122 2137 348 2221 compositione
369 2138 516 2200 1111111111.

166 2348 248 2435 Peg.
277 2344 353 2411 495.
385 2343 439 2411 20.
468 2344 500 2409 τί
530 2349 620 2409 τοῦτο
651 2345 764 2410 Μαθὼν
796 2344 1008 2428 aposioposis
1039 2346 1123 2414 Satis
1150 2349 1235 2433 apud
1257 2363 1311 2416 1111

121 2457 246 2519 constat
275 2454 311 2516 in
340 2450 400 2517 tali
429 2472 463 2516 re
494 2449 527 2516 τί
556 2451 660 2530 μαθών
690 2471 757 2516 1111
788 2452 977 2518 mendosum
1007 2474 1042 2519 ac
1072 2456 1154 2521 vitio
1176 2461 1308 2535 natum,

120 2579 221 2645 quum
253 2562 431 2625 constanter
459 2557 666 2621 Athenienses
696 2557 728 2620 τί
757 2558 865 2622 [Inicio
897 2558 1000 2624 dicere
1023 2559 1169 2625 solerent.
1215 2561 1309 2627 Prae

120 2672 207 2732 terea
236 2664 299 2730 duo
329 2663 427 2730 verbe
456 2661 526 2728 loco
556 2682 613 2728 suo
645 2666 733 2727 mota
763 2682 831 2728 esse
861 2662 954 2729 video
984 2668 1017 2728 11
1038 2666 1254 2750 reponendum
1276 2669 1309 2733 τί

121 2773 224 2838 ταθὼν
246 2775 336 2836 τοῦτο
359 2770 589 2852 τροσὲγραψενς

162 2979 243 3068 Peg.
275 2976 353 3045 497.
387 2977 418 3045 6.
451 2977 523 3057 μηδ’
552 2975 598 3044 ὅτι
623 2977 726 3049 δοῦλος
751 2975 789 3040 ὢν
812 2976 826 3040 ἰ
850 2974 987 3047 Λυκίδας
1011 2974 1064 3040 καί
1089 2980 1243 3054 Διονύσιος
1263 3021 1304 3034 .-

117 3085 252 3168 τρθξενοι
285 3083 435 3164 γεγόνασι
468 3085 517 3150 διὰ
550 3082 631 3148 τοῦθ’
665 3081 780 3162 ἑτέρους
816 3079 943 3167 [οἰξίυυς]
976 3080 1029 3146 καί
1061 3083 1229 3168 ἐλευθέρους
1253 3091 1306 3156 καὶ

116 3198 241 3257 πολλῶν
271 3192 397 3269 οἰγαθῶν
427 3190 560 3264 αἰτίους,
593 3181 631 3261 ἃς
663 3185 779 3266 ἔλαβον
808 3185 931 3260 δικαίως
968 3188 1041 3268 παρ’
1079 3189 1160 3268 ὑμῶν
1194 3191 1306 3274 δωρεὰς

116 3295 293 3381 ἀφελέσθαι
324 3295 501 3378 ζητούντων.
549 3295 727 3361 Dobraeus:
760 3294 941 3372 „detentioni
970 3293 1088 3358 oidetror
1114 3293 1218 3371 οἰξίους
1241 3322 1269 3364 υ.
1284 3303 1306 3367 ἰ.

108 3427 170 3489 pro
202 3403 317 3476 αἰτίους
348 3403 441 3467 οιιιι1.”
486 3402 585 3468 Plane
610 3401 762 3467 assentior
786 3404 818 3466 11
840 3419 931 3484 saepe
954 3399 1023 3466 vidi
1045 3396 1130 3474 ἄξιος
1153 3407 1186 3467 11
1208 3402 1305 3479 αἰτιος

114 3512 203 3576 inter
225 3530 258 3575 se
280 3512 473 3596 permutata.

162 3719 244 3808 Peg.
276 3716 352 3784 498.
380 3717 435 3784 20.
460 3716 489 3782 εἰ
509 3740 579 3782 τινα
601 3721 660 3781 τῶν
684 3715 851 3797 εὑρημένων
871 3716 926 3790 τὴν
949 3713 1061 3794 δωρεὰν
1083 3711 1207 3789 οἰνοίξιον
1229 3714 1308 3786 εἰναί

115 3832 217 3909 Φασιν
250 3823 267 3899 ἣ
292 3825 337 3902 μὴ
362 3821 572 3900 τεπαηκθΤΛ
597 3823 651 3906 ἐφ’
675 3817 717 3896 οἷς
741 3818 841 3901 εὕρετο
865 3818 949 3901 έχειν
973 3821 1037 3886 κτὲ.
1084 3819 1307 3891 Necessarium

116 3929 291 3998 articulum
314 3930 501 4014 praecedens
524 3927 649 4016 syllaba
672 3927 815 3995 abstulit.
862 3926 939 4014 leg.
963 3928 1009 4006 oi
1031 3927 1220 4002 τετοιηκθτα
1245 3938 1306 3998 ΤΛ

54 4051 58 4057 ’
116 4036 170 4119 ἐφ’
194 4032 237 4108 οίς
261 4033 373 4116 εὕρετο.
407 4033 507 4119 Saepe
530 4037 564 4100 in
587 4034 706 4099 talibus
727 4033 900 4098 articulum
923 4034 1053 4118 periisse
1075 4032 1162 4118 vidi,
1186 4034 1224 4100 de
1243 4059 1307 4124 qua

115 4165 151 4209 re
176 4143 217 4209 ed
240 4141 343 4208 elium
365 4139 589 4206 Demosthenis
611 4140 719 4205 locum
742 4138 913 4226 diligenter
935 4138 1048 4204 dicam.

161 4352 245 4439 Pag.
278 4347 356 4416 499.
384 4345 439 4417 27.
472 4347 555 4428 μθνοι
586 4353 644 4412 τῶν
674 4346 798 4414 οτιὶντυν
827 4343 984 4413 coccineo
1020 4347 1070 4412 ἕτί
1107 4355 1169 4415 nois
1202 4366 1307 4418 τελευ-
