3080 4972
514 1770 991 1838 PRAEFATIO.

654 2106 848 2126 υΝΛΜΛΛΙν

194 2391 345 2482 Rogatus
370 2392 410 2458 ab
435 2392 547 2458 amieis
574 2396 611 2457 nt
634 2392 850 2458 intermissam
870 2407 1083 2459 ιιιιιιιιοιιιιιιι
1106 2393 1279 2460 editionem
1301 2396 1348 2460 in·

150 2521 332 2581 stauraram
364 2533 427 2579 non
457 2515 581 2580 inritus
606 2515 648 2578 iis
670 2533 793 2579 morem
816 2513 901 2601 gessi
924 2518 956 2579 et
978 2534 1079 2599 quum
1101 2535 1165 2580 nno
1188 2515 1349 2601 alteroque

65 2649 68 2654 '
151 2636 321 2704 volumine
345 2637 380 2699 in
402 2633 509 2700 luaern
533 2637 649 2701 emisso
671 2633 774 2699 editor
796 2655 815 2700 a
838 2655 891 2700 me
912 2639 1034 2720 pateret
1056 2640 1094 2700 ut
1116 2656 1196 2722 quae
1217 2636 1349 2722 posthae

149 2761 330 2845 scripturus
362 2777 462 2822 essem
494 2759 528 2822 in
559 2777 661 2822 unum
692 2755 824 2822 oolleeta
855 2761 887 2821 at
909 2760 1000 2824 novis
1022 2757 1348 2825 animadversionibus

148 2885 247 2946 aneta
279 2879 411 2944 seorsim
442 2879 494 2944 edi
524 2883 666 2965 paterer,
698 2884 736 2945 ιιι
767 2880 802 2944 in
838 2877 940 2944 Variis
969 2879 1159 2944 lectionibus
1183 2880 1345 2957 iecissem.

147 2999 266 3067 lubens
284 3000 317 3065 id
337 3021 390 3066 me
411 2999 571 3066 facturum
591 3001 743 3086 promisi,
766 3005 798 3066 et
810 3002 862 3066 ‘sio
882 2999 960 3065 haee
980 3017 1202 3067 maomnannn
1222 3017 1348 3067 carmos

148 3127 227 3189 nata
250 3126 341 3199 sunt,
369 3123 541 3207 inquibus
566 3121 741 3187 seeundum
764 3123 955 3207 scriptorum
980 3117 1174 3188 Graecorum
1200 3123 1347 3189 amanda-

148 3246 274 3310 tionem
305 3243 364 3308 hoo
393 3245 600 3329 potissimum
632 3245 686 3331 egi
717 3247 755 3308 ut
786 3243 824 3308 de
855 3238 1010 3309 Oodioum
1032 3264 1093 3308 nau
1114 3248 1146 3308 et
1170 3244 1347 3329 discrepan-

149 3368 236 3431 tium
261 3367 490 3449 seripturarum
513 3364 639 3431 delectu
663 3367 853 3431 sententiam
872 3385 979 3430 meam
998 3363 1206 3432 ostenderem.
1241 3363 1345 3445 Quam

149 3487 273 3557 vellem
297 3487 380 3554 mihi
403 3487 512 3554 liceret
534 3508 636 3554 unum
660 3492 694 3552 ιι
715 3485 852 3553 alterum
876 3485 1017 3553 nobilem
1041 3486 1226 3570 scriptorem
1248 3477 1346 3552 Grae-

149 3631 229 3677 oum
266 3631 306 3676 ax
339 3612 449 3695 paneis
483 3610 765 3695 praestantissimis
799 3605 969 3675 Oodioibns
1002 3605 1080 3673 Mss.
1117 3609 1165 3673 ita
1194 3608 1286 3675 edere
1307 3613 1345 3675 ιιι

148 3738 316 3817 apparatos
347 3731 482 3797 Gritioue
503 3736 585 3798 esset
607 3752 644 3797 ιο
666 3733 795 3797 nomina
820 3729 938 3818 dignus
961 3729 1092 3795 abiectis
1116 3731 1265 3797 omnibus
1286 3753 1345 3796 nu-

148 3853 204 3942 gis
223 3857 255 3918 ιι
275 3851 478 3938 quisquiliis,
499 3853 616 3939 quibus
634 3851 734 3943 vulgo
755 3856 934 3919 onerantur.
967 3850 1059 3918 Nune
1078 3854 1227 3938 'qnoniam
1247 3852 1344 3919 huius

148 3975 199 4038 rei
229 3993 333 4059 neque
359 3973 394 4038 in
428 3975 532 4059 patria
561 3979 689 4060 propter
709 3976 755 4040 rei
777 3973 926 4039 librariae
947 3971 1167 4039 difficultatem
1189 3977 1223 4039 at
1244 3994 1345 4062 angu-

148 4095 231 4161 stias
260 4092 330 4160 nlla
360 4114 431 4180 spes
461 4098 526 4173 est,
559 4115 661 4180 neque
689 4099 778 4162 extra
807 4095 928 4179 patrias
959 4092 1036 4160 fines
1065 4113 1135 4159 eam
1158 4091 1345 4160 facultatem

151 4222 185 4280 et-
219 4217 340 4300 eopiam
374 4234 522 4299 quaerere
552 4218 661 4295 iuvat,
694 4214 853 4301 reliquum
877 4219 925 4280 est
951 4219 987 4279 ιιι
1008 4214 1132 4280 futuros
1154 4215 1345 4300 scriptorum

150 4334 349 4404 Graecorum
374 4336 509 4402 aditores
532 4339 565 4401 in
589 4357 693 4402 meam
718 4339 906 4402 sententiam
932 4336 1112 4421 pertrahere
1135 4354 1237 4400 eonor.
1283 4337 1347 4402 Ad·
