3096 4972
681 269 750 354 529

120 472 342 540 adiumentum
371 475 405 540 id
436 476 527 540 nobis
549 474 671 540 fuisset.
718 474 811 540 Nunc
834 476 918 560 quod
942 474 1109 542 Terentius
1131 478 1165 541 in
1187 476 1304 544 fabulis

119 577 322 646 Oomioorum
354 581 464 647 fecisse
487 581 681 668 arguebatur
703 602 760 646 nec
784 582 852 647 ibat
875 579 997 648 inficias
1019 583 1054 646 in
1077 583 1303 670 1111111111-

117 683 189 772 logo
215 683 269 751 13.
297 753 298 756 ,

338 815 415 879 qaae
437 815 594 858 convenere
615 796 648 856 11
672 794 820 858 Andrium
842 817 878 858 αα
900 794 1059 860 Perinthia

334 899 461 984 fatetur
482 899 680 964 1111111111.

116 1003 203 1068 idem
232 1006 268 1069 in
298 1004 422 1070 duabus
450 1006 502 1070 his
533 1007 727 1071 orationibus
756 1007 877 1072 scribae
908 1010 1153 1092 commiserunt,
1187 1012 1241 1093 qui
1267 1009 1302 1073 in

116 1111 348 1176 Androtionem
378 1133 416 1176 ex
448 1111 628 1176 1111111111
657 1111 889 1178 transtulerunt
917 1115 1063 1183 nonnihil
1092 1114 1187 1200 idque
1219 1115 1303 1199 quod

115 1218 252 1282 minime
276 1219 491 1284 conveniebat.
872 1237 874 1240 ·

160 1324 199 1389 In
228 1324 280 1389 his
310 1323 398 1390 locus
429 1329 494 1408 est,
523 1344 584 1409 quo
608 1324 647 1390 de
670 1326 807 1412 agimus.
854 1323 891 1388 In
916 1326 1101 1392 Timocrates
1124 1328 1206 1392 dixit
1227 1349 1302 1415 pag.

118 1427 192 1495 757.
221 1429 251 1495 5.
276 1431 327 1495 καὶ
351 1434 483 1496 τοιαῦτα
507 1430 559 1495 καὶ
584 1435 724 1495 τοσαῦτα
747 1431 782 1494 τὸ
807 1433 919 1504 πλῆθος
939 1435 1023 1498 κακαὶ
1043 1434 1238 1512 εἰργασμένοι
1259 1435 1300 1506 εἷς

115 1537 200 1601 τοῦτ’
233 1538 434 1611 ἀναισθησίας
467 1535 518 1602 καί
549 1538 667 1615 τόλμης
701 1538 941 1617 προεληλύθασιν
972 1536 1041 1603 ὥσθ’
1066 1541 1088 1603 ὅ·
1103 1541 1159 1617 μὲν
1183 1539 1302 1624 (Timo-

116 1643 229 1732 crates)
246 1643 358 1713 ,οίεται
388 1646 426 1710 δι’
459 1646 568 1709 ἐκεῖνον
601 1644 854 1731 (Androtionem)
879 1645 933 1727 ὑφ’
958 1646 1038 1722 ὑμῶν
1060 1647 1263 1729 σωθήσεσθαι,
1287 1646 1301 1709 i

115 1751 145 1816 δὲ
177 1751 379 1838 (Androtion)
408 1750 627 1830 παρακάθηται
660 1749 711 1812 καὶ
744 1752 776 1814 ού
809 1749 1001 1815 καταδύεται
1025 1761 1088 1824 τοῖς
1112 1751 1300 1833 πεπραγμέ-

115 1882 182 1931 νοις.
231 1857 329 1923 Recte
359 1857 538 1923 1111111111
562 1858 669 1921 omnia
691 1861 724 1920 et
746 1854 839 1941 plena
861 1862 893 1921 et
919 1859 1084 1943 perspicua
1106 1864 1191 1923 sunt.
1237 1861 1301 1924 An-

115 1964 241 2028 drotion
261 1965 346 2028 enim
367 1961 498 2028 dicendo
518 1960 662 2038 valebat,
684 1967 810 2027 auctore
828 1962 1041 2029 Demosthene
1060 1983 1133 2052 pag.
1156 1962 1300 2030 594.14.

116 2066 159 2138 ἔτι
185 2069 250 2150 γὰρ
272 2069 472 2157 (Androtion)
491 2067 637 2147 τεχνίτης
657 2073 710 2131 τοῦ
729 2067 834 2145 λέγειν
853 2068 904 2132 καὶ
927 2069 1034 2134 πάντα
1053 2070 1105 2134 τὸν
1125 2070 1192 2148 βίον
1212 2067 1303 2150 iuxt-

115 2190 211 2240 λακεν
243 2176 283 2240 ἑνί
315 2173 419 2256 τούτῳ.
467 2173 578 2258 Itaque
601 2173 797 2240 Timocrates
819 2175 1023 2241 Androtionis
1043 2176 1222 2262 eloquentia
1244 2179 1303 2244 fre·

116 2287 168 2347 tus
203 2283 322 2347 dicitur
352 2301 424 2367 pag.
459 2278 534 2346 749.
568 2279 619 2345 16.
646 2282 769 2346 exitum
793 2283 906 2347 iudicii
928 2285 1063 2349 minime
1087 2287 1301 2351 extimescere.

115 2389 201 2455 Audi
231 2387 479 2453 Demosthenem
511 2389 635 2484 ipsum:
668 2386 825 2465 διεξιόντος
860 2389 963 2476 (τινὸς)
1001 2393 1039 2462 otc
1076 2390 1221 2472 χαλεπὸν
1251 2393 1302 2456 τὸν

115 2497 225 2574 aesta
258 2491 475 2573 ὑπολαμβάνοι
508 2491 610 2577 τύνδε,
639 2499 836 2576 τετυφῶσθαι
867 2496 918 2560 τὸν
949 2500 1054 2560 ταῦτα
1086 2495 1209 2574 λέγοντ’
1242 2494 1302 2580 ἔφη

118 2601 350 2689 (Timocrates).
374 2599 625 2680 συμπαρέσεσθαι
650 2600 712 2680 γοὶρ
739 2599 938 2680 Ἀνδροτίωνα
957 2602 1055 2681 ἐαυτῷ
1076 2602 1129 2666 καὶ
1150 2605 1302 2677 τοιούτους

115 2708 225 2785 λόγους
259 2708 377 2786 σχολὴν
407 2703 530 2784 άγοντα
560 2705 709 2789 ἐσκέφθαι
742 2707 808 2783 περὶ
843 2705 965 2770 πάντων
989 2703 1041 2773 ὅς’
1065 2705 1098 2772 εύ
1121 2707 1228 2772 εἰδέναι
1256 2706 1302 2773 ὅτι

116 2813 197 2878 οὐδὲν
230 2813 313 2894 αύτῷ
345 2815 501 2890 γενήσοιτο
525 2817 662 2893 φλαῦρον
685 2811 748 2877 άπὸ
773 2820 826 2886 τῆς
852 2819 980 2892 γραφῆς
1004 2813 1104 2885 τῆσδε.
1153 2811 1302 2900 Indigna—

115 2920 241 2987 bundus
264 2918 370 2984 addit:
395 2918 446 2982 eat
472 2917 551 2992 δῆτα
576 2919 626 2981 καὶ
650 2916 836 2994 τεθαύμακα
860 2920 914 2993 τὴν
938 2919 1164 2998 ἀναισχυντίαν
1194 2923 1301 2988 τούτου

114 3051 151 3092 τε
181 3025 339 3109 κάκείνου,
368 3027 421 3088 τοῦ
444 3025 501 3102 μὲν
526 3024 726 3109 (1111111111)
749 3025 773 3088 εί
802 3031 911 3107 καλεῖ,
940 3030 993 3088 τοῦ
1024 3026 1054 3089 δὲ
1083 3026 1302 3114 (Androtionem)

115 3134 139 3201 εἰ
165 3131 287 3214 πάρεισι
311 3129 364 3194 καὶ
389 3132 690 3207 συναπολογήσεται.
737 3129 849 3214 Itaque
870 3131 1046 3195 rectissime
1070 3135 1102 3196 et
1120 3132 1303 3217 planissime

114 3260 199 3305 nunc
229 3239 358 3322 quidem
389 3237 487 3301 dixit:
522 3237 536 3301 ὃ
569 3237 625 3313 μὲν
656 3234 750 3300 οἴεται
783 3237 820 3300 δι’
855 3236 963 3299 ἐκεῖνον
996 3238 1198 3315 σωθήσεσθαι,
1230 3242 1244 3303 α’
1273 3241 1304 3306 δὲ

115 3344 336 3426 παρακάθηται
361 3343 411 3407 καὶ
436 3345 469 3406 ού
494 3343 687 3408 καταδύεται
711 3350 773 3414 τοῖς
799 3340 1038 3422 πεπραγμένοις.
1152 3327 1153 3330 ¹

160 3451 371 3536 Inspiciamus
402 3470 486 3515 nunc
509 3447 561 3512 τὸν
584 3451 656 3513 κατ’
680 3448 885 3529 Ἀνδροτίωνος
910 3447 1020 3525 λόγον,
1044 3450 1101 3514 ubi
1125 3452 1234 3518 eadem
1258 3452 1303 3520 le.

114 3563 237 3648 guntur
257 3579 332 3644 pag,
358 3554 433 3619 616.
463 3553 518 3620 24.
543 3555 595 3620 καὶ
621 3559 751 3620 τοιαῦτα
776 3554 828 3618 καὶ
851 3559 992 3618 τοσαῦτα
1017 3554 1051 3618 τὸ
1076 3557 1189 3638 πλῆθος
1218 3562 1303 3625 κακοὶ

114 3662 308 3744 εἰργασμένοι
342 3662 383 3733 εἷς
415 3659 495 3725 τοῦθ’
521 3659 591 3739 άμα
616 3660 815 3734 άυαισθησίας
840 3660 891 3726 καὶ
917 3659 1034 3742 τόλμης
1059 3665 1301 3740 προεληλύθασιν

114 3770 172 3841 ὥςε
197 3769 369 3848 μέμνηνται
393 3769 506 3833 τούτων
530 3770 569 3840 ύς
595 3773 696 3840 καλῶς
722 3770 825 3836 αὐτοῖς
848 3767 1035 3847 διῳκημένων
1054 3765 1125 3858 ὥσθ’
1146 3777 1184 3835 ‘0
1206 3780 1301 3836 ΜΕΝ

114 3877 212 3944 οίεται
244 3876 279 3940 δι’
311 3876 420 3940 ἐκεῖνον
448 3874 502 3956 ὑφ’
528 3875 609 3951 ὑμῶν
632 3873 835 3951 σωθήσεσθαι,
860 3878 898 3937 ‘0
925 3882 982 3938 ΔΕ
1006 3875 1224 3954 παρακάθηται
1249 3879 1301 3944 καὶ

114 3987 147 4052 od
180 3979 372 4048 καταδύεται
404 3987 466 4053 τοῖς
499 3978 739 4061 πεπραγμένοις.
787 3979 872 4044 Vide
900 3979 982 4043 mihi
1013 4000 1110 4064 quam
1142 3985 1205 4047 sint
1227 3983 1304 4051 haec

115 4088 260 4158 absurda.
309 4084 372 4165 Qui
403 4088 467 4149 sint
497 4086 533 4151 hi
563 4087 621 4150 deo
649 4085 790 4170 improbi
819 4104 912 4149 nemo
944 4087 1021 4150 scire
1052 4091 1172 4171 potest:
1197 4083 1305 4159 omnia

117 4218 198 4284 quae
228 4192 419 4279 praecedunt
451 4195 483 4256 et
513 4191 636 4276 reliqua
667 4193 775 4256 omnia
797 4192 831 4254 in
854 4213 944 4253 auum
967 4191 1196 4259 Androtionem
1220 4196 1305 4265 dicta

117 4307 203 4369 sunt.
249 4297 342 4365 Nunc
374 4301 560 4383 necopinato
590 4295 724 4382 pluralis
758 4317 910 4361 numerus
945 4297 1073 4362 auditur
1108 4304 1305 4381 πεπραγμέν’

117 4411 225 4480 αὐτοῖς
252 4443 291 4453 -
317 4403 522 4478 σεσυλήκασιν
547 4441 588 4452 -
611 4402 799 4484 ἠφανίκασιν
819 4441 860 4451 -
879 4404 1073 4486 άφῄρηνται,
1106 4411 1138 4471 11
1169 4428 1307 4480 comme·-

1133 4513 1166 4560 34
