3080 4972
822 217 864 290 58

248 415 445 494 ποιησάμενοι
476 416 531 489 τὶρν
562 413 676 494 εἷριθννρν
699 411 821 494 ἔχοντος
848 415 922 491 ἐμοῦ
946 413 999 486 τὴν
1024 411 1113 476 πάλιν
1137 407 1222 496 κάτα
1247 406 1423 490 συμμαχίαν

249 524 299 590 ἐπὶ
323 532 394 596 ταῖς
421 522 534 592 αὐτοῖς
558 521 750 599 ὁμολογίαις.
793 517 968 607 Corrigunt
991 519 1195 596 ἐγνθκΑΤθ,
1217 517 1271 581 sed
1290 515 1352 580 loci
1368 535 1425 580 sen-
1522 539 1524 588 ς

249 633 350 697 tentia
380 628 468 694 aliud
498 626 650 712 postulat.
697 625 768 692 Non
800 629 886 691 enim
918 627 1045 691 disertis
1076 625 1183 690 verbis
1205 622 1350 707 Philippi
1370 639 1426 684 esse

250 733 473 820 Amphipolim
504 733 713 798 Athenienses
746 737 961 819 agnoverant,
992 731 1046 796 sed
1077 751 1117 794 cx
1140 730 1235 794 certis
1258 729 1381 793 indiciis
1400 729 1426 790 et

250 841 450 929 argumentis
470 857 616 909 atraere
637 859 688 903 eos
707 840 755 903 ita
773 839 907 903 sentire:
929 856 1041 922 pacem
1054 839 1315 919 composuerant,
1329 831 1427 898 deinde

253 953 285 1012 et
315 946 393 1012 belli
423 947 608 1010 societatem
638 947 807 1009 iunxerant
830 964 867 1008 ca
888 942 960 1030 lege
984 940 1038 1022 ἐφ’
1064 936 1085 1022 ᾧ
1110 965 1145 1004 τε
1170 937 1254 1021 ἔχειν
1279 937 1425 1016 ἑκατέρους

250 1049 272 1119 ά
306 1049 422 1131 ἔχοιεν,
455 1056 488 1115 et
518 1054 585 1116 erat
611 1055 683 1114 tum
706 1049 910 1135 Amphipolis
932 1051 966 1114 in
988 1051 1145 1133 potestate
1171 1045 1335 1131 Philippi,
1358 1042 1429 1108 unde

249 1157 373 1242 liquido
404 1172 594 1222 conaremur
623 1155 832 1221 Athenienses
860 1156 894 1219 in
919 1175 955 1220 ea
978 1156 1135 1218 sententia
1157 1173 1224 1216 esse
1248 1171 1346 1236 quam
1365 1149 1430 1214 Phi·

250 1261 358 1347 lippus
382 1262 479 1327 dicit:
504 1281 583 1345 quae
607 1264 764 1327 sententia
782 1262 873 1325 utin
893 1261 1000 1326 verbis
1019 1262 1219 1325 contineatur
1230 1247 1437 1342 supplendum

253 1374 322 1434 est:
349 1370 562 1446 iyuoaOTGC
586 1369 760 1453 (Φαθνεσθε)
784 1367 906 1438 δικαίως
932 1364 1016 1446 ἔχειν
1041 1368 1136 1444 ἡμᾶς.

299 1581 377 1668 Peg.
406 1579 480 1645 165.
508 1579 559 1644 13.
581 1582 619 1651 nie
640 1579 671 1643 di
692 1577 947 1658 προϋπαρχόντων
967 1575 1019 1641 καὶ
1040 1576 1091 1641 διά
1109 1575 1164 1649 τὴν
1186 1575 1262 1653 ε’μίρν
1275 1574 1434 1654 εὐλάβειαν

252 1690 375 1766 μάλλον
400 1686 454 1761 ἤδη
477 1694 541 1758 τοῖς
566 1685 751 1764 πράγμασιν
775 1682 987 1761 ἐπιτιθεμένων
1011 1681 1064 1746 καὶ
1087 1681 1155 1746 καθ’
1174 1677 1241 1745 ὅσον
1261 1679 1299 1744 ilc
1319 1679 1434 1755 δύνασθε

253 1793 513 1869 κακοποιούντων,
548 1793 647 1870 tnnc
679 1791 859 1868 άμυνοῦμαι
891 1791 976 1866 μετά
1008 1793 1061 1854 τοῦ
1091 1787 1205 1854 θικαθου
1266 1787 1435 1852 Pronomen
1525 1813 1526 1840 ι

254 1902 288 1970 'n
318 1900 436 1967 ultima
467 1903 556 1984 parte
578 1896 695 1963 inutile
718 1902 751 1961 et
774 1915 1006 1982 supervacuum
1029 1897 1190 1981 inpriore
1212 1899 1304 1979 parte
1326 1891 1435 1958 deside

253 2011 343 2076 ratur
366 2027 466 2091 quum
491 2007 534 2069 sit
552 2005 774 2069 necessarium.
811 2001 922 2087 ltaque
942 2001 1184 2089 corrigendum:
1206 1998 1435 2064 κακοποιούντων
1522 2055 1523 2060 ,

254 2111 386 2189 ὑμΩΝ,
423 2111 613 2188 άμννοῦμαι.
660 2107 886 2193 Opponuntur
905 2110 989 2173 inter
1025 2127 1058 2172 se
1091 2105 1245 2187 ὑπάρχειν
1283 2101 1436 2193 (Graeculi
1522 2161 1523 2184 χ

253 2236 420 2302 perperam
444 2213 668 2302 προϋπάρχειν)
694 2220 727 2279 et
749 2214 921 2291 άμθνεσθαι
941 2217 1010 2280 sive
1029 2195 1248 2294 τιμωρεῖσθαι,
1270 2217 1309 2278 ut
1326 2213 1437 2276 innoto

255 2321 431 2389 versiculo:

506 2428 544 2499 ὡς
567 2429 628 2507 οὐχ
652 2423 799 2507 ὑπάρχων
821 2427 910 2494 άλλά
934 2426 1168 2507 τιμωρούμενος,

252 2493 396 2617 'soletque
418 2537 592 2617 utrumque
613 2534 749 2600 verbum
772 2532 916 2600 absolute
939 2535 985 2599 sic
1007 2533 1162 2618 usurpari.

653 2753 750 2810 ΠΕΡΙ
776 2754 1048 2814 ΟΤΝΤΑΞΘΩΟ.

302 2957 452 3046 Sequitur
475 2960 574 3026 oratio
594 2960 661 3039 περὶ
681 2959 873 3039 συντάξεως,
894 2959 932 3026 de
951 2981 1014 3046 qua
1033 2958 1198 3025 verissime
1217 2957 1340 3023 iudicat
1359 2955 1395 3022 F.
1408 2956 1442 3020 A.

256 3065 390 3132 Wolfius
410 3066 493 3152 apud
512 3065 732 3135 Dindorfium:
755 3067 872 3144 „oratio
890 3088 965 3151 quoe
984 3064 1160 3128 ν’ννισνάθθθιιν
1180 3063 1247 3144 περὶ
1262 3061 1442 3139 συντάξεως,

254 3172 459 3242 Demosthenis
486 3195 545 3236 αοιι
574 3179 634 3247 cst,
667 3173 721 3236 scd
752 3195 787 3236 ac
816 3172 889 3236 aliis
921 3172 1002 3249 cias,
1035 3169 1160 3234 ποπάνων
1196 3169 1315 3254 opud.
1339 3168 1397 3234 ΠΙ.
1421 3171 1445 3230 et

255 3281 458 3346 Αονὲνθοονοθοα
481 3280 518 3342 cb
543 3279 645 3363 aliquo
669 3279 863 3342 declamatore
886 3276 1016 3342 conectis
1031 3276 1147 3360 pannis
1170 3275 1335 3361 confectc.''

300 3385 374 3453 Non
397 3391 445 3452 est
468 3386 568 3450 oratio
591 3385 628 3447 dc
647 3407 707 3468 rep.
729 3385 916 3469 ονάάιιααάα,
937 3382 992 3448 sed
1012 3382 1078 3462 περὶ
1099 3382 1157 3446 τῶν
1178 3385 1319 3461 θεωρικῶν
1332 3379 1445 3460 πάτερα

255 3493 316 3572 χρὴ
340 3491 528 3572 ςρατιωτικά
559 3484 637 3555 εἶναι
663 3489 679 3564 ἢ
703 3493 745 3570 τῷ
770 3489 854 3570 δάμῳ
880 3488 1087 3565 διανέμεσθαι.
1133 3487 1359 3552 Demosthenis
1383 3507 1447 3551 seu·

256 3599 358 3664 tentia
388 3598 572 3663 cautissime
602 3596 709 3661 verbis
741 3599 891 3680 concepta
918 3594 1039 3682 legitur
1069 3597 1103 3659 in
1137 3595 1243 3679 prima
1272 3594 1448 3679 Olynthium

256 3723 331 3790 pag.
354 3701 404 3767 14.
428 3701 482 3769 25.
502 3702 563 3778 ἐγὼ
584 3703 640 3779 μὲν
660 3701 722 3782 γάρ
747 3703 884 3779 ἡγοῦμαι
897 3702 1069 3780 ςροιτιάτας
1083 3701 1143 3766 δεῖν
1156 3700 1447 3774 κατασκευασθῆναι

257 3808 310 3876 καὶ
345 3808 422 3887 μθαν
463 3816 680 3878 ΕΤΝΤΑΞΙΝ
711 3803 789 3873 εἶναι
821 3807 877 3880 τὴν
911 3807 1007 3880 αὐτὴν
1036 3810 1089 3872 τοῦ
1119 3829 1154 3870 τε
1183 3804 1364 3882 λαμβάνειν
1397 3802 1447 3868 καὶ

257 3920 311 3982 τοῦ
342 3921 436 3980 ποιεῖν
467 3915 509 3980 τά
542 3913 660 3980 θέοντα.
707 3913 815 3980 Multo
847 3915 944 3979 etiam
977 3915 1080 3978 acrius
1112 3912 1151 3976 dc
1174 3911 1284 3976 eadem
1308 3931 1341 3976 re
1366 3909 1450 3974 dixit

257 4042 331 4109 pag.
365 4018 417 4084 38.
452 4014 511 4086 17]
536 4021 589 4083 οὐκ
614 4002 889 4096 destinaveratis
916 4024 1053 4083 πονοῦσιν
1078 4018 1137 4095 ἐγὼ
1161 4017 1203 4080 τά
1227 4022 1286 4081 τῶν
1310 4013 1449 4089 ποιησάν-

257 4150 316 4192 των
347 4121 430 4190 εἷπον
460 4127 498 4198 άς
531 4124 579 4188 δεῖ
608 4126 708 4204 νέμειν
737 4125 799 4190 οὐδ’
831 4126 943 4196 αὐτοὺς
973 4125 1030 4203 μὲν
1064 4125 1170 4205 άρνεῖν
1203 4122 1255 4187 καὶ
1281 4120 1451 4202 σχολάζειν

257 4234 309 4304 καὶ
341 4233 484 4312 άπορεῖν,
509 4227 554 4296 tn
580 4231 611 4296 δὲ
634 4233 659 4297 οἱ
684 4236 738 4298 τοῦ
761 4234 853 4304 δεῖνος
880 4237 981 4296 νικῶσι
1005 4229 1081 4308 ξένοι
1103 4234 1210 4294 ταῦτα
1235 4227 1449 4294 πυνθάνεσθαι.

257 4338 458 4408 Periculosae
481 4337 614 4425 plenum
639 4357 717 4423 opus
741 4337 827 4404 aleae
851 4341 923 4403 tum
941 4340 1009 4402 eret
1027 4337 1105 4402 haec
1124 4327 1268 4402 suadere.
1302 4334 1452 4418 Namque
