3096 4972
719 229 786 304 540

198 421 279 514 Peg.
323 416 399 492 669.
445 421 475 494 7.
511 427 563 492 τὸν
598 428 654 506 μὲν
690 425 871 510 Ἰφιιιριίτην
906 423 1126 508 οιποςριίτηνον
1162 426 1349 506 έποιήσοιτε,

154 531 301 611 Τιμίίεον
323 532 349 597 δ’
370 534 420 598 ἐπ’
440 532 636 612 Ἀμφίπολιν
656 533 708 598 cci
729 532 911 614 Χερρόνησον
928 531 1134 616 ἐξεπέμψατε
1149 533 1348 622 [spaoraria]

152 637 274 706 Vitiosa
310 639 472 706 abundans
504 645 536 705 et
570 658 681 705 aurem
716 639 844 706 laedens
877 639 1034 740 ςροιτηνίν
1068 640 1184 707 sciolus
1219 642 1258 708 de
1292 662 1349 708 suo

153 746 286 812 addidit.

197 1000 278 1092 Pag.
311 1001 387 1068 668.
417 1001 473 1068 24.
505 999 564 1069 ὅσοι
595 1003 653 1081 μέν
683 1003 718 1079 δη
753 1003 923 1084 ςροοτιοιτης
950 1003 989 1068 ὢν
1012 1004 1042 1068 ἕν
1066 1003 1270 1085 σφενδονήτου
1294 1004 1348 1070 aci

151 1113 246 1190 ψιλοῦ
269 1118 399 1175 ΜΕΡΕΙ
419 1147 460 1158 -
478 1108 603 1175 ένοιντίοι
627 1108 808 1191 caparam
831 1118 870 1193 τῇ
896 1106 984 1174 πόλει
1009 1111 1040 1175 οὐ
1061 1107 1166 1188 τίθημι
1187 1111 1218 1175 ἕν
1241 1109 1350 1187 ἀδική-

152 1239 254 1295 μοιτος
283 1225 425 1282 MePel.
472 1214 559 1296 Quae
589 1235 680 1282 aures
704 1215 783 1282 talia
804 1211 886 1282 ferr'e
908 1207 1063 1302 possuntt
1110 1213 1348 1304 (ionigendum

153 1323 283 1390 videtur
314 1323 344 1388 έν
374 1323 576 1402 σφενδονήτου
608 1322 660 1387 aa}
689 1327 782 1404 ψιλοῦ
805 1319 905 1397 τοίξει.
952 1320 1136 1388 Promiscue
1161 1325 1247 1387 enim
1272 1323 1350 1388 dici-

152 1432 206 1493 tur
234 1425 264 1491 ἔν
288 1452 366 1501 τινος
387 1427 490 1509 μέρει,
514 1428 630 1510 μερίδι,
655 1429 745 1512 μοίρρι
770 1433 803 1493 et
825 1425 932 1505 τοίξει,
957 1427 1040 1511 quod
1062 1430 1227 1514 propriam
1249 1429 1349 1496 habet

151 1536 187 1598 in
210 1533 330 1598 militia
352 1534 469 1600 sedem.

198 1771 277 1862 Pag.
305 1771 381 1839 669.
405 1773 460 1851 21,
484 1771 721 1859 (Charidemus)
741 1775 846 1852 μισέοῖ
862 1772 959 1840 ποίλιν
978 1773 1071 1839 aicta
1092 1776 1261 1851 Ὀλυνθίοις
1282 1785 1346 1851 τοῖς

154 1880 307 1960 ὑμετέροις
340 1882 457 1961 ἐχθροῖς
490 1880 573 1966 [καὶ]
602 1889 666 1954 τοῖς
690 1879 813 1960 ἔχουσιν
838 1881 1035 1959 Ἀμφίπολιν
1058 1881 1132 1946 κοτ’
1158 1885 1346 1949 ἐκεῖνοντὸν

151 1985 267 2067 χρίνον.
309 1985 448 2052 Molesta
471 1991 503 2052 et
528 1988 702 2052 sententiae
724 1988 857 2052 inimica
879 1985 992 2072 copula
1015 1991 1256 2072 quamprimum
1280 1991 1348 2054 exi-

149 2092 265 2158 menda
297 2096 361 2170 est,
393 2097 432 2157 ut
462 2097 611 2178 appareat
642 2095 727 2178 ipsos
758 2090 928 2178 Olynthios
961 2093 1185 2178 Amphipolim
1215 2100 1287 2160 tum
1310 2098 1348 2161 in

148 2202 305 2284 potestate
329 2197 489 2264 habuisse.

193 2423 273 2511 Peg.
299 2420 375 2490 671.
400 2423 453 2488 11.
479 2426 603 2503 πρᾶγμ’
627 2420 722 2489 ἔποιίε
746 2426 878 2488 τοιοῦτον
902 2414 959 2488 οἷον
977 2423 1038 2503 οὐχ
1057 2420 1103 2489 ὅτι
1125 2427 1283 2506 ςροιτηχὸς
1304 2425 1346 2493 ἄν

151 2529 310 2615 [ἠγνόησε]
332 2553 379 2600 τις
403 2525 480 2594 εἶνοιι
504 2528 634 2607 φοίσιιων
650 2526 732 2595 Ιοίλλ’
759 2527 822 2594 οὐδ’
847 2530 861 2594 d
885 2529 988 2611 τυχὼν
1015 2527 1178 2611 ἄνθρωπος.
1216 2535 1345 2600 Acutis·

148 2637 230 2700 sime
260 2638 420 2722 perspexit
450 2634 613 2702 Dobraeus
644 2632 775 2714 ἧχνίησε
808 2637 954 2720 spurium
989 2656 1056 2702 esse
1091 2642 1123 2703 et
1158 2638 1344 2708 delendum.

148 2741 359 2808 Manifestum
392 2747 440 2807 est
471 2741 583 2806 ἕποιεν
607 2743 801 2829 cogitatione
825 2740 899 2807 addi
921 2746 1074 2828 oportere.
1120 2743 1275 2833 Magistri
1298 2747 1346 2812 el-

146 2847 244 2934 lipses
275 2849 497 2915 huiuscemodi
528 2847 654 2935 explere
684 2846 803 2931 solent,
833 2848 868 2911 in
900 2869 962 2933 qua
993 2870 1027 2914 re
1050 2852 1176 2935 saepius
1199 2855 1345 2939 graviter

149 2959 255 3021 errant
277 2960 315 3019 ut
338 2956 397 3020 hoc
420 2955 497 3021 loco.

192 3058 350 3126 Continuo
381 3063 541 3145 sequitur:
574 3060 634 3126 οὐδ’
666 3061 763 3140 ὁτιοῦν
794 3058 857 3140 νοὶρ
888 3045 997 3141 χοιρίον
1017 3059 1098 3141 ἔχων
1121 3061 1172 3127 ἐπὶ
1198 3064 1343 3149 ίοολοίττη

150 3165 240 3254 [οὐδ’]
264 3163 328 3231 ὅθεν
353 3165 391 3231 ἂν
414 3167 623 3244 σιτοπομπίας
648 3165 796 3244 εὐπόρησε
820 3175 883 3239 τοῖς
906 3170 1089 3248 ςροοτιώτοιις
1108 3169 1173 3234 οὐδ’
1195 3166 1237 3236 ad
1257 3183 1342 3239 σῖτον

147 3271 228 3355 ἔχων
260 3275 290 3336 ἓν
322 3280 384 3344 τοῖς
416 3271 538 3353 χωρίοις
571 3271 731 3349 ὑπέμεινεν
764 3274 794 3337 ἕν
821 3280 884 3344 τοῖς
907 3273 1057 3354 τείχεσιν.
1105 3273 1142 3340 Si
1165 3279 1239 3361 quis
1261 3278 1340 3344 haec

146 3377 318 3464 diligenter
343 3378 588 3470 consideraverit
610 3399 739 3444 mecum
761 3381 877 3444 sentiet
897 3379 987 3464 prius
1010 3379 1075 3444 οὐδέ
1097 3382 1223 3448 amala
1240 3404 1340 3449 manu

146 3486 303 3549 insertum
336 3505 402 3550 esse
436 3488 469 3548 et
501 3486 652 3571 coniungi
676 3489 819 3570 oportere
841 3485 949 3565 χωρίον
972 3485 1031 3550 ἔπι
1046 3494 1085 3568 τη
1109 3487 1254 3571 ίοιλιίτπη
1277 3486 1340 3555 ὅθεν

144 3588 183 3654 ev
217 3591 427 3668 σιτοπομπίιις
458 3589 634 3670 εὐπόρησεν.
680 3590 769 3654 Doce
794 3594 923 3655 tantum
946 3611 996 3656 res
1018 3593 1102 3658 inter
1123 3615 1156 3658 se
1179 3614 1338 3682 opponun-

144 3698 214 3773 tur,
248 3705 286 3759 ut
320 3694 465 3762 additum
498 3691 538 3761 οιῦ
569 3695 707 3761 ostendit
736 3699 770 3760 in
798 3696 924 3762 verbis:
948 3698 1009 3762 οὐδ’
1033 3694 1073 3764 οὗ
1096 3707 1179 3765 σῖτον
1204 3699 1336 3781 έχωνέν

144 3809 206 3874 τοῖς
237 3799 369 3881 χωρίοις.
415 3799 583 3867 Praeterea
616 3800 810 3877 carceraria
843 3805 1035 3868 constanter¹
1052 3803 1171 3870 dicitur
1205 3807 1243 3872 de
1273 3809 1334 3874 fru-

143 3912 251 3972 mento
269 3906 404 3973 navibus
424 3906 574 3984 advecto,
594 3909 629 3970 in
649 3909 790 3972 terrestri
809 3909 922 3974 itinere
943 3908 1135 3987 ἐπισιτισμός
1148 3913 1333 3999 appellatur.

188 4012 311 4078 Rarum
342 4032 405 4077 non
435 4017 483 4077 est
514 4014 631 4079 scribas
661 4017 692 4079 et
714 4010 916 4099 magistellos
938 4016 973 4078 in
994 4005 1218 4084 huiuscemodi
1238 4020 1334 4104 parti-

143 4122 230 4187 tione
261 4118 372 4183 turbas
404 4117 495 4196 dare,
527 4123 566 4184 ut
595 4118 627 4183 h.
641 4118 663 4183 l.
695 4119 854 4205 triplicem
886 4119 1030 4186 fecerunt
1054 4143 1092 4187 ex
1114 4124 1174 4190 hac
1197 4124 1331 4211 duplici:

144 4227 343 4292 frumentum
374 4242 475 4306 neque
499 4223 549 4288 his
571 4225 651 4290 locis
674 4230 741 4290 erat
763 4246 820 4290 nec
842 4228 926 4291 mari
948 4226 1063 4295 advehi
1085 4234 1218 4315 poteret.
1261 4229 1333 4295 Non

143 4335 234 4398 ιίοιιιι·
257 4327 395 4404 tertiam,
418 4333 456 4392 ut
480 4328 639 4397 dialectici
662 4330 849 4418 loquuntur.
