3034 4968
786 228 850 304 ne

224 424 353 510 Δρυΐδιιι
384 425 416 490 δὲ
439 457 483 476 ·-·
507 423 695 492 δικιιιδτοοτοι
726 424 918 507 νομίζονται,
945 463 986 475 --
1010 425 1070 498 τοὶς
1103 425 1135 492 δὲ
1166 426 1296 508 Φονικίις
1328 426 1407 497 δίκαι
1510 473 1511 508 p

225 537 351 616 μέλις-ιι
385 531 502 605 τούτοις
536 531 750 612 ἐπετέτραπτο
784 530 927 611 δικάζειν.
961 526 1036 596 ὅταν
1070 557 1107 596 τε
1137 535 1220 612 <popa
1250 533 1365 598 τούτων
1392 528 1407 612 ᾗ

226 643 324 723 <topho
354 639 485 712 κοί-τῆς
513 639 618 720 χώρας
643 638 811 720 νομίζουσιν
836 641 999 718 ὑπάρχειν.
1047 637 1185 705 Mirifieo
1209 661 1313 706 errore
1337 640 1409 706 Mei·

224 749 306 814 neke
328 747 409 827 Φορίι
432 745 546 810 τούτων
569 747 616 810 ita
639 749 763 830 aceepit
786 747 876 831 quasi
896 751 980 811 esset
997 746 1079 823 Φορίι
1100 752 1161 810 τῶν
1178 753 1308 827 φονικῶν
1321 747 1408 812 δικῶν.

224 854 351 920 Τούτων
374 859 423 918 est
444 859 503 916 τῶν
527 851 682 932 Δρυίδῶν,
706 859 745 917 ut
768 852 854 937 apud
877 851 1125 917 Demosthenem
1149 861 1225 918 noto
1246 852 1318 920 loeo
1337 851 1409 936 Φοςίι

160 1006 163 1010 -
226 960 384 1041 προδοτῶν.

270 1066 438 1132 Praeterea
458 1062 624 1150 flagitante
649 1066 806 1129 sententia
828 1063 901 1152 lege
922 1063 1090 1145 νομίζουσιν
1115 1063 1275 1146 ὑπιίςΞειν.

271 1172 394 1238 Deinde
424 1191 504 1256 quae
536 1169 575 1236 de
602 1170 750 1234 ονιιοοοιιίιζι
772 1171 897 1253 scribit,
922 1190 1000 1255 quos
1024 1174 1102 1237 seito
1125 1173 1302 1254 γεωρύχονς
1326 1188 1411 1252 λογι-

226 1278 298 1350 δίοις
324 1275 480 1363 appellat,
503 1276 716 1361 componenda
742 1292 816 1341 sunt
840 1296 914 1340 eum
936 1275 1066 1363 Polybii
1091 1284 1124 1342 et
1146 1277 1310 1345 Posidonii
1331 1281 1412 1346 testi·

227 1387 344 1451 moniis
367 1383 452 1468 apud
474 1383 676 1448 Athenaeum
699 1401 772 1469 pag.
798 1379 865 1444 400
889 1401 956 1467 sqq.

274 1489 311 1556 In
333 1489 402 1554 looo
426 1488 465 1552 de
489 1487 708 1553 anniculorum
731 1489 900 1554 venatione
924 1486 995 1554 leve
1018 1490 1139 1553 vitium
1158 1489 1311 1555 adhaesit.
1346 1490 1412 1556 Edi·

229 1601 300 1662 tur:
321 1597 430 1673 γοιλῖις
459 1595 574 1673 οίγρίιις
605 1594 805 1674 φιμιέιτοιντες
838 1591 938 1671 ποιοί
947 1617 1036 1658 οιτιν
1070 1593 1111 1664 εἷς
1144 1596 1203 1666 τὰς
1235 1597 1327 1670 δποίς.
1353 1599 1412 1660 ime

228 1724 303 1770 vero
333 1705 500 1783 ποιμνίου,
534 1722 573 1766 na
603 1703 665 1786 ipsi
695 1706 861 1766 venatores
890 1701 925 1764 iu
957 1699 1177 1765 cuniculorum
1201 1702 1412 1768 subterraneas

226 1807 364 1874 latebras
387 1809 546 1874 introiisse
571 1806 724 1872 dieantur.

276 2014 390 2082 Strabo
419 2037 493 2103 pag.
528 2013 614 2081 145:
636 2015 676 2079 ad
707 2012 867 2082 Carteiam
895 2017 997 2100 pisoes
1028 2017 1175 2103 ingentes
1199 2019 1269 2101 oapi
1292 2036 1413 2082 nomana

232 2121 339 2187 addit:
373 2122 402 2185 ἐν
437 2123 469 2186 δὲ
501 2129 564 2192 τοῖς
595 2119 747 2200 ἐξωτέροις
780 2117 883 2193 τόποις
911 2122 962 2185 sai
987 2120 1108 2202 μείζους
1133 2121 1316 2200 ὀγδοήκοντα
1340 2128 1413 2200 μνῶν

232 2231 287 2301 τὴν
319 2227 492 2306 τμύροιινοον
526 2227 577 2291 sai
611 2229 662 2304 τὸν
692 2229 848 2306 γόγγρον,
880 2236 1082 2292 τιιλιιντιιιίον
1112 2227 1142 2291 δὲ
1172 2228 1224 2292 τὸν
1247 2228 1412 2294 πολύποδιι.

232 2332 431 2421 Intelligisne
456 2333 532 2417 quid
556 2335 599 2397 sit
622 2330 742 2412 μείζους
771 2333 958 2412 ὀγδοήκοντα
982 2330 1083 2411 previ
1106 2333 1179 2399 Non
1197 2337 1324 2420 opinor,
1345 2336 1414 2419 quie

232 2458 295 2505 non
325 2440 364 2506 de
393 2438 598 2520 magnitudine
625 2441 763 2524 pisoium
793 2440 847 2505 sed
878 2440 916 2504 ds
939 2441 1073 2523 pendere
1103 2460 1207 2505 sermo
1237 2447 1302 2517 est,
1327 2443 1414 2506 utin

232 2554 434 2610 ταλαντιαῖον
466 2545 496 2609 δὲ
527 2547 579 2610 τὸν
601 2547 771 2610 πολύποδα.
819 2544 982 2630 Scriptum
1006 2551 1073 2610 erat
1095 2547 1414 2612 ὈΓΔΟΗΚΟΝΤΛ-

232 2659 368 2716 ΜΝΩΝ
381 2699 389 2725 ,
408 2650 493 2736 quod
506 2649 592 2716 male
603 2652 733 2716 divisim
746 2653 938 2736 seripserunt
950 2652 1138 2728 ὀγδοήκοντα
1150 2659 1232 2726 μνῶν
1244 2674 1343 2738 quum
1355 2671 1413 2716 uno

203 2755 329 2823 ’νοτίου
359 2757 626 2835 ίγδονκοντοίμνυν
658 2760 813 2842 seriptum
844 2762 1018 2842 oporteret,
1048 2763 1086 2822 ut
1117 2757 1243 2834 δίμνυς,
1273 2761 1413 2838 τςίμνως,

233 2864 409 2941 δεινοίμνυς,
441 2865 626 2941 είκοτίμνυς.
670 2863 805 2940 Deinde,
836 2871 875 2929 ut
897 2863 948 2940 fit,
972 2884 1058 2928 error
1081 2883 1219 2928 errorem
1242 2867 1362 2950 peperit
1384 2867 1414 2928 et

232 2970 351 3050 μείζους
378 2979 426 3035 est
449 2990 467 3036 e
490 2976 661 3035 oorreotore
682 2969 921 3055 interpolatum.

277 3177 356 3266 Peg.
385 3176 459 3242 146.
483 3179 543 3257 οὐχ
568 3175 657 3251 ἤνις-οι
687 3175 788 3263 [ἀλλὰ
813 3177 865 3242 μοι)
889 3177 1029 3259 adarca]
1052 3174 1232 3253 οίποδέξιιιτ’
1253 3175 1292 3242 ἄν
1314 3201 1359 3250 τις
1373 3211 1414 3226 -·

234 3285 269 3349 τὸ
294 3287 359 3364 περὶ
384 3285 442 3356 τὰς
468 3283 663 3361 μεταλλείαις
688 3281 812 3362 εὐφυές.
861 3282 936 3348 Sine
959 3303 1050 3349 mora
1072 3281 1243 3348 delendum
1260 3283 1413 3348 insulsum

235 3389 404 3456 emblema.
450 3389 587 3455 Perinde
620 3399 667 3453 est
696 3408 732 3452 ae
760 3390 787 3452 si
817 3389 989 3454 diceretur:
1021 3389 1145 3464 μοίλιτιο
1170 3389 1258 3454 ἀλλὰ
1282 3391 1334 3453 κοί
1357 3389 1414 3465 μοί-

235 3512 328 3574 sum,
353 3517 491 3581 namque
513 3497 597 3560 inter
617 3495 742 3573 μοίιυςοι
767 3501 799 3559 et
822 3496 882 3576 οὐχ
905 3495 996 3573 ἥκιςοι
1012 3494 1141 3560 nullum
1164 3516 1291 3580 prorsus
1314 3496 1415 3561 discri-

235 3623 309 3668 men
333 3609 390 3668 est.

278 3808 388 3876 Multa
409 3828 520 3875 eorum
544 3829 622 3894 quae
646 3807 759 3874 Strabo
781 3807 814 3874 h.
839 3807 860 3873 1.
883 3830 921 3876 ax
939 3808 1110 3875 Posidonio
1130 3809 1411 3896 descripsit‚etiam

235 3938 253 3983 a
285 3916 423 3982 Diodoro
453 3937 492 3980 ex
522 3915 633 3981 eodem
662 3914 819 4000 desoripta
841 3922 916 3979 sunt
939 3918 1055 3981 omisso
1078 3920 1207 3982 nomine
1230 3916 1314 3982 libro
1336 3913 1360 3980 V
1381 3917 1412 3978 et

234 4020 387 4090 nonnulla
409 4021 552 4086 indidem
573 4021 755 4085 Athenaeus
775 4024 963 4105 expromsit:
984 4023 1100 4107 quibus
1119 4023 1267 4089 omnibus
1285 4026 1364 4087 inter
1379 4038 1411 4082 se

234 4123 424 4215 comparatis
457 4125 620 4192 Strabonis
652 4131 753 4192 oratio
783 4127 835 4191 hio
866 4127 935 4193 illio
967 4127 1162 4194 emendatior
1192 4127 1261 4193 fieri
1293 4124 1407 4212 poterit.

231 4236 413 4302 Athenaeus
436 4233 546 4298 soribit
568 4253 642 4318 pag.
666 4231 742 4296 233.
766 4251 796 4300 u.
821 4235 854 4298 τί
873 4233 975 4310 μέντοι
992 4258 1033 4311 γε
1050 4235 1128 4298 πολὺ
1146 4237 1253 4300 τούτου
1275 4230 1408 4311 dadsisas

232 4343 283 4409 κοί
324 4340 507 4412 κοκοπιίίοις
548 4339 761 4427 (aasentias)
797 4342 1004 4417 μετοιλλείοοις
1038 4341 1212 4421 εὑρίσκεται
1248 4338 1329 4406 νοντιὶ
1362 4333 1410 4398 τὸν
