<?xml version="1.0" encoding="UTF-8"?>
<!DOCTYPE html PUBLIC "-//W3C//DTD XHTML 1.0 Transitional//EN"
    "http://www.w3.org/TR/xhtml1/DTD/xhtml1-transitional.dtd">
<html xmlns="http://www.w3.org/1999/xhtml" xml:lang="en" lang="en">
 <head>
  <title>
</title>
<meta http-equiv="Content-Type" content="text/html;charset=utf-8" />
  <meta name='ocr-system' content='tesseract 3.04.00' />
  <meta name='ocr-capabilities' content='ocr_page ocr_carea ocr_par ocr_line ocrx_word'/>
</head>
<body>
  <div class='ocr_page' id='page_1' title='image "./miscellaneacrit02cobegoog_0563.png"; bbox 0 0 3096 4972; ppageno 0'>
   <div class='ocr_carea' id='block_1_1' title="bbox 724 221 789 300">
    <p class='ocr_par' dir='ltr' id='par_1_1' title="bbox 724 221 789 300">
     <span class='ocr_line' id='line_1_1' title="bbox 724 221 789 300; baseline -0.031 0"><span class='ocrx_word' id='word_1_1' title='bbox 724 221 789 300; x_wconf 80' lang='lat'>539</span> 
     </span>
    </p>
   </div>
   <div class='ocr_carea' id='block_1_2' title="bbox 160 416 1348 723">
    <p class='ocr_par' dir='ltr' id='par_1_2' title="bbox 160 416 1348 723">
     <span class='ocr_line' id='line_1_2' title="bbox 162 416 1348 512; baseline 0.002 -25"><span class='ocrx_word' id='word_1_2' title='bbox 162 417 300 503; x_wconf 80' lang='grc' dir='ltr'>ὑβρίζων.</span> <span class='ocrx_word' id='word_1_3' title='bbox 347 416 384 486; x_wconf 91' lang='lat' dir='ltr'>In</span> <span class='ocrx_word' id='word_1_4' title='bbox 414 442 448 487; x_wconf 89' lang='lat' dir='ltr'>re</span> <span class='ocrx_word' id='word_1_5' title='bbox 478 426 546 488; x_wconf 87' lang='lat' dir='ltr'>tam</span> <span class='ocrx_word' id='word_1_6' title='bbox 577 421 668 488; x_wconf 88' lang='lat' dir='ltr'>foeda</span> <span class='ocrx_word' id='word_1_7' title='bbox 698 427 730 488; x_wconf 85' lang='lat' dir='ltr'>et</span> <span class='ocrx_word' id='word_1_8' title='bbox 755 423 915 512; x_wconf 81' lang='lat' dir='ltr'>flagitiosa</span> <span class='ocrx_word' id='word_1_9' title='bbox 936 423 1088 512; x_wconf 79' lang='lat' dir='ltr'>languido</span> <span class='ocrx_word' id='word_1_10' title='bbox 1111 424 1208 491; x_wconf 86' lang='lat' dir='ltr'>verbo</span> <span class='ocrx_word' id='word_1_11' title='bbox 1232 419 1348 489; x_wconf 80' lang='grc' dir='ltr'><strong><em>θδιιιεῖν</em></strong></span> 
     </span>
     <span class='ocr_line' id='line_1_3' title="bbox 160 527 1348 616; baseline -0.002 -20"><span class='ocrx_word' id='word_1_12' title='bbox 160 530 249 596; x_wconf 90' lang='lat' dir='ltr'>locus</span> <span class='ocrx_word' id='word_1_13' title='bbox 282 549 346 594; x_wconf 89' lang='lat' dir='ltr'>non</span> <span class='ocrx_word' id='word_1_14' title='bbox 379 533 437 594; x_wconf 87' lang='lat' dir='ltr'>est.</span> <span class='ocrx_word' id='word_1_15' title='bbox 497 527 680 596; x_wconf 87' lang='lat' dir='ltr'>Parendum</span> <span class='ocrx_word' id='word_1_16' title='bbox 714 529 846 598; x_wconf 85' lang='lat' dir='ltr'>Reiakic</span> <span class='ocrx_word' id='word_1_17' title='bbox 880 535 928 596; x_wconf 86' lang='lat' dir='ltr'>est</span> <span class='ocrx_word' id='word_1_18' title='bbox 961 533 1107 616; x_wconf 91' lang='lat' dir='ltr'>ineptum</span> <span class='ocrx_word' id='word_1_19' title='bbox 1140 532 1348 616; x_wconf 72' lang='lat' dir='ltr'><strong>participium</strong></span> 
     </span>
     <span class='ocr_line' id='line_1_4' title="bbox 161 637 366 723; baseline -0.015 -21"><span class='ocrx_word' id='word_1_20' title='bbox 161 637 366 723; x_wconf 81' lang='lat' dir='ltr'>expungenti.</span> 
     </span>
    </p>
   </div>
   <div class='ocr_carea' id='block_1_3' title="bbox 158 873 1352 1172">
    <p class='ocr_par' dir='ltr' id='par_1_3' title="bbox 158 873 1352 1172">
     <span class='ocr_line' id='line_1_5' title="bbox 207 873 1349 963; baseline -0.001 -23"><span class='ocrx_word' id='word_1_21' title='bbox 207 873 323 940; x_wconf 83' lang='lat' dir='ltr'>Paullo</span> <span class='ocrx_word' id='word_1_22' title='bbox 354 879 426 941; x_wconf 86' lang='lat' dir='ltr'>ante</span> <span class='ocrx_word' id='word_1_23' title='bbox 447 896 521 963; x_wconf 80' lang='lat' dir='ltr'>pag.</span> <span class='ocrx_word' id='word_1_24' title='bbox 547 873 623 940; x_wconf 92' lang='grc'><strong>666.</strong></span> <span class='ocrx_word' id='word_1_25' title='bbox 648 873 681 941; x_wconf 84' lang='grc'>8.</span> <span class='ocrx_word' id='word_1_26' title='bbox 706 874 776 947; x_wconf 79' lang='grc' dir='ltr'><strong><em>τοὺς</em></strong></span> <span class='ocrx_word' id='word_1_27' title='bbox 801 876 855 948; x_wconf 73' lang='grc' dir='ltr'>τὴν</span> <span class='ocrx_word' id='word_1_28' title='bbox 879 874 990 941; x_wconf 84' lang='grc' dir='ltr'><strong><em>Ἀσίαν</em></strong></span> <span class='ocrx_word' id='word_1_29' title='bbox 1014 875 1170 946; x_wconf 71' lang='grc' dir='ltr'><strong><em>οἰκοῦντας</em></strong></span> <span class='ocrx_word' id='word_1_30' title='bbox 1191 875 1349 950; x_wconf 76' lang='grc' dir='ltr'><strong><em>Ἕλληνας</em></strong></span> 
     </span>
     <span class='ocr_line' id='line_1_6' title="bbox 158 975 1352 1064; baseline 0.003 -19"><span class='ocrx_word' id='word_1_31' title='bbox 158 981 307 1064; x_wconf 80' lang='grc' dir='ltr'><strong><em>’ἔγραψαν</em></strong></span> <span class='ocrx_word' id='word_1_32' title='bbox 339 981 450 1059; x_wconf 81' lang='grc' dir='ltr'><strong><em>ἐξεῖναι</em></strong></span> <span class='ocrx_word' id='word_1_33' title='bbox 475 981 584 1062; x_wconf 71' lang='grc' dir='ltr'><strong><em>δρᾶσαι</em></strong></span> <span class='ocrx_word' id='word_1_34' title='bbox 610 975 715 1053; x_wconf 67' lang='lat' dir='ltr'>aciei</span> <span class='ocrx_word' id='word_1_35' title='bbox 738 1004 768 1047; x_wconf 83' lang='lat' dir='ltr'>rr</span> <span class='ocrx_word' id='word_1_36' title='bbox 794 979 832 1046; x_wconf 79' lang='grc' dir='ltr'>θον</span> <span class='ocrx_word' id='word_1_37' title='bbox 856 979 927 1064; x_wconf 68' lang='grc' dir='ltr'>θέλῃ</span> <span class='ocrx_word' id='word_1_38' title='bbox 951 982 1115 1060; x_wconf 80' lang='grc' dir='ltr'><strong><em>βασιλεύς.</em></strong></span> <span class='ocrx_word' id='word_1_39' title='bbox 1162 979 1283 1048; x_wconf 87' lang='lat' dir='ltr'>Verum</span> <span class='ocrx_word' id='word_1_40' title='bbox 1302 983 1352 1048; x_wconf 82' lang='lat' dir='ltr'>vi·</span> 
     </span>
     <span class='ocr_line' id='line_1_7' title="bbox 163 1086 754 1172; baseline -0.002 -20"><span class='ocrx_word' id='word_1_41' title='bbox 163 1087 211 1152; x_wconf 86' lang='lat' dir='ltr'>dit</span> <span class='ocrx_word' id='word_1_42' title='bbox 232 1087 416 1154; x_wconf 88' lang='lat' dir='ltr'>Dobraeum</span> <span class='ocrx_word' id='word_1_43' title='bbox 438 1086 573 1165; x_wconf 73' lang='grc' dir='ltr'><strong><em>βασιλεῖ</em></strong></span> <span class='ocrx_word' id='word_1_44' title='bbox 592 1106 754 1172; x_wconf 87' lang='lat' dir='ltr'>reponens.</span> 
     </span>
    </p>
   </div>
   <div class='ocr_carea' id='block_1_4' title="bbox 163 1323 1353 1938">
    <p class='ocr_par' dir='ltr' id='par_1_4' title="bbox 163 1323 1353 1938">
     <span class='ocr_line' id='line_1_8' title="bbox 206 1323 1350 1412; baseline 0 -21"><span class='ocrx_word' id='word_1_45' title='bbox 206 1324 288 1412; x_wconf 82' lang='lat' dir='ltr'>Pag.</span> <span class='ocrx_word' id='word_1_46' title='bbox 321 1324 398 1391; x_wconf 91' lang='grc'><strong>666.</strong></span> <span class='ocrx_word' id='word_1_47' title='bbox 433 1325 485 1391; x_wconf 83' lang='grc'><strong>15.</strong></span> <span class='ocrx_word' id='word_1_48' title='bbox 517 1325 569 1391; x_wconf 79' lang='grc' dir='ltr'>καί</span> <span class='ocrx_word' id='word_1_49' title='bbox 603 1328 664 1404; x_wconf 71' lang='grc' dir='ltr'>μὴν</span> <span class='ocrx_word' id='word_1_50' title='bbox 692 1325 745 1390; x_wconf 75' lang='grc' dir='ltr'>καὶ</span> <span class='ocrx_word' id='word_1_51' title='bbox 770 1324 897 1404; x_wconf 80' lang='grc' dir='ltr'><strong><em>γεγονός</em></strong></span> <span class='ocrx_word' id='word_1_52' title='bbox 921 1349 951 1390; x_wconf 88' lang='grc' dir='ltr'>τι</span> <span class='ocrx_word' id='word_1_53' title='bbox 975 1329 1112 1406; x_wconf 71' lang='grc' dir='ltr'><strong><em>πρᾶγμα</em></strong></span> <span class='ocrx_word' id='word_1_54' title='bbox 1134 1323 1254 1408; x_wconf 79' lang='grc' dir='ltr'><strong><em>φροίσαι</em></strong></span> <span class='ocrx_word' id='word_1_55' title='bbox 1278 1328 1350 1408; x_wconf 80' lang='grc' dir='ltr'><strong><em>πρὸς</em></strong></span> 
     </span>
     <span class='ocr_line' id='line_1_9' title="bbox 163 1430 1350 1511; baseline 0.003 -16"><span class='ocrx_word' id='word_1_56' title='bbox 163 1432 247 1510; x_wconf 70' lang='grc' dir='ltr'>ὑμᾶς</span> <span class='ocrx_word' id='word_1_57' title='bbox 270 1431 437 1510; x_wconf 74' lang='grc' dir='ltr'><strong><em>βούλομαι.</em></strong></span> <span class='ocrx_word' id='word_1_58' title='bbox 483 1431 605 1498; x_wconf 86' lang='lat' dir='ltr'>lterum</span> <span class='ocrx_word' id='word_1_59' title='bbox 627 1433 796 1498; x_wconf 89' lang='lat' dir='ltr'>haeremus</span> <span class='ocrx_word' id='word_1_60' title='bbox 817 1434 852 1498; x_wconf 88' lang='lat' dir='ltr'>in</span> <span class='ocrx_word' id='word_1_61' title='bbox 874 1430 1003 1510; x_wconf 80' lang='grc' dir='ltr'><strong><em>γεγονθς</em></strong></span> <span class='ocrx_word' id='word_1_62' title='bbox 1028 1456 1057 1496; x_wconf 94' lang='grc' dir='ltr'>τι</span> <span class='ocrx_word' id='word_1_63' title='bbox 1081 1437 1229 1511; x_wconf 73' lang='grc' dir='ltr'><strong><em>πρᾶγμα.</em></strong></span> <span class='ocrx_word' id='word_1_64' title='bbox 1276 1433 1350 1499; x_wconf 82' lang='lat' dir='ltr'>For·</span> 
     </span>
     <span class='ocr_line' id='line_1_10' title="bbox 164 1538 1348 1624; baseline 0.003 -23"><span class='ocrx_word' id='word_1_65' title='bbox 164 1542 245 1602; x_wconf 88' lang='lat' dir='ltr'>tasse</span> <span class='ocrx_word' id='word_1_66' title='bbox 269 1540 388 1603; x_wconf 87' lang='lat' dir='ltr'>iterum</span> <span class='ocrx_word' id='word_1_67' title='bbox 410 1538 528 1603; x_wconf 86' lang='lat' dir='ltr'>excidit</span> <span class='ocrx_word' id='word_1_68' title='bbox 551 1538 738 1605; x_wconf 79' lang='lat' dir='ltr'><strong>adverbium</strong></span> <span class='ocrx_word' id='word_1_69' title='bbox 762 1541 916 1624; x_wconf 86' lang='lat' dir='ltr'>temporis</span> <span class='ocrx_word' id='word_1_70' title='bbox 940 1539 992 1603; x_wconf 82' lang='grc' dir='ltr'>καί</span> <span class='ocrx_word' id='word_1_71' title='bbox 1013 1539 1143 1624; x_wconf 70' lang='grc' dir='ltr'><strong><em>(πνίλιιι)</em></strong></span> <span class='ocrx_word' id='word_1_72' title='bbox 1162 1539 1291 1618; x_wconf 78' lang='grc' dir='ltr'><strong><em>γεγονός</em></strong></span> <span class='ocrx_word' id='word_1_73' title='bbox 1320 1564 1348 1605; x_wconf 92' lang='grc' dir='ltr'>τι</span> 
     </span>
     <span class='ocr_line' id='line_1_11' title="bbox 164 1644 1353 1730; baseline 0.003 -23"><span class='ocrx_word' id='word_1_74' title='bbox 164 1648 312 1724; x_wconf 73' lang='grc' dir='ltr'>πρᾶγμα.</span> <span class='ocrx_word' id='word_1_75' title='bbox 358 1644 506 1710; x_wconf 76' lang='lat' dir='ltr'>Veterem</span> <span class='ocrx_word' id='word_1_76' title='bbox 537 1665 608 1710; x_wconf 89' lang='lat' dir='ltr'>eam</span> <span class='ocrx_word' id='word_1_77' title='bbox 635 1665 704 1710; x_wconf 91' lang='lat' dir='ltr'>rem</span> <span class='ocrx_word' id='word_1_78' title='bbox 727 1645 824 1710; x_wconf 87' lang='lat' dir='ltr'>fuisse</span> <span class='ocrx_word' id='word_1_79' title='bbox 849 1647 927 1711; x_wconf 85' lang='lat' dir='ltr'>satis</span> <span class='ocrx_word' id='word_1_80' title='bbox 950 1644 1090 1710; x_wconf 75' lang='lat' dir='ltr'>declarat</span> <span class='ocrx_word' id='word_1_81' title='bbox 1112 1648 1153 1710; x_wconf 89' lang='lat' dir='ltr'>iis</span> <span class='ocrx_word' id='word_1_82' title='bbox 1177 1666 1257 1730; x_wconf 91' lang='lat' dir='ltr'>quae</span> <span class='ocrx_word' id='word_1_83' title='bbox 1281 1666 1353 1711; x_wconf 93' lang='lat' dir='ltr'>con·</span> 
     </span>
     <span class='ocr_line' id='line_1_12' title="bbox 163 1748 1351 1833; baseline 0.002 -19"><span class='ocrx_word' id='word_1_84' title='bbox 163 1752 254 1815; x_wconf 91' lang='lat' dir='ltr'>tinuo</span> <span class='ocrx_word' id='word_1_85' title='bbox 283 1748 423 1815; x_wconf 79' lang='lat' dir='ltr'>addidit:</span> <span class='ocrx_word' id='word_1_86' title='bbox 449 1751 536 1828; x_wconf 78' lang='grc' dir='ltr'><strong><em>ὑμεῖς</em></strong></span> <span class='ocrx_word' id='word_1_87' title='bbox 560 1751 743 1826; x_wconf 75' lang='grc' dir='ltr'><strong><em>ἐποιήσασθε</em></strong></span> <span class='ocrx_word' id='word_1_88' title='bbox 766 1750 797 1817; x_wconf 81' lang='grc' dir='ltr'>ἔν</span> <span class='ocrx_word' id='word_1_89' title='bbox 820 1775 880 1818; x_wconf 91' lang='grc' dir='ltr'><strong><em>τισι</em></strong></span> <span class='ocrx_word' id='word_1_90' title='bbox 902 1759 1016 1832; x_wconf 80' lang='grc' dir='ltr'><strong><em>καιροῖς</em></strong></span> <span class='ocrx_word' id='word_1_91' title='bbox 1040 1751 1091 1816; x_wconf 82' lang='grc' dir='ltr'>καί</span> <span class='ocrx_word' id='word_1_92' title='bbox 1115 1753 1233 1833; x_wconf 77' lang='grc' dir='ltr'><strong><em>χρόνοις</em></strong></span> <span class='ocrx_word' id='word_1_93' title='bbox 1257 1750 1351 1832; x_wconf 88' lang='grc' dir='ltr'><strong><em>Ἀριο-</em></strong></span> 
     </span>
     <span class='ocr_line' id='line_1_13' title="bbox 164 1853 482 1938; baseline 0.006 -19"><span class='ocrx_word' id='word_1_94' title='bbox 164 1853 321 1938; x_wconf 79' lang='grc' dir='ltr'><strong><em>βαρζοίννν</em></strong></span> <span class='ocrx_word' id='word_1_95' title='bbox 344 1855 482 1931; x_wconf 76' lang='grc' dir='ltr'>πολίτην.</span> 
     </span>
    </p>
   </div>
   <div class='ocr_carea' id='block_1_5' title="bbox 95 2079 1357 2489">
    <p class='ocr_par' dir='ltr' id='par_1_5' title="bbox 95 2079 1357 2489">
     <span class='ocr_line' id='line_1_14' title="bbox 209 2079 1353 2170; baseline 0.002 -26"><span class='ocrx_word' id='word_1_96' title='bbox 209 2080 290 2170; x_wconf 82' lang='lat' dir='ltr'>Pag.</span> <span class='ocrx_word' id='word_1_97' title='bbox 314 2079 390 2150; x_wconf 83' lang='lat'>567.</span> <span class='ocrx_word' id='word_1_98' title='bbox 414 2081 465 2147; x_wconf 89' lang='grc'><strong>10.</strong></span> <span class='ocrx_word' id='word_1_99' title='bbox 488 2083 512 2147; x_wconf 80' lang='grc' dir='ltr'>εἰ</span> <span class='ocrx_word' id='word_1_100' title='bbox 533 2082 560 2146; x_wconf 88' lang='grc' dir='ltr'>δ’</span> <span class='ocrx_word' id='word_1_101' title='bbox 580 2080 741 2164; x_wconf 71' lang='grc' dir='ltr'>ἐφήπτετό</span> <span class='ocrx_word' id='word_1_102' title='bbox 764 2105 811 2153; x_wconf 78' lang='grc' dir='ltr'>τις</span> <span class='ocrx_word' id='word_1_103' title='bbox 829 2087 888 2147; x_wconf 80' lang='grc' dir='ltr'>τῶν</span> <span class='ocrx_word' id='word_1_104' title='bbox 910 2082 1053 2149; x_wconf 83' lang='grc' dir='ltr'><strong><em>Φιλίσκον</em></strong></span> <span class='ocrx_word' id='word_1_105' title='bbox 1074 2083 1173 2165; x_wconf 79' lang='grc' dir='ltr'><strong><em>φίλων</em></strong></span> <span class='ocrx_word' id='word_1_106' title='bbox 1190 2081 1353 2161; x_wconf 77' lang='grc' dir='ltr'><strong><em>ἢπαίδων,</em></strong></span> 
     </span>
     <span class='ocr_line' id='line_1_15' title="bbox 95 2186 1357 2275; baseline 0.001 -23"><span class='ocrx_word' id='word_1_107' title='bbox 95 2206 97 2210; x_wconf 89' lang='grc'><strong><em>·</em></strong></span> <span class='ocrx_word' id='word_1_108' title='bbox 166 2187 307 2266; x_wconf 79' lang='grc' dir='ltr'><strong><em>ἒξεδίδοτ’</em></strong></span> <span class='ocrx_word' id='word_1_109' title='bbox 347 2186 385 2253; x_wconf 77' lang='grc' dir='ltr'>θον</span> <span class='ocrx_word' id='word_1_110' title='bbox 422 2188 480 2254; x_wconf 79' lang='grc' dir='ltr'>ὑπὸ</span> <span class='ocrx_word' id='word_1_111' title='bbox 516 2192 569 2253; x_wconf 86' lang='grc' dir='ltr'>τοῦ</span> <span class='ocrx_word' id='word_1_112' title='bbox 607 2187 749 2270; x_wconf 76' lang='grc' dir='ltr'>ὑμετέρου</span> <span class='ocrx_word' id='word_1_113' title='bbox 784 2191 1002 2268; x_wconf 75' lang='grc' dir='ltr'>ψηφίσματος.</span> <span class='ocrx_word' id='word_1_114' title='bbox 1061 2189 1272 2275; x_wconf 77' lang='lat' dir='ltr'>Perspicuum</span> <span class='ocrx_word' id='word_1_115' title='bbox 1308 2194 1357 2254; x_wconf 90' lang='lat' dir='ltr'>est</span> 
     </span>
     <span class='ocr_line' id='line_1_16' title="bbox 165 2292 1355 2382; baseline 0 -23"><span class='ocrx_word' id='word_1_116' title='bbox 165 2292 414 2360; x_wconf 82' lang='lat' dir='ltr'>Demosthenem</span> <span class='ocrx_word' id='word_1_117' title='bbox 445 2295 563 2360; x_wconf 82' lang='lat' dir='ltr'>dixisse</span> <span class='ocrx_word' id='word_1_118' title='bbox 591 2295 710 2358; x_wconf 77' lang='lat' dir='ltr'>deditur</span> <span class='ocrx_word' id='word_1_119' title='bbox 731 2296 866 2380; x_wconf 64' lang='lat' dir='ltr'>fciant,</span> <span class='ocrx_word' id='word_1_120' title='bbox 897 2298 1005 2382; x_wconf 88' lang='lat' dir='ltr'>itaque</span> <span class='ocrx_word' id='word_1_121' title='bbox 1032 2294 1194 2372; x_wconf 72' lang='grc' dir='ltr'><strong><em>ἐξεδθδοτο</em></strong></span> <span class='ocrx_word' id='word_1_122' title='bbox 1219 2297 1355 2360; x_wconf 88' lang='lat' dir='ltr'>scriben-</span> 
     </span>
     <span class='ocr_line' id='line_1_17' title="bbox 166 2398 1355 2489; baseline -0.001 -24"><span class='ocrx_word' id='word_1_123' title='bbox 166 2401 272 2465; x_wconf 92' lang='lat' dir='ltr'>dum.·</span> <span class='ocrx_word' id='word_1_124' title='bbox 301 2398 494 2486; x_wconf 80' lang='lat' dir='ltr'>Saepissime</span> <span class='ocrx_word' id='word_1_125' title='bbox 523 2399 870 2486; x_wconf 84' lang='lat' dir='ltr'>plusquamperfectum</span> <span class='ocrx_word' id='word_1_126' title='bbox 904 2405 936 2466; x_wconf 90' lang='lat' dir='ltr'>in</span> <span class='ocrx_word' id='word_1_127' title='bbox 971 2402 1196 2489; x_wconf 87' lang='lat' dir='ltr'>imperfectum</span> <span class='ocrx_word' id='word_1_128' title='bbox 1228 2422 1355 2468; x_wconf 80' lang='lat' dir='ltr'>conver·</span> 
     </span>
    </p>
   </div>
   <div class='ocr_carea' id='block_1_6' title="bbox 165 2505 1187 2592">
    <p class='ocr_par' dir='ltr' id='par_1_6' title="bbox 165 2505 1187 2592">
     <span class='ocr_line' id='line_1_18' title="bbox 165 2505 1187 2592; baseline 0.003 -22"><span class='ocrx_word' id='word_1_129' title='bbox 165 2509 247 2571; x_wconf 87' lang='lat' dir='ltr'>titur</span> <span class='ocrx_word' id='word_1_130' title='bbox 254 2526 263 2586; x_wconf 92' lang='lat'>;</span> <span class='ocrx_word' id='word_1_131' title='bbox 289 2526 380 2592; x_wconf 85' lang='lat' dir='ltr'>saepe</span> <span class='ocrx_word' id='word_1_132' title='bbox 405 2505 538 2571; x_wconf 90' lang='grc' dir='ltr'><strong><em>δίδοσθαι</em></strong></span> <span class='ocrx_word' id='word_1_133' title='bbox 562 2513 595 2571; x_wconf 88' lang='lat' dir='ltr'>et</span> <span class='ocrx_word' id='word_1_134' title='bbox 618 2505 754 2574; x_wconf 76' lang='grc' dir='ltr'><strong><em>δεδόσθαι</em></strong></span> <span class='ocrx_word' id='word_1_135' title='bbox 777 2511 862 2574; x_wconf 87' lang='lat' dir='ltr'>inter</span> <span class='ocrx_word' id='word_1_136' title='bbox 886 2529 919 2574; x_wconf 89' lang='lat' dir='ltr'>se</span> <span class='ocrx_word' id='word_1_137' title='bbox 943 2510 1187 2575; x_wconf 75' lang='lat' dir='ltr'>confunduntur.</span> 
     </span>
    </p>
   </div>
   <div class='ocr_carea' id='block_1_7' title="bbox 165 2728 1358 3032">
    <p class='ocr_par' dir='ltr' id='par_1_7' title="bbox 165 2728 1358 3032">
     <span class='ocr_line' id='line_1_19' title="bbox 210 2728 1354 2819; baseline 0 -23"><span class='ocrx_word' id='word_1_138' title='bbox 210 2731 291 2819; x_wconf 75' lang='lat' dir='ltr'>Peg.</span> <span class='ocrx_word' id='word_1_139' title='bbox 325 2728 402 2798; x_wconf 82' lang='grc'><strong>667.</strong></span> <span class='ocrx_word' id='word_1_140' title='bbox 434 2729 487 2796; x_wconf 86' lang='grc'>26.</span> <span class='ocrx_word' id='word_1_141' title='bbox 516 2733 549 2797; x_wconf 82' lang='grc' dir='ltr'>οὐ</span> <span class='ocrx_word' id='word_1_142' title='bbox 572 2731 661 2810; x_wconf 84' lang='grc' dir='ltr'><strong><em>μθνον</em></strong></span> <span class='ocrx_word' id='word_1_143' title='bbox 686 2734 757 2811; x_wconf 83' lang='grc' dir='ltr'><strong><em>ὑμῖν</em></strong></span> <span class='ocrx_word' id='word_1_144' title='bbox 781 2732 918 2811; x_wconf 81' lang='grc' dir='ltr'><strong><em>ἐπιδείξω</em></strong></span> <span class='ocrx_word' id='word_1_145' title='bbox 942 2743 997 2810; x_wconf 74' lang='grc' dir='ltr'>τῆς</span> <span class='ocrx_word' id='word_1_146' title='bbox 1021 2741 1169 2817; x_wconf 75' lang='grc' dir='ltr'><strong><em>Φυλααῆο</em></strong></span> <span class='ocrx_word' id='word_1_147' title='bbox 1192 2733 1246 2798; x_wconf 83' lang='grc' dir='ltr'>οὐκ</span> <span class='ocrx_word' id='word_1_148' title='bbox 1270 2729 1354 2808; x_wconf 77' lang='grc' dir='ltr'><strong><em>ἄξιον</em></strong></span> 
     </span>
     <span class='ocr_line' id='line_1_20' title="bbox 165 2828 1358 2924; baseline -0.003 -22"><span class='ocrx_word' id='word_1_149' title='bbox 165 2828 199 2912; x_wconf 70' lang='grc' dir='ltr'>ἣν</span> <span class='ocrx_word' id='word_1_150' title='bbox 230 2837 394 2920; x_wconf 77' lang='grc' dir='ltr'>γέγραφεν</span> <span class='ocrx_word' id='word_1_151' title='bbox 425 2834 529 2922; x_wconf 79' lang='grc' dir='ltr'><strong><em>οὗτος,</em></strong></span> <span class='ocrx_word' id='word_1_152' title='bbox 556 2839 644 2903; x_wconf 69' lang='grc' dir='ltr'>ἄλλα</span> <span class='ocrx_word' id='word_1_153' title='bbox 670 2837 722 2903; x_wconf 81' lang='grc' dir='ltr'>καί</span> <span class='ocrx_word' id='word_1_154' title='bbox 748 2837 831 2913; x_wconf 77' lang='grc' dir='ltr'><strong><em>δίκην</em></strong></span> <span class='ocrx_word' id='word_1_155' title='bbox 855 2837 932 2904; x_wconf 76' lang='grc' dir='ltr'><strong><em>δόντ’</em></strong></span> <span class='ocrx_word' id='word_1_156' title='bbox 956 2838 995 2904; x_wconf 83' lang='grc' dir='ltr'>θον</span> <span class='ocrx_word' id='word_1_157' title='bbox 1017 2839 1150 2912; x_wconf 80' lang='grc' dir='ltr'>δικαίως.</span> <span class='ocrx_word' id='word_1_158' title='bbox 1197 2837 1358 2924; x_wconf 79' lang='lat' dir='ltr'>Supplen.</span> 
     </span>
     <span class='ocr_line' id='line_1_21' title="bbox 166 2935 925 3032; baseline -0.001 -23"><span class='ocrx_word' id='word_1_159' title='bbox 166 2944 263 3009; x_wconf 85' lang='lat' dir='ltr'>dum:</span> <span class='ocrx_word' id='word_1_160' title='bbox 289 2945 342 3008; x_wconf 84' lang='grc' dir='ltr'>οὐκ</span> <span class='ocrx_word' id='word_1_161' title='bbox 366 2941 451 3020; x_wconf 74' lang='grc' dir='ltr'><strong><em>ἄξιον</em></strong></span> <span class='ocrx_word' id='word_1_162' title='bbox 477 2941 560 3032; x_wconf 70' lang='grc' dir='ltr'>(ὄνθ’)</span> <span class='ocrx_word' id='word_1_163' title='bbox 582 2935 618 3017; x_wconf 72' lang='grc' dir='ltr'>ἣν</span> <span class='ocrx_word' id='word_1_164' title='bbox 640 2944 805 3027; x_wconf 75' lang='grc' dir='ltr'><strong><em>γέγραφεν</em></strong></span> <span class='ocrx_word' id='word_1_165' title='bbox 829 2940 925 3016; x_wconf 77' lang='grc' dir='ltr'><strong><em>οὗτος.</em></strong></span> 
     </span>
    </p>
   </div>
   <div class='ocr_carea' id='block_1_8' title="bbox 167 3167 1359 4420">
    <p class='ocr_par' dir='ltr' id='par_1_8' title="bbox 167 3167 1359 3896">
     <span class='ocr_line' id='line_1_22' title="bbox 212 3167 1356 3258; baseline -0.002 -24"><span class='ocrx_word' id='word_1_166' title='bbox 212 3169 292 3258; x_wconf 78' lang='lat' dir='ltr'>Peg.</span> <span class='ocrx_word' id='word_1_167' title='bbox 327 3167 402 3234; x_wconf 89' lang='grc'><strong>668.</strong></span> <span class='ocrx_word' id='word_1_168' title='bbox 435 3169 488 3235; x_wconf 92' lang='grc'>10.</span> <span class='ocrx_word' id='word_1_169' title='bbox 514 3169 543 3236; x_wconf 83' lang='grc' dir='ltr'>εί</span> <span class='ocrx_word' id='word_1_170' title='bbox 564 3195 611 3242; x_wconf 80' lang='grc' dir='ltr'>τις</span> <span class='ocrx_word' id='word_1_171' title='bbox 636 3171 719 3249; x_wconf 68' lang='grc' dir='ltr'>ὑμᾶς</span> <span class='ocrx_word' id='word_1_172' title='bbox 742 3171 835 3250; x_wconf 81' lang='grc' dir='ltr'><strong><em>ἔροιτο</em></strong></span> <span class='ocrx_word' id='word_1_173' title='bbox 858 3170 890 3235; x_wconf 89' lang='grc' dir='ltr'>τί</span> <span class='ocrx_word' id='word_1_174' title='bbox 912 3167 1112 3250; x_wconf 78' lang='grc' dir='ltr'><strong><em>πονηρότατον</em></strong></span> <span class='ocrx_word' id='word_1_175' title='bbox 1136 3167 1275 3250; x_wconf 83' lang='grc' dir='ltr'><strong><em>νομίζετε</em></strong></span> <span class='ocrx_word' id='word_1_176' title='bbox 1298 3175 1356 3234; x_wconf 83' lang='grc' dir='ltr'>τῶν</span> 
     </span>
     <span class='ocr_line' id='line_1_23' title="bbox 167 3274 1356 3362; baseline -0.002 -20"><span class='ocrx_word' id='word_1_177' title='bbox 167 3278 198 3342; x_wconf 85' lang='grc' dir='ltr'>ἐν</span> <span class='ocrx_word' id='word_1_178' title='bbox 229 3286 266 3360; x_wconf 74' lang='grc' dir='ltr'>τῇ</span> <span class='ocrx_word' id='word_1_179' title='bbox 300 3274 388 3340; x_wconf 73' lang='grc' dir='ltr'><strong><em>πόλει</em></strong></span> <span class='ocrx_word' id='word_1_180' title='bbox 416 3275 540 3342; x_wconf 86' lang='grc' dir='ltr'><strong><em>ποίντων</em></strong></span> <span class='ocrx_word' id='word_1_181' title='bbox 575 3277 670 3341; x_wconf 80' lang='grc' dir='ltr'><strong><em>ἐθνῶν.</em></strong></span> <span class='ocrx_word' id='word_1_182' title='bbox 719 3275 832 3342; x_wconf 84' lang='lat' dir='ltr'>Vicina</span> <span class='ocrx_word' id='word_1_183' title='bbox 853 3277 969 3344; x_wconf 83' lang='lat' dir='ltr'>ricinis</span> <span class='ocrx_word' id='word_1_184' title='bbox 991 3297 1156 3362; x_wconf 86' lang='lat' dir='ltr'>perperam</span> <span class='ocrx_word' id='word_1_185' title='bbox 1180 3296 1356 3341; x_wconf 90' lang='lat' dir='ltr'>accommo-</span> 
     </span>
     <span class='ocr_line' id='line_1_24' title="bbox 168 3380 1358 3470; baseline -0.001 -23"><span class='ocrx_word' id='word_1_186' title='bbox 168 3382 243 3448; x_wconf 83' lang='lat' dir='ltr'>data</span> <span class='ocrx_word' id='word_1_187' title='bbox 271 3386 355 3448; x_wconf 85' lang='lat' dir='ltr'>sunt.</span> <span class='ocrx_word' id='word_1_188' title='bbox 401 3381 505 3470; x_wconf 82' lang='lat' dir='ltr'>Lege:</span> <span class='ocrx_word' id='word_1_189' title='bbox 534 3382 566 3448; x_wconf 92' lang='grc' dir='ltr'>τί</span> <span class='ocrx_word' id='word_1_190' title='bbox 589 3383 790 3464; x_wconf 78' lang='grc' dir='ltr'><strong><em>ποννρθτατον</em></strong></span> <span class='ocrx_word' id='word_1_191' title='bbox 808 3421 851 3431; x_wconf 96' lang='grc'>-</span> <span class='ocrx_word' id='word_1_192' title='bbox 869 3381 992 3449; x_wconf 82' lang='grc' dir='ltr'><strong><em>ποίντιον</em></strong></span> <span class='ocrx_word' id='word_1_193' title='bbox 1016 3380 1129 3448; x_wconf 70' lang='grc' dir='ltr'>ἔθνΟΟ.</span> <span class='ocrx_word' id='word_1_194' title='bbox 1175 3380 1247 3446; x_wconf 85' lang='grc' dir='ltr'>Ηοο</span> <span class='ocrx_word' id='word_1_195' title='bbox 1271 3383 1358 3446; x_wconf 89' lang='lat' dir='ltr'>enim</span> 
     </span>
     <span class='ocr_line' id='line_1_25' title="bbox 167 3488 1357 3575; baseline -0.002 -22"><span class='ocrx_word' id='word_1_196' title='bbox 167 3491 202 3553; x_wconf 91' lang='lat' dir='ltr'>in</span> <span class='ocrx_word' id='word_1_197' title='bbox 232 3488 352 3554; x_wconf 87' lang='lat' dir='ltr'>talibus</span> <span class='ocrx_word' id='word_1_198' title='bbox 380 3488 522 3574; x_wconf 84' lang='lat' dir='ltr'>postulat</span> <span class='ocrx_word' id='word_1_199' title='bbox 548 3510 625 3555; x_wconf 84' lang='lat' dir='ltr'>usus</span> <span class='ocrx_word' id='word_1_200' title='bbox 648 3495 680 3556; x_wconf 85' lang='lat' dir='ltr'>et</span> <span class='ocrx_word' id='word_1_201' title='bbox 702 3492 783 3555; x_wconf 90' lang='lat' dir='ltr'>ratic</span> <span class='ocrx_word' id='word_1_202' title='bbox 806 3489 972 3575; x_wconf 87' lang='lat' dir='ltr'>loquendi,</span> <span class='ocrx_word' id='word_1_203' title='bbox 996 3493 1034 3553; x_wconf 91' lang='lat' dir='ltr'>ut</span> <span class='ocrx_word' id='word_1_204' title='bbox 1056 3491 1090 3553; x_wconf 93' lang='lat' dir='ltr'>in</span> <span class='ocrx_word' id='word_1_205' title='bbox 1113 3490 1130 3564; x_wconf 78' lang='grc' dir='ltr'><strong><em>ἡ</em></strong></span> <span class='ocrx_word' id='word_1_206' title='bbox 1157 3489 1273 3567; x_wconf 79' lang='grc' dir='ltr'><strong><em>μεγίςν</em></strong></span> <span class='ocrx_word' id='word_1_207' title='bbox 1299 3493 1357 3552; x_wconf 83' lang='grc' dir='ltr'>τῶν</span> 
     </span>
     <span class='ocr_line' id='line_1_26' title="bbox 168 3593 1359 3683; baseline -0.002 -23"><span class='ocrx_word' id='word_1_208' title='bbox 168 3601 276 3661; x_wconf 79' lang='grc' dir='ltr'><strong><em>πασῶν</em></strong></span> <span class='ocrx_word' id='word_1_209' title='bbox 307 3594 408 3680; x_wconf 81' lang='grc' dir='ltr'><strong><em>νίσος,</em></strong></span> <span class='ocrx_word' id='word_1_210' title='bbox 439 3616 503 3663; x_wconf 91' lang='lat' dir='ltr'>non</span> <span class='ocrx_word' id='word_1_211' title='bbox 528 3595 630 3660; x_wconf 84' lang='grc' dir='ltr'><strong><em>νθσιιν.</em></strong></span> <span class='ocrx_word' id='word_1_212' title='bbox 676 3595 818 3683; x_wconf 82' lang='lat' dir='ltr'>Vulgata</span> <span class='ocrx_word' id='word_1_213' title='bbox 839 3594 934 3661; x_wconf 90' lang='lat' dir='ltr'>lectio</span> <span class='ocrx_word' id='word_1_214' title='bbox 957 3601 1006 3661; x_wconf 87' lang='lat' dir='ltr'>est</span> <span class='ocrx_word' id='word_1_215' title='bbox 1028 3596 1113 3681; x_wconf 90' lang='lat' dir='ltr'>apud</span> <span class='ocrx_word' id='word_1_216' title='bbox 1136 3593 1359 3678; x_wconf 89' lang='lat' dir='ltr'>Harpocratio-</span> 
     </span>
     <span class='ocr_line' id='line_1_27' title="bbox 168 3698 1356 3787; baseline -0.004 -19"><span class='ocrx_word' id='word_1_217' title='bbox 168 3723 243 3768; x_wconf 92' lang='lat' dir='ltr'>nem</span> <span class='ocrx_word' id='word_1_218' title='bbox 273 3724 305 3769; x_wconf 86' lang='lat' dir='ltr'>v.</span> <span class='ocrx_word' id='word_1_219' title='bbox 332 3701 450 3775; x_wconf 80' lang='grc' dir='ltr'><strong><em>Ἔθνος.</em></strong></span> <span class='ocrx_word' id='word_1_220' title='bbox 495 3703 617 3769; x_wconf 76' lang='lat' dir='ltr'>Eodem</span> <span class='ocrx_word' id='word_1_221' title='bbox 646 3723 739 3768; x_wconf 89' lang='lat' dir='ltr'>sensu</span> <span class='ocrx_word' id='word_1_222' title='bbox 774 3698 851 3773; x_wconf 81' lang='grc' dir='ltr'><strong><em>ἔθνος</em></strong></span> <span class='ocrx_word' id='word_1_223' title='bbox 883 3704 1012 3787; x_wconf 90' lang='lat' dir='ltr'>ponitur</span> <span class='ocrx_word' id='word_1_224' title='bbox 1033 3701 1117 3786; x_wconf 87' lang='lat' dir='ltr'>apud</span> <span class='ocrx_word' id='word_1_225' title='bbox 1140 3699 1356 3785; x_wconf 87' lang='lat' dir='ltr'>Antiphanam</span> 
     </span>
     <span class='ocr_line' id='line_1_28' title="bbox 170 3807 569 3896; baseline 0.003 -23"><span class='ocrx_word' id='word_1_226' title='bbox 170 3809 328 3874; x_wconf 83' lang='lat' dir='ltr'>Athenaei</span> <span class='ocrx_word' id='word_1_227' title='bbox 350 3829 424 3896; x_wconf 82' lang='lat' dir='ltr'>pag.</span> <span class='ocrx_word' id='word_1_228' title='bbox 449 3807 525 3875; x_wconf 83' lang='lat'>226.</span> <span class='ocrx_word' id='word_1_229' title='bbox 540 3828 569 3874; x_wconf 86' lang='grc'>11.</span> 
     </span>
    </p>

    <p class='ocr_par' dir='ltr' id='par_1_9' title="bbox 352 3913 1185 4420">
     <span class='ocr_line' id='line_1_29' title="bbox 691 3913 992 3994; baseline 0 -16"><span class='ocrx_word' id='word_1_230' title='bbox 691 3913 776 3994; x_wconf 70' lang='lat' dir='ltr'>perci</span> <span class='ocrx_word' id='word_1_231' title='bbox 805 3935 845 3992; x_wconf 81' lang='grc' dir='ltr'>γε</span> <span class='ocrx_word' id='word_1_232' title='bbox 868 3915 901 3988; x_wconf 68' lang='grc' dir='ltr'>νὴ</span> <span class='ocrx_word' id='word_1_233' title='bbox 928 3913 992 3978; x_wconf 87' lang='grc' dir='ltr'>Δία</span> 
     </span>
     <span class='ocr_line' id='line_1_30' title="bbox 352 4013 1185 4102; baseline -0.004 -17"><span class='ocrx_word' id='word_1_234' title='bbox 352 4019 423 4094; x_wconf 80' lang='grc' dir='ltr'><strong><em>τοὺς</em></strong></span> <span class='ocrx_word' id='word_1_235' title='bbox 446 4025 741 4102; x_wconf 77' lang='grc' dir='ltr'><strong><em>μητραγυρτοῦντας</em></strong></span> <span class='ocrx_word' id='word_1_236' title='bbox 765 4041 821 4098; x_wconf 82' lang='grc' dir='ltr'>γε·</span> <span class='ocrx_word' id='word_1_237' title='bbox 846 4020 925 4084; x_wconf 73' lang='grc' dir='ltr'><strong><em>πολὺ</em></strong></span> <span class='ocrx_word' id='word_1_238' title='bbox 949 4018 1011 4100; x_wconf 77' lang='grc' dir='ltr'><strong><em>γοὶρ</em></strong></span> <span class='ocrx_word' id='word_1_239' title='bbox 1037 4013 1077 4084; x_wconf 78' lang='grc' dir='ltr'>αὖ</span> <span class='ocrx_word' id='word_1_240' title='bbox 1099 4016 1185 4096; x_wconf 79' lang='grc' dir='ltr'><strong><em>γένος</em></strong></span> 
     </span>
     <span class='ocr_line' id='line_1_31' title="bbox 353 4124 756 4206; baseline 0 -16"><span class='ocrx_word' id='word_1_241' title='bbox 353 4124 547 4206; x_wconf 79' lang='grc' dir='ltr'><strong><em>μιαρώτατον</em></strong></span> <span class='ocrx_word' id='word_1_242' title='bbox 571 4128 657 4193; x_wconf 82' lang='grc' dir='ltr'><strong><em>τοῦτ’</em></strong></span> <span class='ocrx_word' id='word_1_243' title='bbox 682 4126 756 4195; x_wconf 66' lang='grc' dir='ltr'>ἐστίν.</span> 
     </span>
     <span class='ocr_line' id='line_1_32' title="bbox 355 4226 990 4312; baseline -0.008 -15"><span class='ocrx_word' id='word_1_244' title='bbox 355 4269 397 4282; x_wconf 89' lang='grc'>--</span> <span class='ocrx_word' id='word_1_245' title='bbox 415 4230 500 4310; x_wconf 76' lang='grc' dir='ltr'><strong><em>μετα</em></strong></span> <span class='ocrx_word' id='word_1_246' title='bbox 524 4256 564 4311; x_wconf 76' lang='grc' dir='ltr'>γε</span> <span class='ocrx_word' id='word_1_247' title='bbox 586 4231 655 4305; x_wconf 82' lang='grc' dir='ltr'><strong><em>τοὺς</em></strong></span> <span class='ocrx_word' id='word_1_248' title='bbox 681 4230 887 4312; x_wconf 76' lang='grc' dir='ltr'><strong><em>τραπεζίτας·</em></strong></span> <span class='ocrx_word' id='word_1_249' title='bbox 912 4226 990 4299; x_wconf 77' lang='grc' dir='ltr'><strong><em>ἔθνος</em></strong></span> 
     </span>
     <span class='ocr_line' id='line_1_33' title="bbox 355 4333 951 4420; baseline -0.008 -16"><span class='ocrx_word' id='word_1_250' title='bbox 355 4336 463 4404; x_wconf 81' lang='grc' dir='ltr'><strong><em>τούτου</em></strong></span> <span class='ocrx_word' id='word_1_251' title='bbox 484 4338 548 4420; x_wconf 82' lang='grc' dir='ltr'><strong><em>γθιρ</em></strong></span> <span class='ocrx_word' id='word_1_252' title='bbox 572 4337 653 4403; x_wconf 81' lang='grc' dir='ltr'><strong><em>οὐδέν</em></strong></span> <span class='ocrx_word' id='word_1_253' title='bbox 677 4339 738 4407; x_wconf 73' lang='grc' dir='ltr'><strong><em>ἕσιν</em></strong></span> <span class='ocrx_word' id='word_1_254' title='bbox 761 4333 951 4416; x_wconf 76' lang='grc' dir='ltr'>ἐξωλθςερον.</span> 
     </span>
    </p>
   </div>
   <div class='ocr_carea' id='block_1_9' title="bbox 0 0 1563 4972">
    <p class='ocr_par' dir='ltr' id='par_1_10' title="bbox 0 0 1563 4972">
     <span class='ocr_line' id='line_1_34' title="bbox 0 0 1563 4972; baseline 0 0"><span class='ocrx_word' id='word_1_255' title='bbox 0 0 1563 4972; x_wconf 95' lang='lat' dir='ltr'> </span> 
     </span>
    </p>
   </div>
  </div>
 </body>
</html>
