<?xml version="1.0" encoding="UTF-8"?>
<!DOCTYPE html PUBLIC "-//W3C//DTD XHTML 1.0 Transitional//EN"
    "http://www.w3.org/TR/xhtml1/DTD/xhtml1-transitional.dtd">
<html xmlns="http://www.w3.org/1999/xhtml" xml:lang="en" lang="en">
 <head>
  <title>
</title>
<meta http-equiv="Content-Type" content="text/html;charset=utf-8" />
  <meta name='ocr-system' content='tesseract 3.04.00' />
  <meta name='ocr-capabilities' content='ocr_page ocr_carea ocr_par ocr_line ocrx_word'/>
</head>
<body>
  <div class='ocr_page' id='page_1' title='image "./miscellaneacrit02cobegoog_0519.png"; bbox 0 0 3086 4968; ppageno 0'>
   <div class='ocr_carea' id='block_1_1' title="bbox 675 246 742 312">
    <p class='ocr_par' dir='ltr' id='par_1_1' title="bbox 675 246 742 312">
     <span class='ocr_line' id='line_1_1' title="bbox 675 246 742 312; baseline -0.06 1"><span class='ocrx_word' id='word_1_1' title='bbox 675 246 742 312; x_wconf 84' lang='grc'>495</span> 
     </span>
    </p>
   </div>
   <div class='ocr_carea' id='block_1_2' title="bbox 114 434 1319 3801">
    <p class='ocr_par' dir='ltr' id='par_1_2' title="bbox 114 434 1310 608">
     <span class='ocr_line' id='line_1_2' title="bbox 114 434 1310 526; baseline 0.001 -25"><span class='ocrx_word' id='word_1_2' title='bbox 114 435 297 502; x_wconf 89' lang='lat' dir='ltr'>Dindorfius</span> <span class='ocrx_word' id='word_1_3' title='bbox 319 435 454 519; x_wconf 79' lang='grc' dir='ltr'><strong><em>διρίρηκεν</em></strong></span> <span class='ocrx_word' id='word_1_4' title='bbox 478 435 660 510; x_wconf 78' lang='lat' dir='ltr'>substituit,</span> <span class='ocrx_word' id='word_1_5' title='bbox 684 438 813 500; x_wconf 87' lang='lat' dir='ltr'>secutus</span> <span class='ocrx_word' id='word_1_6' title='bbox 838 434 1036 513; x_wconf 87' lang='lat' dir='ltr'>Dobraeum,</span> <span class='ocrx_word' id='word_1_7' title='bbox 1061 439 1117 523; x_wconf 92' lang='lat' dir='ltr'>qui</span> <span class='ocrx_word' id='word_1_8' title='bbox 1135 459 1221 504; x_wconf 89' lang='lat' dir='ltr'>nune</span> <span class='ocrx_word' id='word_1_9' title='bbox 1242 438 1310 526; x_wconf 70' lang='lat' dir='ltr'>quiu</span> 
     </span>
     <span class='ocr_line' id='line_1_3' title="bbox 115 542 348 608; baseline 0 -1"><span class='ocrx_word' id='word_1_10' title='bbox 115 543 188 608; x_wconf 88' lang='lat' dir='ltr'>dem</span> <span class='ocrx_word' id='word_1_11' title='bbox 212 542 348 608; x_wconf 87' lang='lat' dir='ltr'>fallitur.</span> 
     </span>
    </p>

    <p class='ocr_par' dir='ltr' id='par_1_3' title="bbox 116 647 1314 1692">
     <span class='ocr_line' id='line_1_4' title="bbox 161 647 1314 735; baseline 0 -21"><span class='ocrx_word' id='word_1_12' title='bbox 161 656 298 730; x_wconf 84' lang='grc' dir='ltr'><strong><em>Διοιιρεῑν</em></strong></span> <span class='ocrx_word' id='word_1_13' title='bbox 322 655 354 715; x_wconf 90' lang='lat' dir='ltr'>et</span> <span class='ocrx_word' id='word_1_14' title='bbox 378 647 511 729; x_wconf 76' lang='grc' dir='ltr'><strong><em>διορίζειν</em></strong></span> <span class='ocrx_word' id='word_1_15' title='bbox 534 648 573 713; x_wconf 88' lang='lat' dir='ltr'>de</span> <span class='ocrx_word' id='word_1_16' title='bbox 595 647 668 735; x_wconf 81' lang='lat' dir='ltr'>lege</span> <span class='ocrx_word' id='word_1_17' title='bbox 688 650 868 732; x_wconf 87' lang='lat' dir='ltr'>promiscue</span> <span class='ocrx_word' id='word_1_18' title='bbox 892 654 925 714; x_wconf 91' lang='lat' dir='ltr'>et</span> <span class='ocrx_word' id='word_1_19' title='bbox 952 649 1063 715; x_wconf 87' lang='lat' dir='ltr'>eodem</span> <span class='ocrx_word' id='word_1_20' title='bbox 1084 671 1177 716; x_wconf 90' lang='lat' dir='ltr'>sensu</span> <span class='ocrx_word' id='word_1_21' title='bbox 1196 650 1314 716; x_wconf 87' lang='lat' dir='ltr'>dicitur</span> 
     </span>
     <span class='ocr_line' id='line_1_5' title="bbox 117 736 1312 841; baseline -0.002 -20"><span class='ocrx_word' id='word_1_22' title='bbox 117 756 202 841; x_wconf 86' lang='lat' dir='ltr'>apud</span> <span class='ocrx_word' id='word_1_23' title='bbox 225 736 360 830; x_wconf 82' lang='lat' dir='ltr'>omnes,¹</span> <span class='ocrx_word' id='word_1_24' title='bbox 377 756 435 821; x_wconf 88' lang='lat' dir='ltr'>ubi</span> <span class='ocrx_word' id='word_1_25' title='bbox 457 777 505 819; x_wconf 84' lang='lat' dir='ltr'>roa</span> <span class='ocrx_word' id='word_1_26' title='bbox 528 755 663 818; x_wconf 78' lang='grc' dir='ltr'><strong><em>ώίνονεασ</em></strong></span> <span class='ocrx_word' id='word_1_27' title='bbox 683 754 911 836; x_wconf 81' lang='grc' dir='ltr'><strong><em>ιίίείίαρυυιιίνσ</em></strong></span> <span class='ocrx_word' id='word_1_28' title='bbox 932 761 964 822; x_wconf 87' lang='lat' dir='ltr'>et</span> <span class='ocrx_word' id='word_1_29' title='bbox 984 759 1112 822; x_wconf 88' lang='lat' dir='ltr'>omnino</span> <span class='ocrx_word' id='word_1_30' title='bbox 1130 756 1189 822; x_wconf 87' lang='lat' dir='ltr'>ubi</span> <span class='ocrx_word' id='word_1_31' title='bbox 1206 755 1312 820; x_wconf 69' lang='lat' dir='ltr'>deberi·</span> 
     </span>
     <span class='ocr_line' id='line_1_6' title="bbox 116 859 1313 947; baseline -0.002 -21"><span class='ocrx_word' id='word_1_32' title='bbox 116 885 181 926; x_wconf 85' lang='lat' dir='ltr'>meu</span> <span class='ocrx_word' id='word_1_33' title='bbox 211 863 336 947; x_wconf 82' lang='lat' dir='ltr'>aliquod</span> <span class='ocrx_word' id='word_1_34' title='bbox 364 860 573 937; x_wconf 73' lang='lat' dir='ltr'>constituitur,</span> <span class='ocrx_word' id='word_1_35' title='bbox 606 859 793 941; x_wconf 78' lang='grc' dir='ltr'><strong><em>διανορεώειν</em></strong></span> <span class='ocrx_word' id='word_1_36' title='bbox 824 865 934 927; x_wconf 85' lang='lat' dir='ltr'>contra</span> <span class='ocrx_word' id='word_1_37' title='bbox 966 866 1014 928; x_wconf 88' lang='lat' dir='ltr'>est</span> <span class='ocrx_word' id='word_1_38' title='bbox 1040 863 1167 938; x_wconf 72' lang='grc' dir='ltr'><strong><em>ώθεονίο,</em></strong></span> <span class='ocrx_word' id='word_1_39' title='bbox 1192 861 1313 926; x_wconf 67' lang='lat' dir='ltr'>diuortia</span> 
     </span>
     <span class='ocr_line' id='line_1_7' title="bbox 117 967 1312 1051; baseline -0.001 -19"><span class='ocrx_word' id='word_1_40' title='bbox 117 969 213 1033; x_wconf 79' lang='lat' dir='ltr'>uerbis</span> <span class='ocrx_word' id='word_1_41' title='bbox 244 969 352 1034; x_wconf 83' lang='grc' dir='ltr'><strong><em>ιθίοονο.</em></strong></span> <span class='ocrx_word' id='word_1_42' title='bbox 397 967 469 1033; x_wconf 84' lang='grc' dir='ltr'>Ηοο</span> <span class='ocrx_word' id='word_1_43' title='bbox 500 969 529 1032; x_wconf 88' lang='lat' dir='ltr'>si</span> <span class='ocrx_word' id='word_1_44' title='bbox 560 967 681 1032; x_wconf 82' lang='lat' dir='ltr'>tenebis</span> <span class='ocrx_word' id='word_1_45' title='bbox 713 967 890 1032; x_wconf 87' lang='lat' dir='ltr'>scribarum</span> <span class='ocrx_word' id='word_1_46' title='bbox 918 989 1037 1033; x_wconf 87' lang='lat' dir='ltr'>errores</span> <span class='ocrx_word' id='word_1_47' title='bbox 1060 969 1179 1051; x_wconf 87' lang='lat' dir='ltr'>ubique</span> <span class='ocrx_word' id='word_1_48' title='bbox 1200 969 1312 1032; x_wconf 88' lang='lat' dir='ltr'>statim</span> 
     </span>
     <span class='ocr_line' id='line_1_8' title="bbox 118 1071 1311 1160; baseline -0.001 -21"><span class='ocrx_word' id='word_1_49' title='bbox 118 1075 331 1160; x_wconf 82' lang='lat' dir='ltr'>deprehendes</span> <span class='ocrx_word' id='word_1_50' title='bbox 361 1073 465 1140; x_wconf 86' lang='lat' dir='ltr'>veluti</span> <span class='ocrx_word' id='word_1_51' title='bbox 494 1075 529 1137; x_wconf 90' lang='lat' dir='ltr'>in</span> <span class='ocrx_word' id='word_1_52' title='bbox 558 1071 628 1138; x_wconf 88' lang='lat' dir='ltr'>loeo</span> <span class='ocrx_word' id='word_1_53' title='bbox 657 1077 782 1137; x_wconf 89' lang='lat' dir='ltr'>nostro:</span> <span class='ocrx_word' id='word_1_54' title='bbox 817 1073 830 1138; x_wconf 82' lang='grc' dir='ltr'>ὁ</span> <span class='ocrx_word' id='word_1_55' title='bbox 863 1072 952 1151; x_wconf 87' lang='grc' dir='ltr'><strong><em>νθμος</em></strong></span> <span class='ocrx_word' id='word_1_56' title='bbox 985 1075 1163 1154; x_wconf 90' lang='grc' dir='ltr'><strong><em>διείρηκε</em></strong></span> <span class='ocrx_word' id='word_1_57' title='bbox 1193 1072 1311 1152; x_wconf 75' lang='grc' dir='ltr'><strong><em>μηδένα</em></strong></span> 
     </span>
     <span class='ocr_line' id='line_1_9' title="bbox 119 1178 1313 1262; baseline -0.003 -17"><span class='ocrx_word' id='word_1_58' title='bbox 119 1178 195 1246; x_wconf 80' lang='grc' dir='ltr'><strong><em>εἶναι</em></strong></span> <span class='ocrx_word' id='word_1_59' title='bbox 232 1182 432 1262; x_wconf 71' lang='grc' dir='ltr'>τριηραρχίας</span> <span class='ocrx_word' id='word_1_60' title='bbox 456 1183 572 1256; x_wconf 63' lang='lat' dir='ltr'>circui,</span> <span class='ocrx_word' id='word_1_61' title='bbox 597 1180 672 1262; x_wconf 84' lang='lat' dir='ltr'>quia</span> <span class='ocrx_word' id='word_1_62' title='bbox 693 1179 862 1245; x_wconf 79' lang='lat' dir='ltr'>manifesto</span> <span class='ocrx_word' id='word_1_63' title='bbox 886 1181 1003 1245; x_wconf 86' lang='lat' dir='ltr'>dicitur</span> <span class='ocrx_word' id='word_1_64' title='bbox 1032 1180 1085 1245; x_wconf 81' lang='lat' dir='ltr'>lex</span> <span class='ocrx_word' id='word_1_65' title='bbox 1107 1180 1228 1244; x_wconf 66' lang='lat' dir='ltr'>dobertu&#39;s</span> <span class='ocrx_word' id='word_1_66' title='bbox 1250 1201 1313 1242; x_wconf 86' lang='grc' dir='ltr'><strong><em>νον-</em></strong></span> 
     </span>
     <span class='ocr_line' id='line_1_10' title="bbox 119 1284 1313 1372; baseline -0.001 -22"><span class='ocrx_word' id='word_1_67' title='bbox 119 1288 163 1352; x_wconf 81' lang='grc' dir='ltr'>ίίε</span> <span class='ocrx_word' id='word_1_68' title='bbox 194 1287 230 1352; x_wconf 89' lang='lat' dir='ltr'>id</span> <span class='ocrx_word' id='word_1_69' title='bbox 260 1287 387 1361; x_wconf 86' lang='lat' dir='ltr'>iubere,</span> <span class='ocrx_word' id='word_1_70' title='bbox 417 1284 587 1372; x_wconf 76' lang='lat' dir='ltr'>vulgatam</span> <span class='ocrx_word' id='word_1_71' title='bbox 618 1304 746 1350; x_wconf 87' lang='lat' dir='ltr'>movere</span> <span class='ocrx_word' id='word_1_72' title='bbox 778 1306 840 1351; x_wconf 93' lang='lat' dir='ltr'>non</span> <span class='ocrx_word' id='word_1_73' title='bbox 876 1289 1026 1371; x_wconf 89' lang='lat' dir='ltr'>oportuit.</span> <span class='ocrx_word' id='word_1_74' title='bbox 1086 1284 1245 1352; x_wconf 81' lang='lat' dir='ltr'>Similiter</span> <span class='ocrx_word' id='word_1_75' title='bbox 1279 1287 1313 1349; x_wconf 89' lang='lat' dir='ltr'>in</span> 
     </span>
     <span class='ocr_line' id='line_1_11' title="bbox 120 1387 1313 1476; baseline -0.006 -16"><span class='ocrx_word' id='word_1_76' title='bbox 120 1394 220 1460; x_wconf 88' lang='lat' dir='ltr'>altero</span> <span class='ocrx_word' id='word_1_77' title='bbox 250 1393 320 1459; x_wconf 86' lang='lat' dir='ltr'>loco</span> <span class='ocrx_word' id='word_1_78' title='bbox 343 1393 387 1469; x_wconf 76' lang='grc' dir='ltr'><strong><em>μίν</em></strong></span> <span class='ocrx_word' id='word_1_79' title='bbox 411 1392 573 1470; x_wconf 75' lang='grc' dir='ltr'><strong><em>διειρῆσθοιι</em></strong></span> <span class='ocrx_word' id='word_1_80' title='bbox 598 1387 666 1454; x_wconf 84' lang='grc' dir='ltr'><strong><em>ίτου</em></strong></span> <span class='ocrx_word' id='word_1_81' title='bbox 691 1391 807 1476; x_wconf 60' lang='lat' dir='ltr'>cirsai,</span> <span class='ocrx_word' id='word_1_82' title='bbox 831 1393 982 1476; x_wconf 87' lang='lat' dir='ltr'>quoniam</span> <span class='ocrx_word' id='word_1_83' title='bbox 1007 1391 1117 1457; x_wconf 88' lang='lat' dir='ltr'>nullus</span> <span class='ocrx_word' id='word_1_84' title='bbox 1140 1397 1188 1458; x_wconf 91' lang='lat' dir='ltr'>est</span> <span class='ocrx_word' id='word_1_85' title='bbox 1211 1391 1313 1471; x_wconf 90' lang='grc' dir='ltr'><strong><em>διορισ-</em></strong></span> 
     </span>
     <span class='ocr_line' id='line_1_12' title="bbox 119 1495 1314 1585; baseline -0.003 -21"><span class='ocrx_word' id='word_1_86' title='bbox 119 1499 194 1577; x_wconf 89' lang='grc' dir='ltr'><strong><em>μίς,</em></strong></span> <span class='ocrx_word' id='word_1_87' title='bbox 220 1499 276 1564; x_wconf 91' lang='lat' dir='ltr'>sed</span> <span class='ocrx_word' id='word_1_88' title='bbox 299 1499 359 1564; x_wconf 88' lang='lat' dir='ltr'>hoc</span> <span class='ocrx_word' id='word_1_89' title='bbox 382 1498 461 1563; x_wconf 87' lang='lat' dir='ltr'>dicit</span> <span class='ocrx_word' id='word_1_90' title='bbox 485 1495 597 1562; x_wconf 81' lang='lat' dir='ltr'>Orator</span> <span class='ocrx_word' id='word_1_91' title='bbox 620 1516 683 1561; x_wconf 91' lang='lat' dir='ltr'>non</span> <span class='ocrx_word' id='word_1_92' title='bbox 706 1516 774 1561; x_wconf 85' lang='lat' dir='ltr'>esse</span> <span class='ocrx_word' id='word_1_93' title='bbox 793 1497 828 1561; x_wconf 90' lang='lat' dir='ltr'>id</span> <span class='ocrx_word' id='word_1_94' title='bbox 848 1499 882 1561; x_wconf 89' lang='lat' dir='ltr'>in</span> <span class='ocrx_word' id='word_1_95' title='bbox 902 1497 974 1585; x_wconf 81' lang='lat' dir='ltr'>lege</span> <span class='ocrx_word' id='word_1_96' title='bbox 993 1521 1125 1583; x_wconf 82' lang='grc' dir='ltr'><strong><em>σαρνοιιο</em></strong></span> <span class='ocrx_word' id='word_1_97' title='bbox 1143 1500 1314 1582; x_wconf 83' lang='lat' dir='ltr'>scriptum,</span> 
     </span>
     <span class='ocr_line' id='line_1_13' title="bbox 120 1603 754 1692; baseline -0.008 -21"><span class='ocrx_word' id='word_1_98' title='bbox 120 1608 220 1671; x_wconf 87' lang='lat' dir='ltr'>satius</span> <span class='ocrx_word' id='word_1_99' title='bbox 244 1610 313 1670; x_wconf 87' lang='lat' dir='ltr'>erat</span> <span class='ocrx_word' id='word_1_100' title='bbox 334 1603 504 1692; x_wconf 85' lang='lat' dir='ltr'>vulgatam</span> <span class='ocrx_word' id='word_1_101' title='bbox 527 1622 590 1667; x_wconf 92' lang='lat' dir='ltr'>non</span> <span class='ocrx_word' id='word_1_102' title='bbox 613 1605 754 1689; x_wconf 78' lang='lat' dir='ltr'>tangere.</span> 
     </span>
    </p>

    <p class='ocr_par' dir='ltr' id='par_1_4' title="bbox 119 1707 1316 2854">
     <span class='ocr_line' id='line_1_14' title="bbox 162 1707 1314 1782; baseline -0.003 -5"><span class='ocrx_word' id='word_1_103' title='bbox 162 1711 313 1778; x_wconf 77' lang='lat' dir='ltr'>Eximius</span> <span class='ocrx_word' id='word_1_104' title='bbox 342 1712 376 1775; x_wconf 91' lang='lat' dir='ltr'>in</span> <span class='ocrx_word' id='word_1_105' title='bbox 406 1711 488 1775; x_wconf 86' lang='lat' dir='ltr'>hane</span> <span class='ocrx_word' id='word_1_106' title='bbox 518 1728 588 1774; x_wconf 90' lang='lat' dir='ltr'>rem</span> <span class='ocrx_word' id='word_1_107' title='bbox 619 1712 652 1773; x_wconf 90' lang='lat' dir='ltr'>et</span> <span class='ocrx_word' id='word_1_108' title='bbox 682 1707 898 1782; x_wconf 73' lang='grc' dir='ltr'><strong><em>διδασκαλικθι</em></strong></span> <span class='ocrx_word' id='word_1_109' title='bbox 931 1710 1020 1776; x_wconf 88' lang='lat' dir='ltr'>locus</span> <span class='ocrx_word' id='word_1_110' title='bbox 1042 1714 1090 1775; x_wconf 89' lang='lat' dir='ltr'>cst</span> <span class='ocrx_word' id='word_1_111' title='bbox 1112 1711 1146 1773; x_wconf 90' lang='lat' dir='ltr'>in</span> <span class='ocrx_word' id='word_1_112' title='bbox 1170 1708 1314 1774; x_wconf 87' lang='lat' dir='ltr'>Platonis</span> 
     </span>
     <span class='ocr_line' id='line_1_15' title="bbox 119 1814 1314 1904; baseline -0.005 -21"><span class='ocrx_word' id='word_1_113' title='bbox 119 1819 248 1901; x_wconf 78' lang='grc' dir='ltr'><strong><em>Ιοορίώνοε</em></strong></span> <span class='ocrx_word' id='word_1_114' title='bbox 276 1839 351 1904; x_wconf 83' lang='lat' dir='ltr'>pag.</span> <span class='ocrx_word' id='word_1_115' title='bbox 382 1815 458 1881; x_wconf 86' lang='lat'><strong>933.</strong></span> <span class='ocrx_word' id='word_1_116' title='bbox 471 1835 500 1882; x_wconf 75' lang='lat' dir='ltr'>a.</span> <span class='ocrx_word' id='word_1_117' title='bbox 533 1815 577 1880; x_wconf 75' lang='grc' dir='ltr'>τοὶ</span> <span class='ocrx_word' id='word_1_118' title='bbox 603 1814 660 1892; x_wconf 78' lang='grc' dir='ltr'><strong><em>μὲν</em></strong></span> <span class='ocrx_word' id='word_1_119' title='bbox 691 1814 848 1893; x_wconf 72' lang='grc' dir='ltr'><strong><em>θανάσιμοι</em></strong></span> <span class='ocrx_word' id='word_1_120' title='bbox 872 1817 972 1880; x_wconf 80' lang='grc' dir='ltr'><strong><em>αὐτῶν</em></strong></span> <span class='ocrx_word' id='word_1_121' title='bbox 1003 1814 1225 1895; x_wconf 74' lang='grc' dir='ltr'><strong><em>διείρηται,</em></strong></span> <span class='ocrx_word' id='word_1_122' title='bbox 1256 1820 1314 1878; x_wconf 83' lang='grc' dir='ltr'><strong><em>τῶν</em></strong></span> 
     </span>
     <span class='ocr_line' id='line_1_16' title="bbox 121 1920 1316 2002; baseline -0.003 -14"><span class='ocrx_word' id='word_1_123' title='bbox 121 1923 147 1988; x_wconf 91' lang='grc' dir='ltr'>δ’</span> <span class='ocrx_word' id='word_1_124' title='bbox 177 1922 284 1988; x_wconf 74' lang='grc' dir='ltr'><strong><em>ἄλλων</em></strong></span> <span class='ocrx_word' id='word_1_125' title='bbox 314 1923 381 2002; x_wconf 81' lang='grc' dir='ltr'><strong><em>τθρι</em></strong></span> <span class='ocrx_word' id='word_1_126' title='bbox 402 1960 444 1970; x_wconf 92' lang='grc'>-</span> <span class='ocrx_word' id='word_1_127' title='bbox 467 1921 549 1987; x_wconf 77' lang='grc' dir='ltr'><strong><em>οὐδέν</em></strong></span> <span class='ocrx_word' id='word_1_128' title='bbox 583 1945 629 1986; x_wconf 79' lang='grc' dir='ltr'>τοι</span> <span class='ocrx_word' id='word_1_129' title='bbox 663 1922 868 2000; x_wconf 71' lang='grc' dir='ltr'><strong><em>διερρήθη,</em></strong></span> <span class='ocrx_word' id='word_1_130' title='bbox 902 1926 935 1986; x_wconf 85' lang='lat' dir='ltr'>et</span> <span class='ocrx_word' id='word_1_131' title='bbox 963 1942 1038 1987; x_wconf 82' lang='lat' dir='ltr'>mox</span> <span class='ocrx_word' id='word_1_132' title='bbox 1070 1920 1234 2002; x_wconf 82' lang='grc' dir='ltr'><strong><em>ε’τίσχουσι</em></strong></span> <span class='ocrx_word' id='word_1_133' title='bbox 1261 1921 1316 1996; x_wconf 78' lang='grc' dir='ltr'><strong><em>την</em></strong></span> 
     </span>
     <span class='ocr_line' id='line_1_17' title="bbox 122 2026 1314 2115; baseline -0.004 -20"><span class='ocrx_word' id='word_1_134' title='bbox 122 2028 333 2110; x_wconf 86' lang='grc' dir='ltr'><strong><em>διώρρησιν</em></strong></span> <span class='ocrx_word' id='word_1_135' title='bbox 367 2032 400 2094; x_wconf 81' lang='lat' dir='ltr'>et</span> <span class='ocrx_word' id='word_1_136' title='bbox 434 2029 477 2093; x_wconf 83' lang='grc' dir='ltr'>τίι</span> <span class='ocrx_word' id='word_1_137' title='bbox 513 2033 563 2093; x_wconf 81' lang='grc' dir='ltr'>νῦν</span> <span class='ocrx_word' id='word_1_138' title='bbox 598 2027 815 2109; x_wconf 74' lang='grc' dir='ltr'><strong><em>διαρρήδην</em></strong></span> <span class='ocrx_word' id='word_1_139' title='bbox 851 2026 991 2106; x_wconf 87' lang='grc' dir='ltr'><strong><em>είτομεν,</em></strong></span> <span class='ocrx_word' id='word_1_140' title='bbox 1027 2031 1059 2092; x_wconf 82' lang='lat' dir='ltr'>et</span> <span class='ocrx_word' id='word_1_141' title='bbox 1090 2047 1164 2115; x_wconf 78' lang='lat' dir='ltr'>pag.</span> <span class='ocrx_word' id='word_1_142' title='bbox 1189 2026 1265 2093; x_wconf 86' lang='grc'><strong>813.</strong></span> <span class='ocrx_word' id='word_1_143' title='bbox 1282 2045 1314 2092; x_wconf 79' lang='grc' dir='ltr'>Δ.</span> 
     </span>
     <span class='ocr_line' id='line_1_18' title="bbox 121 2133 1315 2216; baseline -0.002 -15"><span class='ocrx_word' id='word_1_144' title='bbox 121 2136 267 2216; x_wconf 88' lang='grc' dir='ltr'><strong><em>διείρηται</em></strong></span> <span class='ocrx_word' id='word_1_145' title='bbox 291 2135 406 2200; x_wconf 86' lang='grc' dir='ltr'><strong><em>τοίντα.</em></strong></span> <span class='ocrx_word' id='word_1_146' title='bbox 432 2172 471 2183; x_wconf 95' lang='grc'>-</span> <span class='ocrx_word' id='word_1_147' title='bbox 491 2134 590 2209; x_wconf 76' lang='grc' dir='ltr'><strong><em>οίληθῆ</em></strong></span> <span class='ocrx_word' id='word_1_148' title='bbox 614 2133 665 2197; x_wconf 78' lang='grc' dir='ltr'>καί</span> <span class='ocrx_word' id='word_1_149' title='bbox 691 2139 796 2200; x_wconf 81' lang='grc' dir='ltr'><strong><em>ταῦτα</em></strong></span> <span class='ocrx_word' id='word_1_150' title='bbox 822 2133 983 2214; x_wconf 88' lang='grc' dir='ltr'><strong><em>διείρηκας.</em></strong></span> <span class='ocrx_word' id='word_1_151' title='bbox 1019 2133 1137 2200; x_wconf 74' lang='lat' dir='ltr'>Eadem</span> <span class='ocrx_word' id='word_1_152' title='bbox 1163 2139 1211 2199; x_wconf 87' lang='lat' dir='ltr'>cst</span> <span class='ocrx_word' id='word_1_153' title='bbox 1233 2135 1315 2199; x_wconf 88' lang='lat' dir='ltr'>ratio</span> 
     </span>
     <span class='ocr_line' id='line_1_19' title="bbox 121 2239 1314 2326; baseline -0.003 -18"><span class='ocrx_word' id='word_1_154' title='bbox 121 2245 156 2308; x_wconf 90' lang='lat' dir='ltr'>in</span> <span class='ocrx_word' id='word_1_155' title='bbox 187 2241 286 2307; x_wconf 84' lang='lat' dir='ltr'>verbo</span> <span class='ocrx_word' id='word_1_156' title='bbox 315 2240 490 2321; x_wconf 77' lang='grc' dir='ltr'><strong><em>οὶνοορορεθιν</em></strong></span> <span class='ocrx_word' id='word_1_157' title='bbox 523 2241 562 2306; x_wconf 93' lang='lat' dir='ltr'>de</span> <span class='ocrx_word' id='word_1_158' title='bbox 587 2261 737 2323; x_wconf 77' lang='lat' dir='ltr'>praecone</span> <span class='ocrx_word' id='word_1_159' title='bbox 767 2241 867 2326; x_wconf 89' lang='lat' dir='ltr'>(idem</span> <span class='ocrx_word' id='word_1_160' title='bbox 902 2240 986 2325; x_wconf 90' lang='lat' dir='ltr'>quod</span> <span class='ocrx_word' id='word_1_161' title='bbox 1021 2239 1190 2319; x_wconf 84' lang='grc' dir='ltr'><strong><em>κηρύττω),</em></strong></span> <span class='ocrx_word' id='word_1_162' title='bbox 1223 2242 1314 2306; x_wconf 87' lang='lat' dir='ltr'>euius</span> 
     </span>
     <span class='ocr_line' id='line_1_20' title="bbox 120 2346 1314 2430; baseline 0 -17"><span class='ocrx_word' id='word_1_163' title='bbox 120 2349 242 2414; x_wconf 85' lang='lat' dir='ltr'>formae</span> <span class='ocrx_word' id='word_1_164' title='bbox 273 2352 348 2412; x_wconf 89' lang='lat' dir='ltr'>sunt</span> <span class='ocrx_word' id='word_1_165' title='bbox 378 2347 489 2426; x_wconf 80' lang='grc' dir='ltr'><strong><em>ώνερώ,</em></strong></span> <span class='ocrx_word' id='word_1_166' title='bbox 518 2348 660 2421; x_wconf 81' lang='grc' dir='ltr'><strong><em>οίνεῖτον,</em></strong></span> <span class='ocrx_word' id='word_1_167' title='bbox 683 2346 848 2430; x_wconf 82' lang='grc' dir='ltr'><strong><em>ώνείρηκα,</em></strong></span> <span class='ocrx_word' id='word_1_168' title='bbox 873 2346 1052 2428; x_wconf 86' lang='grc' dir='ltr'><strong><em>οίνείρημαι.</em></strong></span> <span class='ocrx_word' id='word_1_169' title='bbox 1079 2346 1256 2427; x_wconf 80' lang='grc' dir='ltr'><strong><em>οίνερρηθην,</em></strong></span> <span class='ocrx_word' id='word_1_170' title='bbox 1282 2352 1314 2413; x_wconf 82' lang='lat' dir='ltr'>et</span> 
     </span>
     <span class='ocr_line' id='line_1_21' title="bbox 121 2451 1314 2539; baseline -0.002 -19"><span class='ocrx_word' id='word_1_171' title='bbox 121 2454 300 2535; x_wconf 84' lang='grc' dir='ltr'><strong><em>οίνοίρρησις,</em></strong></span> <span class='ocrx_word' id='word_1_172' title='bbox 333 2451 507 2532; x_wconf 82' lang='grc' dir='ltr'><strong><em>ώνοίρρημα.</em></strong></span> <span class='ocrx_word' id='word_1_173' title='bbox 556 2453 620 2519; x_wconf 88' lang='lat' dir='ltr'>Hic</span> <span class='ocrx_word' id='word_1_174' title='bbox 652 2473 776 2539; x_wconf 85' lang='lat' dir='ltr'>quoque</span> <span class='ocrx_word' id='word_1_175' title='bbox 806 2454 952 2533; x_wconf 84' lang='grc' dir='ltr'><strong><em>οίνείρηκα</em></strong></span> <span class='ocrx_word' id='word_1_176' title='bbox 983 2457 1015 2518; x_wconf 83' lang='lat' dir='ltr'>et</span> <span class='ocrx_word' id='word_1_177' title='bbox 1038 2454 1175 2536; x_wconf 79' lang='grc' dir='ltr'><strong><em>ώνρίρηκα</em></strong></span> <span class='ocrx_word' id='word_1_178' title='bbox 1198 2455 1314 2539; x_wconf 87' lang='lat' dir='ltr'>permi-</span> 
     </span>
     <span class='ocr_line' id='line_1_22' title="bbox 119 2556 1313 2647; baseline -0.003 -20"><span class='ocrx_word' id='word_1_179' title='bbox 119 2566 256 2627; x_wconf 87' lang='lat' dir='ltr'>scentur.</span> <span class='ocrx_word' id='word_1_180' title='bbox 289 2580 362 2647; x_wconf 79' lang='lat' dir='ltr'>pag.</span> <span class='ocrx_word' id='word_1_181' title='bbox 398 2556 474 2623; x_wconf 87' lang='grc'>436.</span> <span class='ocrx_word' id='word_1_182' title='bbox 500 2557 552 2624; x_wconf 80' lang='grc'>25.</span> <span class='ocrx_word' id='word_1_183' title='bbox 579 2559 618 2625; x_wconf 93' lang='lat' dir='ltr'>de</span> <span class='ocrx_word' id='word_1_184' title='bbox 641 2559 786 2643; x_wconf 85' lang='lat' dir='ltr'>oraculo,</span> <span class='ocrx_word' id='word_1_185' title='bbox 811 2559 836 2623; x_wconf 92' lang='grc' dir='ltr'>εί</span> <span class='ocrx_word' id='word_1_186' title='bbox 859 2559 917 2637; x_wconf 77' lang='grc' dir='ltr'><strong><em>μὲν</em></strong></span> <span class='ocrx_word' id='word_1_187' title='bbox 941 2559 1037 2624; x_wconf 87' lang='grc' dir='ltr'><strong><em>τοίνυν</em></strong></span> <span class='ocrx_word' id='word_1_188' title='bbox 1064 2558 1100 2645; x_wconf 82' lang='grc' dir='ltr'>(οἱ</span> <span class='ocrx_word' id='word_1_189' title='bbox 1126 2558 1196 2645; x_wconf 82' lang='grc' dir='ltr'><strong><em>θεοί)</em></strong></span> <span class='ocrx_word' id='word_1_190' title='bbox 1222 2576 1313 2625; x_wconf 71' lang='grc' dir='ltr'><strong><em>τοκε-</em></strong></span> 
     </span>
     <span class='ocr_line' id='line_1_23' title="bbox 121 2666 1314 2751; baseline -0.002 -18"><span class='ocrx_word' id='word_1_191' title='bbox 121 2668 259 2746; x_wconf 87' lang='grc' dir='ltr'><strong><em>μοώντων</em></strong></span> <span class='ocrx_word' id='word_1_192' title='bbox 292 2667 374 2743; x_wconf 77' lang='grc' dir='ltr'><strong><em>ὑμῶν</em></strong></span> <span class='ocrx_word' id='word_1_193' title='bbox 404 2667 497 2729; x_wconf 82' lang='grc' dir='ltr'><strong><em>ταῦτ’</em></strong></span> <span class='ocrx_word' id='word_1_194' title='bbox 529 2666 723 2748; x_wconf 78' lang='grc' dir='ltr'><strong><em>ώνηριίκασιν.</em></strong></span> <span class='ocrx_word' id='word_1_195' title='bbox 748 2669 854 2742; x_wconf 84' lang='lat' dir='ltr'>recte,</span> <span class='ocrx_word' id='word_1_196' title='bbox 879 2667 1013 2745; x_wconf 84' lang='grc' dir='ltr'><strong><em>οίναιρεῖν</em></strong></span> <span class='ocrx_word' id='word_1_197' title='bbox 1037 2667 1124 2730; x_wconf 91' lang='lat' dir='ltr'>enim</span> <span class='ocrx_word' id='word_1_198' title='bbox 1149 2667 1314 2751; x_wconf 87' lang='lat' dir='ltr'>proprium</span> 
     </span>
     <span class='ocr_line' id='line_1_24' title="bbox 122 2771 1245 2854; baseline -0.003 -15"><span class='ocrx_word' id='word_1_199' title='bbox 122 2777 158 2839; x_wconf 92' lang='lat' dir='ltr'>in</span> <span class='ocrx_word' id='word_1_200' title='bbox 182 2793 220 2838; x_wconf 86' lang='lat' dir='ltr'>ea</span> <span class='ocrx_word' id='word_1_201' title='bbox 241 2793 275 2837; x_wconf 91' lang='lat' dir='ltr'>re</span> <span class='ocrx_word' id='word_1_202' title='bbox 297 2771 434 2838; x_wconf 81' lang='lat' dir='ltr'>verbum</span> <span class='ocrx_word' id='word_1_203' title='bbox 458 2775 524 2854; x_wconf 87' lang='lat' dir='ltr'>est,</span> <span class='ocrx_word' id='word_1_204' title='bbox 549 2772 603 2837; x_wconf 91' lang='lat' dir='ltr'>sed</span> <span class='ocrx_word' id='word_1_205' title='bbox 625 2775 660 2837; x_wconf 91' lang='lat' dir='ltr'>in</span> <span class='ocrx_word' id='word_1_206' title='bbox 683 2771 706 2836; x_wconf 82' lang='lat' dir='ltr'>S</span> <span class='ocrx_word' id='word_1_207' title='bbox 730 2776 778 2836; x_wconf 90' lang='lat' dir='ltr'>est</span> <span class='ocrx_word' id='word_1_208' title='bbox 802 2771 1027 2854; x_wconf 76' lang='grc' dir='ltr'><strong><em>οίνεΙρνίκοιοιν,</em></strong></span> <span class='ocrx_word' id='word_1_209' title='bbox 1053 2774 1119 2836; x_wconf 90' lang='lat' dir='ltr'>sinc</span> <span class='ocrx_word' id='word_1_210' title='bbox 1142 2791 1245 2836; x_wconf 88' lang='lat' dir='ltr'>sensu.</span> 
     </span>
    </p>

    <p class='ocr_par' dir='ltr' id='par_1_5' title="bbox 120 2869 1319 3801">
     <span class='ocr_line' id='line_1_25' title="bbox 168 2869 1314 2965; baseline -0.002 -20"><span class='ocrx_word' id='word_1_211' title='bbox 168 2878 278 2945; x_wconf 82' lang='lat' dir='ltr'>Simili</span> <span class='ocrx_word' id='word_1_212' title='bbox 300 2877 396 2943; x_wconf 90' lang='lat' dir='ltr'>modo</span> <span class='ocrx_word' id='word_1_213' title='bbox 419 2882 567 2962; x_wconf 87' lang='lat' dir='ltr'>peccatur</span> <span class='ocrx_word' id='word_1_214' title='bbox 590 2898 665 2965; x_wconf 80' lang='lat' dir='ltr'>pag.</span> <span class='ocrx_word' id='word_1_215' title='bbox 691 2875 767 2942; x_wconf 88' lang='grc'>644.</span> <span class='ocrx_word' id='word_1_216' title='bbox 794 2874 826 2939; x_wconf 84' lang='grc'>2.</span> <span class='ocrx_word' id='word_1_217' title='bbox 852 2872 927 2939; x_wconf 71' lang='grc' dir='ltr'>ἄλλ’</span> <span class='ocrx_word' id='word_1_218' title='bbox 951 2873 1037 2939; x_wconf 83' lang='grc' dir='ltr'><strong><em>ώττοο</em></strong></span> <span class='ocrx_word' id='word_1_219' title='bbox 1062 2875 1270 2954; x_wconf 89' lang='grc' dir='ltr'><strong><em>διείρηκεν</em></strong></span> <span class='ocrx_word' id='word_1_220' title='bbox 1293 2869 1314 2943; x_wconf 78' lang='lat' dir='ltr'>ri</span> 
     </span>
     <span class='ocr_line' id='line_1_26' title="bbox 120 2981 1317 3070; baseline -0.003 -19"><span class='ocrx_word' id='word_1_221' title='bbox 120 2987 185 3068; x_wconf 77' lang='grc' dir='ltr'><strong><em>χρη</em></strong></span> <span class='ocrx_word' id='word_1_222' title='bbox 210 2993 350 3060; x_wconf 79' lang='grc' dir='ltr'><strong><em>ποιησαι,</em></strong></span> <span class='ocrx_word' id='word_1_223' title='bbox 377 2982 521 3048; x_wconf 81' lang='lat' dir='ltr'>Dindorf.</span> <span class='ocrx_word' id='word_1_224' title='bbox 545 2981 728 3049; x_wconf 88' lang='lat' dir='ltr'>Dobraeum</span> <span class='ocrx_word' id='word_1_225' title='bbox 751 2987 879 3048; x_wconf 89' lang='lat' dir='ltr'>secutus</span> <span class='ocrx_word' id='word_1_226' title='bbox 900 2999 1065 3066; x_wconf 87' lang='lat' dir='ltr'>perperam</span> <span class='ocrx_word' id='word_1_227' title='bbox 1090 2982 1225 3064; x_wconf 82' lang='grc' dir='ltr'><strong><em>διρίρηκεν</em></strong></span> <span class='ocrx_word' id='word_1_228' title='bbox 1245 3003 1317 3070; x_wconf 87' lang='lat' dir='ltr'>sup</span> 
     </span>
     <span class='ocr_line' id='line_1_27' title="bbox 120 3086 1317 3180; baseline -0.003 -22"><span class='ocrx_word' id='word_1_229' title='bbox 120 3094 241 3180; x_wconf 83' lang='lat' dir='ltr'>posuit.</span> <span class='ocrx_word' id='word_1_230' title='bbox 288 3089 368 3176; x_wconf 78' lang='lat' dir='ltr'>Pag.</span> <span class='ocrx_word' id='word_1_231' title='bbox 401 3086 478 3153; x_wconf 89' lang='grc'><strong>666.</strong></span> <span class='ocrx_word' id='word_1_232' title='bbox 508 3087 559 3153; x_wconf 89' lang='grc'>13.</span> <span class='ocrx_word' id='word_1_233' title='bbox 586 3091 627 3170; x_wconf 79' lang='grc' dir='ltr'>τῷ</span> <span class='ocrx_word' id='word_1_234' title='bbox 653 3090 797 3170; x_wconf 78' lang='grc' dir='ltr'><strong><em>ςροιτηρῷ</em></strong></span> <span class='ocrx_word' id='word_1_235' title='bbox 823 3089 855 3152; x_wconf 84' lang='grc' dir='ltr'>σθ</span> <span class='ocrx_word' id='word_1_236' title='bbox 880 3087 1086 3168; x_wconf 87' lang='grc' dir='ltr'><strong><em>διείρηται</em></strong></span> <span class='ocrx_word' id='word_1_237' title='bbox 1112 3090 1143 3153; x_wconf 91' lang='grc' dir='ltr'>τί</span> <span class='ocrx_word' id='word_1_238' title='bbox 1168 3088 1317 3170; x_wconf 78' lang='grc' dir='ltr'><strong><em>τρακτέον</em></strong></span> 
     </span>
     <span class='ocr_line' id='line_1_28' title="bbox 124 3187 1317 3278; baseline 0.002 -19"><span class='ocrx_word' id='word_1_239' title='bbox 124 3198 142 3274; x_wconf 76' lang='lat' dir='ltr'>i</span> <span class='ocrx_word' id='word_1_240' title='bbox 177 3196 240 3274; x_wconf 81' lang='grc' dir='ltr'>μή,</span> <span class='ocrx_word' id='word_1_241' title='bbox 274 3191 415 3259; x_wconf 81' lang='lat' dir='ltr'>Dindorf.</span> <span class='ocrx_word' id='word_1_242' title='bbox 447 3215 487 3260; x_wconf 87' lang='lat' dir='ltr'>ex</span> <span class='ocrx_word' id='word_1_243' title='bbox 517 3193 609 3260; x_wconf 86' lang='lat' dir='ltr'>libris</span> <span class='ocrx_word' id='word_1_244' title='bbox 638 3187 846 3261; x_wconf 82' lang='lat' dir='ltr'>deterioribus</span> <span class='ocrx_word' id='word_1_245' title='bbox 869 3193 955 3259; x_wconf 91' lang='lat' dir='ltr'>male</span> <span class='ocrx_word' id='word_1_246' title='bbox 979 3194 1147 3260; x_wconf 88' lang='lat' dir='ltr'>substituit</span> <span class='ocrx_word' id='word_1_247' title='bbox 1170 3195 1317 3278; x_wconf 71' lang='grc' dir='ltr'><strong><em>διῄρηται.</em></strong></span> 
     </span>
     <span class='ocr_line' id='line_1_29' title="bbox 120 3295 1318 3390; baseline -0.001 -23"><span class='ocrx_word' id='word_1_248' title='bbox 120 3303 203 3390; x_wconf 83' lang='lat' dir='ltr'>Pag.</span> <span class='ocrx_word' id='word_1_249' title='bbox 237 3296 315 3365; x_wconf 83' lang='lat'><strong>976.</strong></span> <span class='ocrx_word' id='word_1_250' title='bbox 349 3297 403 3364; x_wconf 79' lang='grc'>28.</span> <span class='ocrx_word' id='word_1_251' title='bbox 428 3295 504 3364; x_wconf 82' lang='grc' dir='ltr'><strong><em>οὕτω</em></strong></span> <span class='ocrx_word' id='word_1_252' title='bbox 530 3305 638 3382; x_wconf 75' lang='grc' dir='ltr'><strong><em>σαφῶς</em></strong></span> <span class='ocrx_word' id='word_1_253' title='bbox 663 3301 676 3365; x_wconf 85' lang='grc' dir='ltr'><strong><em>ί</em></strong></span> <span class='ocrx_word' id='word_1_254' title='bbox 701 3301 790 3380; x_wconf 87' lang='grc' dir='ltr'><strong><em>νθμος</em></strong></span> <span class='ocrx_word' id='word_1_255' title='bbox 830 3300 1051 3380; x_wconf 86' lang='grc' dir='ltr'><strong><em>διείρηκεν,</em></strong></span> <span class='ocrx_word' id='word_1_256' title='bbox 1081 3297 1225 3366; x_wconf 87' lang='lat' dir='ltr'>Dindorf.</span> <span class='ocrx_word' id='word_1_257' title='bbox 1248 3321 1318 3386; x_wconf 89' lang='lat' dir='ltr'>per·</span> 
     </span>
     <span class='ocr_line' id='line_1_30' title="bbox 121 3404 1318 3494; baseline -0.001 -20"><span class='ocrx_word' id='word_1_258' title='bbox 121 3426 215 3474; x_wconf 88' lang='lat' dir='ltr'>verse</span> <span class='ocrx_word' id='word_1_259' title='bbox 245 3407 380 3488; x_wconf 65' lang='grc' dir='ltr'><strong><em>διῄρηκεν</em></strong></span> <span class='ocrx_word' id='word_1_260' title='bbox 411 3404 500 3470; x_wconf 91' lang='lat' dir='ltr'>dedit</span> <span class='ocrx_word' id='word_1_261' title='bbox 523 3407 713 3472; x_wconf 85' lang='lat' dir='ltr'>auctoritate</span> <span class='ocrx_word' id='word_1_262' title='bbox 735 3405 913 3494; x_wconf 79' lang='lat' dir='ltr'>magistelli</span> <span class='ocrx_word' id='word_1_263' title='bbox 936 3407 993 3490; x_wconf 88' lang='lat' dir='ltr'>qui</span> <span class='ocrx_word' id='word_1_264' title='bbox 1016 3409 1198 3472; x_wconf 83' lang='lat' dir='ltr'>annotavit:</span> <span class='ocrx_word' id='word_1_265' title='bbox 1223 3408 1253 3470; x_wconf 93' lang='grc' dir='ltr'>ε’ν</span> <span class='ocrx_word' id='word_1_266' title='bbox 1276 3410 1318 3488; x_wconf 79' lang='grc' dir='ltr'>τῷ</span> 
     </span>
     <span class='ocr_line' id='line_1_31' title="bbox 123 3509 1319 3593; baseline 0.001 -15"><span class='ocrx_word' id='word_1_267' title='bbox 123 3510 186 3587; x_wconf 80' lang='grc' dir='ltr'>ἦτα</span> <span class='ocrx_word' id='word_1_268' title='bbox 230 3511 300 3576; x_wconf 78' lang='lat' dir='ltr'>riori</span> <span class='ocrx_word' id='word_1_269' title='bbox 343 3515 395 3576; x_wconf 79' lang='grc' dir='ltr'>τοῦ</span> <span class='ocrx_word' id='word_1_270' title='bbox 435 3509 679 3592; x_wconf 81' lang='grc' dir='ltr'><strong><em>διεχώρισεν</em></strong></span> <span class='ocrx_word' id='word_1_271' title='bbox 714 3515 790 3593; x_wconf 79' lang='lat' dir='ltr'>(nisi</span> <span class='ocrx_word' id='word_1_272' title='bbox 825 3512 907 3578; x_wconf 85' lang='lat' dir='ltr'>forte</span> <span class='ocrx_word' id='word_1_273' title='bbox 941 3510 1071 3593; x_wconf 77' lang='grc' dir='ltr'><strong><em>διώρισεν</em></strong></span> <span class='ocrx_word' id='word_1_274' title='bbox 1105 3513 1206 3591; x_wconf 83' lang='lat' dir='ltr'>dixit,</span> <span class='ocrx_word' id='word_1_275' title='bbox 1242 3534 1319 3579; x_wconf 86' lang='lat' dir='ltr'>nam</span> 
     </span>
     <span class='ocr_line' id='line_1_32' title="bbox 122 3615 1319 3707; baseline 0 -23"><span class='ocrx_word' id='word_1_276' title='bbox 122 3619 297 3698; x_wconf 76' lang='grc' dir='ltr'><strong><em>διεχώρισεν</em></strong></span> <span class='ocrx_word' id='word_1_277' title='bbox 328 3615 421 3702; x_wconf 89' lang='lat' dir='ltr'>plane</span> <span class='ocrx_word' id='word_1_278' title='bbox 451 3617 597 3704; x_wconf 87' lang='lat' dir='ltr'>ineptum</span> <span class='ocrx_word' id='word_1_279' title='bbox 626 3617 698 3706; x_wconf 91' lang='lat' dir='ltr'>est).</span> <span class='ocrx_word' id='word_1_280' title='bbox 746 3618 845 3684; x_wconf 86' lang='lat' dir='ltr'>Recte</span> <span class='ocrx_word' id='word_1_281' title='bbox 870 3623 903 3682; x_wconf 92' lang='lat' dir='ltr'>et</span> <span class='ocrx_word' id='word_1_282' title='bbox 927 3638 984 3684; x_wconf 88' lang='lat' dir='ltr'>suo</span> <span class='ocrx_word' id='word_1_283' title='bbox 1009 3617 1078 3683; x_wconf 89' lang='lat' dir='ltr'>loeo</span> <span class='ocrx_word' id='word_1_284' title='bbox 1101 3617 1222 3706; x_wconf 81' lang='lat' dir='ltr'>legitur</span> <span class='ocrx_word' id='word_1_285' title='bbox 1244 3640 1319 3707; x_wconf 79' lang='lat' dir='ltr'>pag.</span> 
     </span>
     <span class='ocr_line' id='line_1_33' title="bbox 125 3722 658 3801; baseline -0.009 -9"><span class='ocrx_word' id='word_1_286' title='bbox 125 3723 226 3792; x_wconf 87' lang='lat'>1115.</span> <span class='ocrx_word' id='word_1_287' title='bbox 252 3723 304 3788; x_wconf 80' lang='lat'>14.</span> <span class='ocrx_word' id='word_1_288' title='bbox 330 3723 343 3787; x_wconf 83' lang='grc' dir='ltr'><strong><em>θ</em></strong></span> <span class='ocrx_word' id='word_1_289' title='bbox 368 3722 456 3801; x_wconf 84' lang='grc' dir='ltr'><strong><em>νθμος</em></strong></span> <span class='ocrx_word' id='word_1_290' title='bbox 490 3722 658 3799; x_wconf 78' lang='grc' dir='ltr'><strong><em>διεῖλεν,</em></strong></span> 
     </span>
    </p>
   </div>
   <div class='ocr_carea' id='block_1_3' title="bbox 121 3927 1322 4428">
    <p class='ocr_par' dir='ltr' id='par_1_6' title="bbox 121 3927 1322 4428">
     <span class='ocr_line' id='line_1_34' title="bbox 170 3927 1320 4022; baseline 0.003 -22"><span class='ocrx_word' id='word_1_291' title='bbox 170 3940 247 4022; x_wconf 87' lang='lat' dir='ltr'>Pag.</span> <span class='ocrx_word' id='word_1_292' title='bbox 280 3929 357 3998; x_wconf 83' lang='lat'>470.</span> <span class='ocrx_word' id='word_1_293' title='bbox 390 3929 441 3996; x_wconf 88' lang='grc'>19.</span> <span class='ocrx_word' id='word_1_294' title='bbox 475 3933 623 4014; x_wconf 78' lang='grc' dir='ltr'><strong><em>θεωρεῖτε,</em></strong></span> <span class='ocrx_word' id='word_1_295' title='bbox 654 3927 675 3997; x_wconf 78' lang='lat' dir='ltr'>oi</span> <span class='ocrx_word' id='word_1_296' title='bbox 709 3929 812 4012; x_wconf 75' lang='grc' dir='ltr'><strong><em>ἄνδρες</em></strong></span> <span class='ocrx_word' id='word_1_297' title='bbox 845 3935 1018 4010; x_wconf 82' lang='grc' dir='ltr'><strong><em>Ἀθηναῖοι,</em></strong></span> <span class='ocrx_word' id='word_1_298' title='bbox 1052 3928 1111 3997; x_wconf 82' lang='lat' dir='ltr'>icoo</span> <span class='ocrx_word' id='word_1_299' title='bbox 1133 3934 1320 4017; x_wconf 82' lang='grc' dir='ltr'><strong><em>ψηφίσματ’</em></strong></span> 
     </span>
     <span class='ocr_line' id='line_1_35' title="bbox 124 4033 1319 4121; baseline 0.002 -13"><span class='ocrx_word' id='word_1_300' title='bbox 124 4041 225 4121; x_wconf 74' lang='grc' dir='ltr'><strong><em>ἄκυρα</em></strong></span> <span class='ocrx_word' id='word_1_301' title='bbox 258 4047 340 4104; x_wconf 78' lang='grc' dir='ltr'><strong><em>ποιεί</em></strong></span> <span class='ocrx_word' id='word_1_302' title='bbox 367 4039 380 4102; x_wconf 84' lang='lat' dir='ltr'>i</span> <span class='ocrx_word' id='word_1_303' title='bbox 413 4036 500 4116; x_wconf 87' lang='grc' dir='ltr'><strong><em>νθμος</em></strong></span> <span class='ocrx_word' id='word_1_304' title='bbox 533 4038 586 4104; x_wconf 83' lang='grc' dir='ltr'>καί</span> <span class='ocrx_word' id='word_1_305' title='bbox 619 4033 709 4110; x_wconf 71' lang='lat' dir='ltr'>icone</span> <span class='ocrx_word' id='word_1_306' title='bbox 740 4039 911 4120; x_wconf 74' lang='grc' dir='ltr'><strong><em>ἀνθρώπους</em></strong></span> <span class='ocrx_word' id='word_1_307' title='bbox 943 4039 1045 4104; x_wconf 81' lang='grc' dir='ltr'><strong><em>οίδικεί</em></strong></span> <span class='ocrx_word' id='word_1_308' title='bbox 1072 4039 1125 4104; x_wconf 80' lang='grc' dir='ltr'>καί</span> <span class='ocrx_word' id='word_1_309' title='bbox 1155 4041 1185 4104; x_wconf 77' lang='grc' dir='ltr'><strong><em>ἐν</em></strong></span> <span class='ocrx_word' id='word_1_310' title='bbox 1210 4043 1319 4115; x_wconf 82' lang='grc' dir='ltr'><strong><em>θνισίοις</em></strong></span> 
     </span>
     <span class='ocr_line' id='line_1_36' title="bbox 125 4143 1322 4227; baseline 0.002 -15"><span class='ocrx_word' id='word_1_311' title='bbox 125 4153 240 4227; x_wconf 84' lang='grc' dir='ltr'><strong><em>καιροῖς</em></strong></span> <span class='ocrx_word' id='word_1_312' title='bbox 265 4144 436 4226; x_wconf 80' lang='grc' dir='ltr'><strong><em>χρησίμους</em></strong></span> <span class='ocrx_word' id='word_1_313' title='bbox 462 4146 534 4222; x_wconf 84' lang='grc' dir='ltr'><strong><em>ὑμῖν</em></strong></span> <span class='ocrx_word' id='word_1_314' title='bbox 557 4143 784 4226; x_wconf 82' lang='grc' dir='ltr'><strong><em>ταρασχθντας</em></strong></span> <span class='ocrx_word' id='word_1_315' title='bbox 810 4144 948 4216; x_wconf 80' lang='grc' dir='ltr'><strong><em>ἑαυτούς.</em></strong></span> <span class='ocrx_word' id='word_1_316' title='bbox 987 4144 1168 4212; x_wconf 86' lang='lat' dir='ltr'>Dobraeus:</span> <span class='ocrx_word' id='word_1_317' title='bbox 1195 4151 1322 4227; x_wconf 81' lang='lat' dir='ltr'>„mobiro</span> 
     </span>
     <span class='ocr_line' id='line_1_37' title="bbox 122 4246 1321 4344; baseline 0 -24"><span class='ocrx_word' id='word_1_318' title='bbox 122 4252 199 4324; x_wconf 83' lang='grc' dir='ltr'><strong><em>οίους</em></strong></span> <span class='ocrx_word' id='word_1_319' title='bbox 233 4248 417 4344; x_wconf 67' lang='grc' dir='ltr'><strong><em>ἀνθρώπους.</em></strong></span> <span class='ocrx_word' id='word_1_320' title='bbox 461 4251 613 4315; x_wconf 75' lang='lat' dir='ltr'>Numeros</span> <span class='ocrx_word' id='word_1_321' title='bbox 644 4252 719 4316; x_wconf 82' lang='lat' dir='ltr'>sotio</span> <span class='ocrx_word' id='word_1_322' title='bbox 750 4251 904 4318; x_wconf 80' lang='lat' dir='ltr'>iudicatur</span> <span class='ocrx_word' id='word_1_323' title='bbox 929 4273 988 4340; x_wconf 80' lang='lat' dir='ltr'>per</span> <span class='ocrx_word' id='word_1_324' title='bbox 1012 4246 1070 4314; x_wconf 84' lang='grc' dir='ltr'><strong><em>ιίσοο</em></strong></span> <span class='ocrx_word' id='word_1_325' title='bbox 1092 4255 1321 4337; x_wconf 76' lang='grc' dir='ltr'><strong><em>ψηφίσματα.”</em></strong></span> 
     </span>
     <span class='ocr_line' id='line_1_38' title="bbox 121 4358 329 4428; baseline -0.038 0"><span class='ocrx_word' id='word_1_326' title='bbox 121 4358 329 4428; x_wconf 82' lang='lat' dir='ltr'>Rectissime.</span> 
     </span>
    </p>
   </div>
   <div class='ocr_carea' id='block_1_4' title="bbox 0 0 1559 4968">
    <p class='ocr_par' dir='ltr' id='par_1_7' title="bbox 0 0 1559 4968">
     <span class='ocr_line' id='line_1_39' title="bbox 0 0 1559 4968; baseline 0 0"><span class='ocrx_word' id='word_1_327' title='bbox 0 0 1559 4968; x_wconf 95' lang='lat' dir='ltr'> </span> 
     </span>
    </p>
   </div>
  </div>
 </body>
</html>
