3026 4970
74 436 148 520 quod
172 435 291 504 Graece
314 439 448 504 dixeris:

762 546 851 610 dard
874 572 909 612 σε

332 651 398 715 ἀνθ’
421 647 460 716 ὧν
485 648 616 731 έδροισοις
642 648 814 725 ἐξολέσειαν
838 654 863 717 οἱ
888 652 955 717 deci.

72 756 156 817 utin
178 755 268 818 Pluto
292 777 338 822 rs.
365 755 441 821 592.

152 860 238 925 ἀλλὰ
264 861 334 938 os'y'
361 865 374 927 i
400 863 476 937 Ζεὺς
503 862 668 942 ἐξολέσειεν
691 864 808 928 κοτίνου
830 865 957 948 ςεφοένῳ
981 867 1180 947 cacavam.

111 963 283 1054 sicigitur
305 967 466 1035 Homerus
491 990 613 1055 quoque
638 970 777 1035 dixerat:

333 1076 409 1147 Ζεὺς
436 1085 492 1140 ΔΕ
516 1082 618 1155 σΦεοις
644 1076 756 1140 τι’σοιιέ’
782 1078 943 1151 ἱκετήσιος.

72 1179 247 1264 planissime
278 1185 315 1244 ut
339 1181 516 1268 Xenophon
538 1185 573 1246 in
595 1184 730 1246 Acabcoi
753 1182 810 1248 ΙΙΙ.
836 1183 866 1248 2.
894 1183 947 1248 60.
973 1187 1104 1250 ’Anna
1128 1185 1251 1269 τούτους

71 1285 120 1360 μὲν
142 1285 167 1348 οἱ
193 1283 249 1348 daci
275 1287 486 1354 οὶοσοτίσοιιντο.
513 1294 543 1354 ei
567 1289 728 1354 Homerus
751 1292 819 1376 ipse
843 1290 956 1377 Odyss.
982 1303 1019 1357 A.
1047 1289 1122 1357 667.

335 1395 444 1460 dadai
475 1420 513 1460 τοι
538 1397 621 1476 οιύτῷ
647 1396 722 1468 Ζεὺς
748 1396 863 1462 ὀλέσειε
887 1397 967 1476 βίον.

110 1509 218 1586 {paca
257 1502 365 1569 eodem
398 1504 492 1569 modo
525 1505 559 1567 in
588 1524 687 1567 unam
718 1502 877 1589 syllabam
906 1505 1104 1570 contrahitur
1128 1510 1160 1572 et
1183 1505 1253 1572 aliis

69 1615 137 1683 locis
161 1623 193 1684 et
218 1626 261 1682 Λ.
287 1611 361 1678 128.

246 1724 279 1787 ἐκ
303 1717 363 1800 γάρ
385 1722 486 1799 σΦεκς
512 1722 620 1797 χειρῶν
644 1715 747 1798 Φόνου
773 1717 840 1790 duic
864 1716 1067 1794 σιγαλόεντι.

590 2031 722 2098 XXVII.

412 2259 593 2310 vocnrlvus
616 2259 676 2308 PRO
699 2259 907 2308 nomnnmvo.

108 2453 334 2540 Compluribus
365 2452 449 2538 apud
480 2449 660 2516 Homerum
692 2450 770 2516 locis
799 2453 857 2517 ubi
891 2457 984 2538 poeta
1017 2421 1255 2520 nominativum

67 2561 188 2626 dederat
222 2564 363 2625 cantores
395 2564 427 2624 et
458 2558 590 2624 lectores
615 2557 647 2621 ἐκ
671 2565 726 2632 τῆς
751 2558 907 2631 συνηθείας
932 2562 1116 2624 vocativum
1141 2562 1257 2625 substi-

67 2671 191 2733 tuerunt
222 2671 254 2732 et
284 2669 330 2730 sic
360 2685 510 2730 numeros
541 2669 651 2748 podiae
681 2667 797 2729 misere
829 2671 1042 2752 corruperunt.
1092 2666 1129 2730 In
1163 2667 1255 2732 Iliad.

68 2783 101 2837 Σ.
126 2772 192 2838 385
219 2777 251 2838 et
275 2771 351 2835 424.
375 2774 409 2836 in
435 2771 525 2835 libris
553 2771 700 2835 omnibus
724 2770 825 2835 fertur
847 2771 924 2836 haec
948 2774 1121 2856 scriptura:

253 2879 346 2942 τέστε
372 2876 450 2943 ΘέτΙ
474 2876 669 2941 cardumae
693 2874 806 2946 ἱκάνεις
832 2874 974 2955 ἡμέτερον
1000 2875 1059 2952 δῶς

66 2985 229 3050 Bekkerus
254 2985 359 3049 ΘέτΙΩ
383 2982 579 3049 revomere
602 3003 754 3067 reponens
775 2987 900 3067 partem
920 2986 1046 3047 tantum
1067 2985 1135 3048 veri
1154 2984 1256 3068 vidit,

67 3113 140 3155 nam
163 3112 277 3157 verum
303 3095 367 3156 est:

201 3196 294 3261 τέττε
320 3195 424 3262 ΘέτΙΩ
448 3194 672 3260 τοονύσετλΟΩ
696 3192 809 3266 ἱκοένεις
835 3192 978 3275 ἡμέτερον
1002 3193 1060 3270 δὼς

64 3301 144 3367 nihil
178 3306 244 3368 erat
276 3304 455 3368 coniectura
486 3322 581 3386 opus,
614 3303 689 3386 quia
720 3305 854 3392 utroque
885 3300 954 3365 loco
980 3300 1095 3366 diserte
1119 3320 1256 3366 comme-

63 3413 205 3474 moratur
228 3407 381 3473 Zenodoti
402 3406 497 3472 lectio
521 3408 598 3472 haec
621 3409 690 3493 ipsa
716 3407 807 3478 Θέτις
833 3405 1042 3476 τκνύτετλος.
1090 3405 1256 3492 Sequiores

64 3517 117 3598 qui
153 3535 218 3579 non
253 3515 471 3600 cogitaverant
501 3514 630 3600 perinde
665 3513 729 3578 dici
765 3519 960 3592 &successario
993 3511 1052 3589 ilco
1085 3515 1119 3577 in
1152 3515 1257 3598 prima

63 3640 195 3702 persona
219 3625 313 3705 atque
338 3618 428 3691 Θέτις
453 3618 567 3691 ἱκάνεις
590 3621 624 3683 in
647 3620 801 3697 secunda,
822 3618 931 3684 locum
950 3618 1085 3685 Homeri
1105 3619 1144 3685 ad
1165 3639 1254 3686 suam

63 3724 212 3812 loquendi
231 3726 492 3792 consuetudinem
513 3727 759 3791 conformamnt.
793 3725 1007 3792 Pessumdant
1030 3746 1179 3792 numeros
1202 3725 1257 3791 sed

63 3833 94 3894 in
117 3834 318 3919 ignoratione
342 3836 396 3897 τοῦ
421 3831 573 3910 aiassae
598 3837 645 3897 tot
668 3834 759 3896 rimis
783 3834 914 3916 antiqua
938 3834 1080 3896 carmina
1106 3831 1255 3916 hiabant,

61 3942 96 4002 ut
121 3959 160 4003 ea
181 3960 229 4003 res
252 3941 414 4004 neminem
438 3940 624 4005 adverteret.
660 3938 835 4024 Postquam
858 3937 936 4003 felix
958 3937 1097 4004 Bentleii
1121 3958 1256 4002 acumen

62 4043 94 4106 ri
119 4043 274 4121 δίγιιμιιοι
296 4050 462 4130 tamquam
486 4067 525 4110 ex
548 4044 628 4109 Oreo
649 4045 776 4109 reduxit
798 4049 830 4109 et
853 4046 949 4109 metri
973 4041 1138 4108 Homerici
1167 4064 1255 4127 prae-

62 4153 183 4214 stantia
206 4156 237 4215 et
261 4154 402 4217 suavitas
424 4153 499 4216 hino
522 4150 639 4216 melius
662 4150 825 4216 intellecta
848 4155 895 4216 est
920 4155 950 4214 et
975 4151 1119 4238 cognita,
1146 4149 1256 4214 huius-

64 4256 155 4320 modi
179 4256 331 4322 molestae
355 4263 387 4323 et
411 4258 536 4324 odiosae
559 4257 742 4337 χυσμωδίοιι
766 4256 819 4322 vel
838 4260 924 4343 ipsae
944 4259 1093 4341 antiquae
1112 4254 1257 4320 lectionis

65 4361 175 4427 labem
199 4370 338 4451 arguunt
363 4365 473 4430 stubi
498 4361 597 4429 semel
620 4362 705 4429 laesa
727 4365 812 4429 auris
835 4365 1048 4448 suspicionem
1071 4362 1175 4428 movit
1193 4364 1256 4425 sta·
