3052 4970
812 233 878 302 410

251 426 371 494 edidit:
404 423 484 520 πρὸς
502 423 545 490 τοῦ
569 424 635 505 περὶ
660 430 719 490 τῶν
743 424 889 504 Σειρήνων
913 422 1110 512 ,,(Σειρηνων)
1134 422 1261 490 οἶὸινύων
1282 420 1341 504 (Od.
1360 417 1401 486 23.

254 531 363 619 326.),
391 531 551 612 Σειρήνοιιν
575 530 648 616 (Od.
675 530 728 598 12.
754 528 834 613 52).
869 528 931 596 Sed
953 532 1095 598 nondum
1115 533 1160 596 sic
1181 531 1242 598 loci
1260 527 1403 596 emendatio

251 639 390 725 perfecta
420 643 477 704 est.
522 639 726 704 Aristarchus
758 638 985 704 animadvertit
1021 660 1060 704 ex
1096 638 1242 704 dualium
1270 657 1322 702 usu
1349 634 1404 696 ύιιοι

253 749 386 832 apoata
408 744 518 810 induci
542 743 668 809 Sirenas
693 741 751 807 Od.
778 740 831 806 12.
856 741 911 807 52.

432 850 513 934 ύφροι
538 874 572 914 κε
594 847 778 931 τερπόμενος
803 848 866 914 τότ’
890 846 1001 930 ιἰκούης
1028 849 1198 931 Σειρήνοιιν.

254 960 287 1022 et
309 978 356 1023 vs.
383 952 460 1021 166.

436 1062 553 1141 ἐξίκετο
577 1066 647 1137 νηῦς
673 1061 800 1143 εύεργης
824 1069 927 1138 Νῆσον
951 1062 1124 1144 Σειρήνοιιν.

255 1175 288 1235 et
309 1170 397 1255 ipsac
421 1168 546 1236 Sirenes
568 1189 617 1235 vs.
643 1167 720 1235 185.

438 1284 496 1351 νῆοο
520 1272 770 1351 anastomotica
794 1272 982 1354 νωΐτέρην
1007 1273 1070 1340 τότ’
1094 1272 1241 1356 ἀκούσης.

254 1381 313 1447 ubi
335 1384 504 1447 annotatur
527 1383 567 1447 ad
589 1403 636 1449 vs.
663 1381 716 1448 52.
742 1382 990 1462 Σειρηνοιϊνε
1016 1379 1061 1447 ῦτι
1086 1379 1137 1448 δύο
1162 1381 1232 1446 καθ’
1255 1380 1372 1458 Ὀρηρνν
1388 1370 1411 1434 νύ

257 1495 415 1565 Σειρῆνες,
440 1489 473 1552 ού
497 1498 588 1568 τρεῖς.
614 1494 646 1554 et
669 1488 709 1554 ad
731 1509 778 1554 vs.
807 1486 884 1552 185.
910 1488 1113 1568 νωϊτέρηντ
1138 1488 1188 1553 δύο
1208 1489 1357 1570 φαίνονται
1374 1477 1412 1542 aei

256 1594 401 1659 ε’ντεῦύεν.
448 1595 649 1660 Aristarchus
671 1597 773 1682 igitur
795 1596 920 1660 notavit
942 1595 1027 1660 locos
1051 1595 1222 1680 quosdam,
1246 1594 1323 1659 unde
1343 1604 1413 1672 appo

256 1706 340 1765 reret
370 1737 390 1749 -
403 1703 455 1765 οιἰ’ν
487 1722 553 1766 csse
582 1700 686 1766 dualis
717 1703 860 1778 numeri,
894 1709 1032 1786 namque
1054 1704 1088 1764 in
1111 1704 1189 1766 artis
1211 1702 1415 1778 infamiaque

257 1828 339 1871 nunc
370 1809 461 1891 pueri
492 1809 596 1873 sciunt
626 1807 798 1894 diligenter
829 1812 918 1873 erant
949 1807 1202 1873 demonstranda.
1249 1807 1316 1872 Non
1334 1798 1417 1887 potuii

257 1913 360 1999 igitur
390 1912 498 1979 afferre
526 1915 672 1994 Σειρήνων
696 1912 825 1978 otranno
848 1934 949 1999 neque
974 1912 1161 1978 θεσπεσιάων
1185 1912 1257 1998 (Od.
1281 1935 1313 1989 ρο.
1337 1902 1415 1985 lot),

207 2023 220 2042 ‘
258 2019 333 2102 quia
367 2018 445 2084 haec
476 2019 559 2084 nihil
593 2020 633 2085 ad
667 2039 759 2084 suam
790 2040 860 2083 rem
892 2019 1059 2085 faciebant.
1106 2019 1274 2084 Praeterea
1303 2011 1418 2093 Σειρύννν
1495 2065 1496 2076 .

258 2121 387 2188 sarrano
413 2129 444 2188 et
468 2125 507 2190 de
530 2126 644 2188 duobus
667 2127 774 2209 inepte
798 2125 914 2190 dicitur
937 2129 968 2190 et
987 2125 1109 2212 legitur
1128 2127 1162 2189 in
1183 2147 1220 2190 ea
1239 2129 1325 2211 parte
1342 2118 1419 2202 odys·

258 2249 346 2304 scae,
367 2250 463 2314 quam
483 2231 686 2296 Aristarchus
703 2234 877 2317 genuinam
898 2251 963 2297 esse
983 2231 1130 2317 negabat.
1161 2230 1319 2316 Quidquid
1335 2229 1419 2292 autem

258 2333 368 2399 mendi
391 2337 426 2398 in
449 2336 572 2401 Scholis
594 2337 690 2410 latet,
713 2357 763 2402 res
785 2340 856 2421 ipsa
878 2337 963 2402 clara
986 2341 1017 2401 et
1040 2339 1207 2422 perspicua
1230 2344 1286 2404 est.

305 2440 407 2506 Miror
430 2443 650 2509 Aristarchum
675 2443 715 2508 ad
737 2452 779 2508 A.
806 2441 880 2507 104.
905 2444 963 2508 ubi
987 2442 1184 2507 demonstrat
1207 2437 1252 2507 ύτι
1277 2440 1338 2523 περὶ
1360 2437 1419 2501 δυεῖν

259 2548 273 2612 ὁ
298 2546 408 2632 λόγος,
431 2567 495 2612 non
519 2549 677 2616 addidisse
701 2554 929 2636 argumentum
955 2569 994 2614 ex
1016 2569 1065 2615 vs.
1092 2547 1167 2614 110.

398 2655 607 2736 σπερχόμενος
631 2654 657 2720 δ’
679 2656 741 2720 ἀπὸ
766 2663 892 2721 ΤΟΙΙΝ
916 2653 1015 2719 ε’σύιιοι
1038 2654 1161 2736 τεύχεσι
1185 2643 1280 2720 noiant.

301 2759 389 2825 Duas
420 2765 547 2826 tantum
579 2781 645 2827 csse
677 2760 803 2828 Sirenes
829 2761 882 2828 vel
902 2783 1006 2826 unum
1028 2781 1201 2846 pronomen
1224 2759 1354 2848 νωϊτέρηι
1372 2751 1420 2820 εντ’

256 2864 367 2947 ύκούης
392 2868 469 2932 satis
492 2866 697 2933 demonstrat.
744 2867 931 2953 Numquam
953 2869 988 2933 in
1008 2868 1060 2933 his
1076 2867 1146 2934 ulla
1165 2868 1250 2953 apud
1269 2865 1421 2931 Homerum

259 2969 417 3039 dubitatio
441 2979 498 3039 cst.
545 2973 657 3060 Itaque
680 2976 715 3040 in
739 2973 798 3039 Od.
822 2984 864 3041 N.
889 2974 966 3040 320.

440 3081 516 3145 ἄλλ’
541 3080 601 3145 ciat
625 3079 715 3163 φρεσὶ
740 3089 820 3164 τῇσιν
845 3077 925 3160 ἔχων
950 3078 1149 3159 δεδαϊγμένον
1173 3076 1242 3160 ἦτορ

441 3185 574 3262 ἠλώμην.
1198 3195 1202 3201 ’

260 3291 409 3356 continuo
448 3291 535 3357 fraus
568 3290 719 3378 perpluit.
776 3292 938 3380 Didymus
974 3313 1013 3359 ex
1046 3290 1246 3358 Aristarcho:
1281 3288 1422 3357 νούεύοντιι

260 3397 407 3478 τέσσοορες
431 3399 526 3480 τύχοι.
552 3399 565 3463 ὃ
589 3398 645 3475 μὲν
666 3405 779 3480 πρῶτος
801 3395 846 3464 ῦτι
866 3398 935 3464 aioni
956 3403 1009 3464 τοῦ
1034 3399 1179 3477 ἐμῇσιν
1204 3398 1271 3479 ἔχει
1287 3397 1318 3462 τὸ
1339 3393 1422 3478 ᾗτινι

261 3497 334 3582 ὅπερ
360 3502 404 3571 ἐς)
429 3503 529 3584 τρίτον
554 3504 710 3584 προσώπου
735 3510 891 3585 τηροῦντος
917 3505 965 3570 cisi
990 3508 1043 3570 τοῦ
1065 3510 1188 3579 ποιητοῦ
1210 3507 1264 3582 την
1283 3505 1311 3568 ἐν
1328 3497 1424 3567 τούτοιν

260 3608 420 3693 διοιφορύν.
467 3609 655 3695 Apollonius
678 3613 714 3675 de
737 3611 915 3676 Ρνοοοιούιισ
940 3632 1014 3699 pag.
1040 3609 1118 3677 139.
1144 3630 1175 3676 Β.
1199 3611 1235 3676 τὸ
1257 3609 1351 3688 μέντοι

600 3715 677 3781 ἀλλ’
703 3716 762 3781 oriri
787 3718 895 3799 Φρεσὶν
915 3714 981 3800 ᾖσιν
1005 3715 1095 3798 ἔχων.

260 3827 328 3892 ύντὶ
360 3828 414 3891 τοῦ
447 3823 568 3902 ἐρινοῖς
599 3821 735 3902 εὐλύτως
768 3824 819 3887 ὑπ’
851 3822 1037 3904 Ἀριςύρχον
1071 3823 1267 3890 ὑπωπτεύετο
1290 3824 1325 3894 cio
1346 3817 1424 3894 νύύον,

261 3932 334 3998 ιιοιύὸ
359 3935 663 3995 ἈΔΙΑΠΤΩΤΟΕ
687 3931 717 3992 ἐν
740 3930 946 4006 οὶντωνιιριύοιις
973 3928 999 4015 (ὁ
1024 3929 1177 4016 ποιητής).

306 4039 426 4104 Sumus
448 4034 554 4102 hercle
579 4055 688 4101 omnes
710 4036 857 4102 homines
880 4033 1070 4101 οῦδιύπτωτοι
1092 4037 1122 4100 ἐν
1141 4044 1213 4108 τοιῖς
1234 4031 1424 4110 ύντωννρύονιι

260 4167 336 4212 nam
368 4146 438 4230 quis
464 4141 653 4207 mortalium
678 4165 771 4220 ιιιοοιι,
807 4154 893 4220 taus,
927 4166 1013 4221 ιιιιιι,
1041 4149 1158 4219 noster,
1183 4151 1276 4208 vectu
1295 4151 1425 4222 umquam

260 4246 448 4318 confundet?
491 4247 554 4312 Sed
584 4248 741 4314 faciebant
770 4249 830 4314 hoc
859 4254 1011 4334 perpetuo
1040 4251 1193 4334 podtastri
1226 4239 1423 4316 menandrini.

261 4360 316 4446 qui
338 4354 422 4424 nihil
444 4356 478 4420 in
501 4354 552 4420 his
577 4355 766 4420 sentiebant.
813 4353 923 4422 Unum
948 4377 987 4422 ex
1009 4356 1177 4441 Apollonio
1200 4354 1320 4421 Rhodio
1341 4363 1426 4416 exem·
