3026 4970
805 281 870 369 aaa

289 477 391 560 Beki.
416 505 454 560 Σ.
479 493 555 562 418.
580 493 672 576 ζωῇσι
696 492 820 572 νεηνθοι,
845 491 931 558 male
954 513 1011 578 pro
1035 493 1143 576 ζωῇσι,
1166 498 1199 558 et
1219 485 1332 560 multis
1357 488 1418 558 aliis
1506 529 1507 570 1

243 599 336 678 locis,
361 621 439 686 quos
457 606 567 687 postea
589 600 697 666 ordine
721 598 868 664 collectos
890 619 1073 684 proponam.

288 705 448 772 Homerus
471 714 580 772 autem
602 726 658 791 pro
680 727 715 770 re
737 711 812 770 nata
834 706 951 770 iisdem
969 709 1071 770 utitur
1092 705 1298 787 οννοιιρέοεοι,
1319 706 1418 790 quibus

244 817 276 876 et
306 814 430 879 Atticos
459 817 510 878 uti
536 813 693 880 videmus.
740 813 792 877 Ad
822 811 935 898 Odyss.
966 823 999 876 Β.
1033 813 1110 878 410.
1136 813 1225 878 δεῦτε
1249 815 1349 896 φίλοι,
1372 813 1417 888 tic

245 919 425 999 quercherie,
452 925 637 985 annotatur:
663 919 899 998 Κωλλθςροιτος·

539 1025 627 1089 δεῦτε
650 1025 754 1106 Φίλοι,
779 1023 847 1106 ὄφρ’
872 1022 912 1106 dc
936 1025 1110 1106 Φερθριεθοι.

244 1132 297 1196 aa}
322 1130 367 1201 ἔτι
388 1140 443 1206 τῆς
466 1130 612 1210 νεωτέρως
636 1131 772 1203 Ἀτθίδος
796 1132 830 1194 τθ
855 1129 931 1194 οὕτω
956 1139 1114 1212 οννοοιρεῑν.
1150 1132 1264 1218 Neque
1287 1141 1341 1208 της
1363 1153 1419 1195 νεω·

244 1237 335 1318 τέροις
366 1237 502 1310 Ἀτθίδος
535 1235 612 1302 haec
634 1236 737 1301 forma
760 1245 825 1314 est,
849 1257 926 1302 nam
948 1237 1151 1304 Pherecrates
1173 1241 1222 1304 ita
1245 1239 1327 1304 dixit
1349 1237 1420 1323 apud

245 1343 392 1410 Eustath.
420 1344 460 1409 ad
483 1342 596 1430 Odyss.
620 1362 694 1430 pag.
723 1342 828 1420 1455,
854 1343 906 1408 42.

473 1452 527 1525 την
551 1450 659 1529 γωςέρ’
683 1451 739 1532 ᾖον
765 1449 908 1530 κοθχθρων
931 1451 1135 1529 οεοοινριένος.

247 1560 280 1622 ot
302 1555 412 1621 eadem
436 1558 597 1643 synaeresi
619 1575 696 1619 usus
720 1560 768 1620 est
791 1553 952 1620 Homerus
974 1559 1043 1641 ipse
1066 1555 1177 1644 Odyss.
1205 1566 1242 1622 E.
1268 1554 1341 1621 368.

239 1737 241 1742 Ι
473 1663 512 1732 ὠς
536 1661 562 1725 δ’
586 1658 698 1739 ἄνεμος
724 1661 798 1741 ζοιης
825 1662 882 1743 η’ων
907 1663 1029 1738 θημῶνοι
1053 1662 1173 1744 τινθξη.

293 1767 346 1834 Sic
377 1767 472 1833 modo
503 1767 580 1840 δήϊοι
605 1764 724 1846 ἄνδρες,
751 1766 835 1840 δηϊον
859 1767 972 1847 θινδρω,
998 1768 1079 1841 δηΐου
1105 1770 1139 1832 ἐκ
1163 1767 1325 1847 πολέμοιο,
1348 1766 1421 1840 ditor

248 1877 278 1948 ἐς
309 1875 444 1952 πόλεμον
474 1873 556 1937 dixit
585 1870 821 1952 τρισυλλάβως,
852 1874 947 1938 modo
973 1895 1029 1958 per
1052 1877 1234 1960 synaeresin
1259 1873 1346 1954 δηοιοι
1368 1871 1422 1947 μθ-

247 1983 380 2061 χεοθοιι,
414 1979 506 2061 δηοιοι
540 1978 570 2042 δὲ
603 1978 719 2058 χοθρροοι
748 1977 910 2056 γενὲοθοω,
935 1980 1109 2058 μοθρνοισθοιι
1134 1979 1246 2062 δηοισι,
1272 1979 1359 2062 δῄοιοι
1380 1992 1421 2040 ιιι·

248 2089 376 2160 τὲοθοιι,
408 2091 470 2163 γνῶ
499 2087 523 2165 ῥ’
553 2081 664 2164 ἄρθροις
697 2084 800 2166 δηθονς,
826 2086 901 2168 δῄων
924 2085 1054 2163 scapua,
1081 2086 1156 2166 δηων
1180 2086 1210 2148 ἑν
1234 2087 1333 2168 ἀϋτῇ,
1356 2083 1421 2164 δῄων

250 2195 317 2260 κυσὶ
350 2197 452 2272 κῡρμοι
477 2191 638 2269 γενέσθαι,
663 2199 778 2270 τρῆοοιι
803 2191 834 2255 δὲ
859 2192 949 2270 τορὸς
975 2193 1052 2272 asoto
1076 2192 1219 2275 θύρετροο,
1245 2191 1332 2269 τυρὸς
1355 2189 1422 2269 δῄων

249 2301 406 2382 θέρωντιιι,
439 2296 494 2362 sed
516 2295 661 2361 Bekkero
684 2296 806 2382 placuit
830 2296 950 2372 δηίοιτι,
976 2296 1091 2373 δηίους,
1118 2296 1225 2374 δηίων,
1252 2297 1337 2371 δηίοιο
1358 2295 1422 2361 scri·

248 2409 323 2474 bere
353 2407 511 2469 incertum
543 2423 605 2486 quo
636 2422 723 2468 moro
755 2408 811 2468 aut
841 2405 920 2468 iure.
966 2401 1125 2468 Similiter
1154 2405 1186 2466 in
1218 2403 1314 2469 verbo
1338 2399 1422 2466 modo

248 2511 352 2587 ini'c'cv
381 2509 502 2596 legitur
531 2513 563 2573 et
592 2507 745 2584 δηϊόωντο,
776 2510 870 2574 modo
898 2510 971 2590 δρῶν
1005 2508 1051 2597 (Ρ.
1085 2507 1138 2573 65.
1172 2509 1231 2574 ubi
1253 2511 1422 2574 annotatur:

249 2613 455 2698 arctosarctos
479 2652 521 2662 -
545 2615 597 2678 xci
623 2615 678 2679 σὺν
701 2617 742 2696 τῷ
768 2625 781 2679 Ι
805 2615 975 2700 νροιοιτέον)
1002 2620 1034 2681 et
1054 2617 1189 2695 Ἕκτορος
1211 2615 1358 2698 taccam
1372 2614 1422 2696 (X.

250 2721 352 2808 218.).
390 2719 443 2786 Sic
465 2721 559 2786 modo
584 2722 715 2800 Θρηϊκες
740 2721 956 2806 appellantur,
981 2729 1019 2788 ut
1043 2724 1175 2803 Θρήϊκες
1199 2721 1258 2789 οἵδ’
1281 2719 1423 2788 οὶτθνενθε

245 2830 390 2908 ’νεήλυδες
417 2832 465 2916 [Κ.
492 2826 604 2913 434.),
627 2829 722 2893 modo
746 2829 832 2893 κοιτθι
855 2829 1024 2910 συνωθρεοιν
1046 2839 1178 2915 Θρῇκες,
1200 2835 1238 2894 ut
1257 2825 1276 2894 θ’
1292 2853 1334 2894 τοι
1353 2833 1423 2906 Θρῇ-

249 2963 300 3011 κες
325 2936 412 3014 τθρον
436 2933 550 3013 ἄνδρες.

294 3043 417 3108 Omitto
437 3039 556 3105 similia
578 3037 670 3125 plura
690 3045 722 3106 et
740 3039 800 3106 hoo
819 3061 921 3106 unum
942 3041 1022 3107 addo
1041 3040 1264 3108 Aristarchum
1284 3063 1320 3108 ex
1336 3039 1423 3105 huius

247 3153 294 3218 rei
325 3148 541 3214 observatione
572 3146 708 3230 palmari
740 3151 919 3213 coniectura
949 3151 1124 3212 rest'tuisse
1153 3148 1263 3214 locum
1293 3159 1327 3213 Π.
1352 3143 1422 3210 202.

245 3259 304 3323 ubi
322 3253 498 3319 Zenodotus
518 3273 556 3316 ex
576 3253 666 3317 libris
688 3257 753 3318 suis
777 3255 916 3318 ediderat
940 3257 1007 3319 sine
1030 3270 1137 3318 sensu:
1163 3256 1216 3318 κοιὶ
1239 3249 1421 3320 ΜΗτιθοοθε

245 3361 370 3434 teucer,
402 3363 435 3423 at
464 3359 665 3423 Aristarchus
694 3361 812 3424 inserto
843 3362 919 3425 ἱῶτοο
951 3361 1038 3425 dedit
1065 3359 1183 3425 lucem.
1210 3361 1258 3426 δεῖ
1279 3361 1329 3426 σὺν
1349 3357 1422 3436 scil

246 3468 381 3551 γράφειν
390 3513 399 3543 ,
424 3467 547 3551 inquit,
994 3471 997 3476 '

587 3570 642 3634 κοιθ
665 3572 711 3635 Μ’
733 3569 915 3636 ἨΙτιοθοιοθι
942 3570 1059 3644 duasve.

247 3679 371 3748 addidit
393 3679 469 3743 θῶτοι
493 3676 530 3740 de
553 3696 626 3755 suo,
652 3677 736 3762 quod
758 3681 929 3744 sexcenties
953 3679 1077 3746 viderat
1100 3679 1208 3744 omitti
1231 3680 1335 3745 solere.
1364 3670 1423 3737 Ite·

248 3807 308 3873 que
332 3805 389 3849 nos
413 3803 536 3867 quoque
559 3780 617 3846 ubi
640 3803 715 3848 sana
738 3787 818 3850 ratio
843 3791 875 3849 et
897 3785 1028 3871 linguae
1046 3783 1238 3850 Homericae
1261 3791 1292 3851 et
1310 3783 1424 3850 Atticae

249 3913 324 3958 usus
347 3891 424 3955 Ξῶτοι
448 3889 594 3953 additum
614 3887 776 3973 postulant
796 3897 900 3975 spreta
919 3891 1075 3972 librorum
1096 3895 1285 3956 auctoritate
1303 3886 1425 3954 ficulnea

248 4003 280 4064 et
303 3995 469 4075 τοιροθδοσιν
492 3994 591 4059 nullis
615 3999 814 4082 argumentis
833 3996 949 4061 fultam
970 3997 1075 4062 valere
1096 3997 1242 4063 iubentes
1261 3997 1296 4079 νςθ
1313 4001 1340 4061 et
1355 3988 1424 4072 aad

248 4126 266 4171 a
294 4103 391 4188 longo
422 4100 518 4164 exilio
553 4107 699 4166 revocata
728 4102 827 4166 simul
855 4102 996 4168 Homero
1027 4107 1058 4168 et
1087 4104 1206 4168 Atticis
1230 4104 1348 4169 tandem
1369 4097 1426 4161 aii·

249 4208 374 4295 quando
397 4206 574 4271 reddemus.

293 4315 405 4380 Restat
435 4315 646 4378 controversia
675 4317 788 4379 utrum
818 4312 980 4380 Homerus
1003 4317 1089 4397 σφῷν
1112 4335 1169 4399 pro
1192 4318 1291 4399 σφῶϊν
1310 4311 1428 4378 Attico-

247 4443 320 4489 rum
344 4438 433 4486 more
457 4416 573 4481 dixerit
594 4421 628 4482 in
652 4417 764 4504 Odyss.
791 4430 830 4483 Δ.
857 4419 911 4487 62.
