3026 4970
656 257 725 326 255

104 445 239 527 turchos,
263 451 302 512 ut
324 444 424 530 solet,
447 446 523 514 solis
544 445 727 515 Homericis
750 449 905 538 exemplis
927 471 1004 516 naus
1028 455 1092 529 art,
1117 452 1233 536 quibus
1252 453 1285 517 ot

102 551 192 636 hano,
215 573 314 638 qnam
338 552 497 638 diximus,
518 556 675 621 rationem
698 554 834 622 firmiter
857 555 1016 622 stabilivit
1041 559 1073 621 et
1092 555 1286 623 Zenodotaao

101 659 280 724 recensionis
303 659 385 723 vitia
407 661 553 726 correxit.
598 660 778 726 Audiamus
801 660 964 727 nonnulla.
1003 660 1094 726 Iliad.
1120 671 1158 726 0.
1184 660 1261 731 437.

248 768 366 842 Τεῦκρε
389 764 503 841 πέπον,
527 766 562 842 δίη
595 770 680 834 νῶϊν
714 766 875 832 οϊτίκτατο
900 771 987 838 τιτθς
1012 764 1128 848 ϊταιρυς

249 869 444 951 Μαςορίδης,
470 862 501 935 ‘do
532 875 598 936 νῶϊ
628 872 789 952 Κυθηρόθεν
815 872 893 940 ἔνδον
919 870 1008 940 θθντα

249 972 304 1040 ϊοα
327 977 445 1057 Φίλοιτι
469 982 607 1044 τοκεῦσιν
630 979 763 1058 ἐτίομεν.

138 1082 352 1148 Aristonicus:
385 1085 402 1158 ἡ
428 1083 521 1160 θιτλῆ
543 1080 589 1150 θτι
615 1086 825 1164 ταραλλιίλιος
849 1087 902 1152 καί
928 1086 1153 1161 διδασκαλικῶς
1177 1089 1194 1162 ἡ
1219 1086 1283 1153 δια·

99 1187 173 1268 Φορίι
197 1191 251 1252 τοῦ
282 1192 369 1254 νῶϊν
400 1190 452 1257 καί
485 1194 559 1256 νῶϊ.
607 1191 699 1257 Iliad.
726 1203 766 1258 Ψ.
793 1192 870 1258 403.

300 1343 302 1348 -
412 1294 550 1374 ἔμβητον
574 1297 627 1363 καί
661 1303 769 1376 τΦῶι
801 1300 981 1365 τιταίνετον.

99 1401 114 1471 οἱ
144 1399 238 1474 θιτλῆ
262 1395 308 1464 θτι
332 1401 423 1479 ὑγιῶς
448 1411 549 1468 κεῖται
574 1406 591 1480 ἡ
616 1403 794 1483 ἀντωνυμία
817 1404 911 1486 χωρίς
935 1407 989 1470 τοῦ
1013 1412 1053 1468 Ν.
1079 1409 1112 1470 et
1134 1425 1182 1471 vs.
1206 1403 1282 1470 408.

363 1508 407 1585 μη
440 1513 567 1590 σφῶϊν
598 1511 768 1592 ἐλεγχείην
791 1511 969 1592 καταχεθη.

98 1613 114 1686 ἡ
143 1613 235 1688 διπλῶ
269 1609 315 1678 ὅτι
347 1617 475 1690 οΦῶϊν
508 1616 579 1694 ὑμῖν
611 1615 628 1692 ἢ
653 1618 744 1694 ὑμῶν.
771 1614 832 1681 ῶνα
856 1617 887 1682 δὲ
913 1615 1070 1696 »ἔμβητον
1094 1616 1147 1682 καί
1179 1621 1286 1699 σφῶϊ

97 1719 280 1786 τιταίνετον”
303 1719 372 1786 aar>
397 1724 451 1786 τοῶ
477 1718 621 1800 „indura
645 1723 759 1801 ὑμεῖς”.

138 1826 228 1892 lliad.
255 1835 295 1892 Θ.
319 1824 396 1892 402.

270 1931 388 2010 γυιῶτιο
412 1932 469 2010 μίν
492 1937 592 2013 οΦιοϊν
618 1935 673 2018 ὑφ’
696 1933 833 2017 ῶρμαοιν
858 1934 955 2006 ῶκέας
979 1935 1101 2008 ϊττους.

95 2039 255 2116 ε’γκλιτιιιὶι
289 2044 338 2104 νῦν
362 2041 424 2109 ε’ςιν
449 2043 466 2115 ἦ
492 2041 680 2117 οϊντοονυμία.
705 2042 749 2107 τοϊ
772 2043 803 2107 δὲ
827 2041 918 2122 τρίτα
942 2040 1030 2108 θυϊκοϊ
1055 2042 1091 2107 τί
1113 2065 1148 2108 τι
1177 2045 1284 2123 σφωε
1378 2035 1379 2038 “

95 2146 143 2208 καί
168 2149 289 2226 οΦιοϊν
312 2145 476 2222 ἕγκλιτικοί
502 2147 574 2215 ε’ςιν.
600 2142 651 2211 ϊτε
674 2145 778 2226 μέντοι
803 2147 939 2228 δευτέρου
963 2147 1085 2226 γίνεται
1107 2149 1141 2214 τθ
1165 2151 1285 2233 σφῶϊν

94 2254 341 2332 τροτεριοοτῶται
364 2254 472 2332 (utin
495 2273 542 2318 vs.
569 2252 671 2340 416.).
709 2253 799 2320 Iliad.
825 2263 866 2320 Ψ.
894 2249 972 2320 281.

320 2353 339 2422 θ’
366 2361 498 2440 οΦοοϊν
524 2358 617 2437 μοίλα
642 2360 796 2433 τολλοϊκις
822 2359 912 2440 ὑγρὸν
937 2357 1038 2426 ἔλαιον

319 2464 463 2545 χαιτοθον
487 2467 670 2548 κατέχευεν.

134 2569 303 2636 Scholion:
336 2570 517 2647 ε’γκλιτικῶς
547 2573 603 2645 τθιν
628 2580 765 2637 ΕΦΩΙΝ
790 2574 983 2650 οϊντιονυμίαν
1009 2571 1214 2650 οὶναγνοιςίον.
1239 2571 1284 2642 ἔτι

93 2675 152 2754 γὰρ
176 2676 283 2755 τρίτου
308 2677 475 2755 τροοῶτου.
523 2677 615 2744 Iliad.
641 2688 681 2745 A.
709 2676 785 2745 767.

251 2784 319 2848 νῶϊ
350 2781 382 2848 δέ
405 2783 435 2847 τ’
461 2780 541 2848 ἔνθου
564 2781 661 2858 ἐθντες
687 2785 748 2862 ἐγὼ
772 2785 825 2850 καί
851 2785 911 2856 δῖος
935 2784 1117 2860 Ὀδυσσεύς.

94 2889 110 2962 ἧ
145 2888 243 2963 θιτλῆ
282 2884 328 2952 θ’τι
363 2889 456 2970 χωρὶς
487 2894 541 2954 τοῦ
571 2898 602 2954 Ν
634 2893 804 2971 Ὁμηρικῶς
831 2893 918 2970 ἡμεῖς
943 2889 960 2966 ἢ
986 2893 1079 2969 ἡμᾶς.
1128 2890 1218 2958 Iliad.
1244 2901 1285 2956 Ψ.

94 2993 169 3060 411.

503 3103 536 3168 οὐ
569 3107 698 3184 σφῶϊν
728 3103 847 3181 κομιθιί.

92 3211 107 3282 ἡ
140 3209 240 3282 διπλῆ
275 3207 347 3286 τρθς
377 3206 412 3272 τθ
443 3212 568 3289 σφῶϊ,
598 3207 644 3274 ὅτι
675 3210 736 3288 οὐχ
767 3209 871 3284 ὑμῖν.
918 3209 1058 3294 Apparet
1082 3228 1196 3274 verum
1219 3229 1286 3274 oasa

90 3314 160 3391 πρὸς
196 3313 235 3379 τὸ
268 3307 408 3392 σφῶϊν.
457 3314 660 3380 Aristarchus
688 3317 790 3402 igitur
819 3335 859 3380 ex
888 3313 946 3382 illa
980 3315 1198 3381 observatione
1228 3315 1287 3381 hoa

92 3418 233 3486 Homeri
256 3419 342 3485 locon
365 3419 557 3486 emendavit.
581 3430 620 3486 Α.
647 3418 723 3486 336.

529 3549 543 3589 ο
576 3549 595 3589 ο
642 3551 680 3592 or
714 3549 738 3590 τ
756 3550 819 3591 οιει.

89 3637 155 3698 orat
188 3630 327 3718 vulgata
357 3629 442 3716 apud
466 3530 664 3700 Zenodotim
695 3549 839 3714 οῶῶϊνε
870 3637 960 3698 τοῦτο
985 3631 1015 3698 δὲ
1040 3632 1182 3711 σημαίνει
1206 3633 1288 3712 ὑμῶν

89 3739 105 3810 ἦ
129 3739 227 3815 ὑμῖν,
252 3732 290 3799 ῶν
313 3737 395 3802 οὐδὲν
420 3735 546 3819 οϊρμθζει
571 3740 613 3819 τῷ
637 3738 739 3819 λθγιρ,
766 3738 854 3804 ιἰλλοϊ
878 3739 914 3804 τθ
939 3739 1034 3816 ὑμῶς.

132 3842 231 3909 Iliad.
257 3851 295 3905 Θ.
322 3839 398 3910 376.

840 3949 922 4033 θφρα
946 3948 1062 4030 ϊδιομαι

323 4052 340 4127 ἢ
371 4058 436 4120 νῶϊ
466 4053 615 4135 Πριοίμοιο
641 4054 720 4131 τοίϊς
747 4059 936 4140 κορυθαίολος
957 4058 1078 4139 Ἕκτορ

322 4163 448 4237 γηθήσει
473 4147 673 4242 προφανέντε.

88 4266 250 4332 edebatur
272 4265 356 4350 apud
378 4265 575 4333 Zenodotum
604 4271 698 4334 νῶϊν·
726 4275 815 4335 τοῦτο
839 4269 870 4334 δὲ
893 4271 1013 4336 τίθεται
1036 4269 1108 4336 οϊντί
1131 4276 1185 4338 τοῦ
1205 4273 1289 4347 ἡμῶν

89 4372 105 4447 ἢ
133 4374 223 4450 ἡμῖν.
251 4407 291 4420 -
318 4373 356 4436 τὸ
381 4375 455 4452 γθιρ
479 4377 541 4437 νῶϊ
563 4372 624 4441 ῶτιν
649 4374 666 4449 ἦ
692 4375 780 4452 ἡμεῖς
806 4376 822 4452 ἢ
848 4378 942 4453 ἡμᾶς.
976 4375 1069 4440 Iliad.
1094 4385 1133 4439 Θ.
1157 4374 1235 4440 428.
