3052 4970
583 219 785 326 ‘aaa'

148 443 215 513 Iam
239 447 329 515 vides
350 468 460 517 veram
483 447 653 515 lectionem
676 443 757 514 hanc
780 465 865 514 esse:
898 447 982 530 εἴπερ
1006 451 1068 530 γὰρ
1082 487 1101 498 -
1115 457 1227 538 φῇσιν,
1252 448 1286 516 id

109 555 226 620 111111
250 561 309 636 φῇ.
331 553 425 638 plane
448 557 486 618 ut
508 553 600 619 Iliad.
625 565 664 619 A.
690 552 745 619 81.

236 660 320 740 εἴπερ
342 658 404 738 γοέρ
427 683 462 722 τε
486 659 581 740 χόλον
603 683 643 737 γε
667 660 719 724 καὶ
743 662 891 738 αὐτῆμαρ
913 662 1122 744 καταπέψΗΙ.

106 765 203 830 idest
226 768 279 830 ἐὰν
302 765 491 849 καταπέψῃ,
516 771 548 830 11
571 766 648 831 alibi
671 767 805 850 saepius.
853 763 1047 832 simillimus
1071 777 1179 837 autem
1192 774 1286 842 locus

107 876 204 936 estin
227 872 341 959 Odyss.
366 895 399 936 α.
425 871 501 936 168.

485 977 569 1054 εἴπερ
592 1001 638 1049 τις
664 977 840 1056 ἐπιχθονίων
865 977 1022 1057 ἀνθρώπων

367 1089 461 1165 φῇσιν
486 1082 673 1147 ἐλεύσεσθαι.

105 1189 157 1252 ubi
177 1189 254 1254 libri
279 1209 403 1266 omnes,
426 1191 520 1252 utin
543 1193 648 1252 nostro
672 1187 759 1264 loco,
784 1189 878 1267 φήσει
903 1209 959 1272 pro
984 1193 1079 1271 φῇσιν
1102 1194 1261 1262 exhibent.

145 1293 234 1359 Idem
256 1294 410 1358 mendum
434 1291 493 1358 Od.
518 1314 551 1358 νν.
576 1292 654 1357 282.
679 1295 797 1358 exemit
818 1291 994 1358 Bcklrerus.
1043 1295 1259 1385 Vulgabatur:

258 1401 376 1464 ὁππότε
399 1424 450 1464 κεν
474 1399 665 1478 πολύβουλος
691 1401 730 1462 ε’ν1
755 1401 845 1480 φρεσὶ
871 1401 968 1474 tarel
993 1403 1114 1478 Ἀθήνη.

103 1507 217 1590 optime
241 1507 590 1587 1111111111111111111
614 1511 646 1570 et
669 1505 891 1569 Aristarchum
914 1505 953 1569 ad
979 1516 1017 1570 0.
1042 1506 1116 1573 359.

349 1611 461 1676 ὁπότ’
486 1612 559 1690 ἀνὴρ
582 1610 696 1682 οέένεος
719 1613 897 1689 πενρώμενος
923 1606 997 1688 ᾗσι.

628 1919 756 1984 XLVII.

572 2135 819 2194 neXMeNOC.

140 2338 292 2406 Habebat
320 2338 398 2402 olim
430 2340 563 2404 verbum
595 2338 728 2418 δέχομαι
759 2340 792 2400 in
822 2337 935 2423 lingua
959 2337 1057 2421 Ilpica
1079 2343 1285 2426 participium

97 2466 150 2528 per
180 2464 343 2530 syncopen
371 2449 567 2509 contractum
601 2446 765 2529 (quoniam
796 2444 933 2507 formam
957 2443 1119 2522 δεχόμενος
1143 2452 1285 2513 metrum

96 2571 157 2614 non
188 2549 392 2630 admittebat)
421 2554 455 2614 in
487 2549 654 2630 δέχμενος,
688 2569 762 2614 cum
792 2551 976 2633 compositis
1009 2552 1228 2630 ποτιδέγμενος
1254 2561 1285 2620 11

98 2655 324 2739 ὑποδέγμενος,
349 2677 429 2740 quae
445 2658 553 2720 omnia
563 2654 733 2738 praesectis
751 2657 903 2738 temporis
922 2675 987 2718 csse
1004 2655 1182 2740 complures
1202 2662 1286 2745 apud

96 2759 277 2827 Homerum
307 2760 370 2826 loci
400 2763 569 2826 manifesto
602 2759 770 2825 declarant.
819 2760 933 2825 Nescio
965 2781 1026 2844 quo
1050 2762 1215 2827 doctorum
1239 2787 1286 2830 er·

95 2888 162 2932 rore
193 2867 316 2931 formae
346 2865 421 2931 11111
451 2869 613 2951 perierunt
634 2864 816 2952 legiturque
839 2865 933 2928 hodie
957 2864 1120 2945 δέγμενος,
1145 2869 1287 2948 κοννδέγ-

95 2997 200 3050 μενος,
228 2970 432 3048 ὑποδέγμενος
457 2975 491 3036 in
513 2973 622 3036 1111111
645 2976 769 3056 praeter
789 2975 900 3055 podtac
923 2975 1122 3037 sententiam.
1171 2973 1286 3060 Super-

95 3085 168 3144 sunt
191 3083 302 3142 tamen
325 3080 464 3164 vestigia
487 3079 640 3161 quaedam
666 3082 698 3141 11
720 3077 840 3141 indicia
859 3078 944 3152 veri,
966 3079 1081 3161 quibus
1098 3082 1168 3162 quis
1186 3083 1285 3146 scien-

94 3188 141 3247 ter
163 3203 245 3248 usns
270 3182 406 3248 Homeri
424 3183 508 3248 locos
527 3186 675 3248 restituat
692 3185 726 3246 in
745 3185 919 3268 integrum.
944 3182 1123 3248 Producam
1143 3189 1285 3269 primum

93 3294 212 3354 testem
245 3309 284 3353 ex
313 3289 508 3376 Etymologo
537 3298 584 3353 M.
609 3310 640 3373 p.
667 3287 742 3352 151.
778 3286 830 3351 39.
856 3309 952 3372 quem
976 3287 1196 3353 Herodianum
1219 3313 1286 3358 esse

92 3394 201 3458 multa
235 3395 369 3460 suadent
403 3400 440 3459 ut
470 3395 605 3460 credam.
653 3391 917 3473 Ἀρχόμενος,
951 3397 1074 3478 inquit,
1111 3396 1164 3458 καὶ
1199 3399 1285 3461 κατὰ

93 3502 256 3580 obpacata
296 3499 513 3581 ἄρχμενος.
548 3539 590 3549 -
623 3500 765 3572 ἕνεςῶτός
802 3502 876 3564 ricc
908 3502 942 3564 αἱ
973 3506 1115 3565 τοιαῦται
1146 3504 1283 3583 μετοχαὶ

93 3607 256 3685 ονγκοπὴν
293 3609 443 3673 παθοῦσαν
480 3607 647 3686 λεγόμενος
685 3606 902 3684 λέγμενος,
944 3604 1080 3685 ἐρόμενος
1109 3605 1284 3686 ὄρμενος,

92 3713 263 3795 δεχόμενος
295 3712 500 3794 δέχμενος.
553 3713 718 3778 1111111111
748 3714 971 3776 testimonium
1003 3717 1060 3776 est.
1109 3715 1285 3792 ’Άρχμενος

91 3817 196 3884 semel
229 3822 260 3882 et
289 3821 408 3885 iterum
438 3820 559 3907 legitur
588 3823 623 3883 in
654 3814 845 3883 Callimachi
878 3817 1075 3903 fragmentis.
1124 3818 1285 3896 Λέγμενος

91 3925 179 4009 apud
211 3922 391 3990 Homerum
420 3947 483 3991 non
511 3927 667 4010 reperitur
695 3924 750 3988 sed
773 3922 1011 4000 καταλέγμενος
1036 3920 1149 4007 Odyss.
1174 3942 1206 3990 λ.
1232 3925 1285 3993 62.

90 4029 120 4092 ἐν
145 4028 279 4111 μεγοὶρῳ
303 4031 558 4110 καταλέγμενος,
584 4036 616 4096 11
638 4054 675 4110 χ.
702 4027 777 4094 196.
803 4031 872 4109 εὐνῇ
899 4026 937 4092 tar
964 4038 1098 4109 μαλακῇ
1123 4031 1299 4109 navarat:

90 4159 202 4212 μενος,
235 4156 314 4220 quae
344 4140 412 4203 sine
447 4138 659 4202 controversia
691 4141 765 4200 sunt
796 4136 965 4219 participia
996 4134 1102 4197 coristi
1133 4135 1288 4217 ἐλέγμην,

91 4243 206 4318 λέκτο,
233 4239 322 4318 λέξο,
345 4241 475 4321 statae,
500 4247 538 4307 ut
560 4244 727 4325 utriusque
750 4241 813 4306 loci
837 4242 993 4305 sententia
1016 4240 1138 4325 liquido
1162 4243 1290 4309 damon-

90 4353 185 4418 strat.
234 4347 296 4414 Sed
318 4348 438 4430 ὄρμενος
466 4351 555 4434 (quia
580 4353 720 4412 metrum
744 4347 880 4426 ὀρόμενος
904 4348 1038 4431 respuit)
1061 4347 1146 4432 apud
1168 4346 1288 4417 Home·
