3034 4970
407 1303 487 1392 AD
530 1301 924 1394 STRABONEM.

548 1661 781 1703 arm*-

599 1971 668 2019 σιν.
692 1953 736 2019 ΙΙ.

131 2159 202 2249 Peg.
225 2161 300 2227 239.
325 2160 452 2227 Susino
476 2160 615 2225 scribens
637 2162 676 2227 de
698 2162 782 2226 Fauo
796 2160 933 2246 faya'tiaa'
956 2162 1040 2246 apud
1062 2164 1204 2228 Ariciam
1228 2164 1262 2228 in

95 2287 203 2333 nemore
231 2267 350 2334 Dianae
379 2265 570 2348 βορβορικόν
601 2292 630 2332 τι
662 2275 772 2348 κροτεῖ
794 2267 923 2353 (inquit)
949 2267 1000 2332 aa}
1026 2269 1170 2335 Σκυθικὸν
1194 2269 1260 2351 περὶ

95 2371 123 2434 τὸ
149 2373 216 2452 ἱερὸν
239 2372 310 2446 ἔθος.
337 2373 505 2440 κοιθίςοοτοιι
529 2373 592 2452 γὰρ
616 2374 709 2454 ἱερεὺς
732 2375 745 2438 ὅ
769 2373 905 2451 γεννθεὶς
930 2372 1077 2455 αὐτόχειρ
1102 2381 1154 2441 τοῦ
1179 2376 1262 2455 ispa-

95 2477 170 2551 μένον
198 2480 336 2558 πρότερον
366 2479 518 2558 δρσιπὲτνρς
550 2481 641 2560 auia·
675 2477 803 2556 ξιφήρης
836 2473 884 2544 οὖν
917 2480 979 2548 ε’ςδν
1003 2480 1051 2546 ἀεὶ
1076 2486 1262 2559 περισκοπῶν

93 2583 141 2656 τοὶς
170 2585 311 2658 ἐπιθέσεις
342 2583 461 2662 ἕτοιμος
489 2586 671 2662 ἀμύνεσθαι.
721 2586 898 2670 Adseripsit
932 2585 1196 2653 Hemsterhusius
1229 2590 1263 2651 in

93 2707 136 2753 ura
162 2695 208 2762 sui
235 2691 329 2756 libri:
365 2691 530 2774 „Effreyias
560 2692 640 2755 aava
670 2692 842 2755 Pausaniae
865 2690 906 2756 II.
930 2713 1004 2780 pag.
1033 2691 1106 2760 173.
1133 2692 1186 2758 31.
1211 2694 1264 2779 qui

94 2795 208 2860 Clauaia'
237 2798 424 2880 diliqeatiara
457 2797 594 2884 effayitJ’
642 2796 791 2872 Sednon
815 2794 1011 2883 Oasauboni,
1036 2801 1148 2883 quiin
1171 2819 1265 2864 anno·
1302 2797 1305 2804 ’

91 2904 194 2968 tatione
224 2903 263 2969 ad
293 2903 325 2968 h.
349 2902 372 2967 1.
396 2903 572 2968 Pausaniae
595 2906 777 2969 testimonio
801 2906 914 2968 utitur.
960 2902 1135 2969 Pausaniae
1168 2904 1265 2970 verba

90 3006 154 3073 haee
176 3017 266 3074 sunt:
298 3010 480 3081 Ἱππόλυτος
504 3008 629 3089 ἔρχετσοι
655 3010 740 3090 ποοροδ
764 3011 833 3081 τοὺς
858 3011 999 3090 ’Λρικιεῒς
1024 3011 1076 3075 aab
1103 3049 1143 3058 -
1171 3011 1263 3083 ἀνῆκε

89 3122 120 3194 τῇ
140 3114 292 3194 Ἀρτέμιδι
313 3114 458 3192 τέμενος,
481 3114 549 3179 ἔνθα
570 3117 645 3196 ἄχρι
667 3117 739 3193 ἐμοῦ
756 3114 954 3196 μονομαχίας
974 3111 1065 3181 assa
1080 3114 1113 3192 ἦν
1127 3114 1264 3194 ispanias

88 3228 119 3300 τῇ
152 3223 202 3302 θεῷ
238 3228 331 3286 TON
361 3229 577 3286 ΝΙΚΩΝΤΑ.
609 3222 623 3285 ὅ
658 3222 688 3286 δὲ
719 3223 805 3300 ἀγὼν
838 3219 994 3299 ἐλευθέρων
1025 3223 1082 3300 μὲν
1112 3220 1266 3302 προέκειτο

87 3325 189 3406 οὐδενὶ,
214 3325 350 3398 οἰκέταις
374 3326 405 3391 δὲ
428 3328 578 3406 οὶποδρὸισι
602 3328 671 3400 τοὺς
696 3327 860 3395 δεσπόταις.
907 3325 1015 3393 Multo
1038 3327 1141 3414 igitur
1160 3329 1266 3390 minus

88 3435 166 3498 atrox
195 3453 246 3498 res
277 3436 325 3496 est
356 3452 453 3517 quam
476 3430 626 3498 Straboni
649 3433 786 3500 videtur.
832 3434 905 3499 Nou
928 3434 1013 3498 enim
1036 3433 1066 3496 is
1089 3433 1145 3517 qui
1167 3452 1267 3496 saeer-

87 3536 180 3604 detem
210 3561 248 3604 ea
277 3537 401 3601 insidiis
422 3539 624 3603 abtraaaaraet
647 3541 681 3603 in
703 3538 792 3605 illius
810 3538 919 3605 laeum
938 3538 1209 3614 substituebatur,
1230 3541 1268 3601 ut

88 3642 135 3708 ille
164 3665 290 3730 semper
322 3646 435 3709 anxius
462 3649 495 3709 et
519 3644 626 3732 gladio
650 3650 793 3711 armatus
814 3649 1012 3732 praesentem
1035 3649 1158 3729 pestem
1181 3663 1270 3708 eave·

88 3755 144 3825 ret,
174 3749 230 3815 sed
259 3755 367 3815 vetera
398 3752 541 3816 antist'te
570 3757 698 3816 mortuo
729 3753 957 3817 instituebatur
987 3751 1087 3815 servis
1120 3749 1271 3836 fugitivis

89 3859 257 3940 certamen,
277 3857 311 3920 in
331 3876 393 3940 quo
412 3857 468 3940 qui
485 3858 614 3922 vicisset
633 3857 660 3941 (ὃ
681 3855 777 3943 νικῶν)
796 3861 948 3924 victoriae
959 3859 1138 3942 praemium
1150 3850 1269 3940 (ἆθλον)

86 3958 196 4028 Dianae
231 3960 444 4026 sacerdotium
476 3961 646 4029 auferebat.
687 3961 771 4038 Erat
801 3965 899 4029 etiam
932 3966 965 4028 in
993 3960 1128 4026 Umbria
1156 3961 1272 4025 Faaaa

78 4065 213 4149 fayitiaa‘.
237 4066 304 4134 vid.
328 4064 487 4133 Mannert.
514 4067 618 4150 θοορν.
643 4069 747 4154 Aulia.
771 4067 829 4134 IX.
857 4069 886 4134 1.
911 4091 985 4157 pag.
1012 4066 1089 4134 478.

123 4277 203 4367 Peg.
234 4274 313 4342 296.
345 4275 405 4342 δεῖν
437 4275 468 4341 δὲ
500 4277 530 4340 ἔν
553 4278 595 4360 τῷ
620 4275 738 4360 δεκοὶτιρ
763 4277 962 4358 ἘΓνροὶΦειν
986 4277 1055 4343 aar>
1079 4281 1133 4343 τοῦ
1157 4279 1272 4340 Μυσῶν

86 4387 111 4446 τ’
145 4382 362 4466 ἀγχεμάχων.
421 4381 584 4450 Lacunam
619 4386 664 4450 sie
698 4384 928 4470 suppleverim:
965 4383 1034 4449 σἰντὶ
1070 4387 1123 4450 τοῦ
1159 4384 1273 4446 Μυσῶν
