3034 4968
825 239 869 308 84

242 434 344 501 tatem
364 434 558 500 renunciare.
595 431 658 498 Sed
681 453 877 520 quamquam
899 433 996 498 verba
1019 438 1168 522 corrupta
1186 433 1262 497 sunt
1280 433 1418 497 sententia

242 546 351 605 tamen
377 539 470 606 facile
502 544 649 624 apparet,
686 561 784 626 quarn
806 540 930 626 primus
953 542 1114 625 perspexit
1136 538 1317 603 Dobraeus:
1342 535 1418 615 „otim

242 647 357 711 οονοαοθ
375 643 518 734 (inquit),
538 644 634 726 Φασὶν
656 647 687 710 οὐ
708 649 808 721 eattae
826 643 916 709 οὶιιλοὶ
931 681 971 692 -
984 645 1079 709 deleto
1090 640 1231 708 aetoli0.'’
1255 644 1419 710 Assentitur

242 751 423 818 Dindorfius
452 771 553 836 neque
585 771 645 838 ego
675 751 844 828 dissentio,
875 751 937 814 nisi
969 750 1052 835 quod
1086 749 1259 817 articulum
1291 750 1420 817 additum

241 864 383 945 oportere
418 859 562 923 arbitror.
615 856 748 923 Dixerat
777 855 907 922 Orator:
947 857 1008 922 δεῖν
1045 867 1131 923 Tac
1164 861 1264 933 σύλας
1297 857 1421 920 καθελεῖν

242 964 352 1038 αὐτοὺς
376 963 436 1036 τὰς
460 964 532 1042 πρὸς
558 964 725 1041 Θηβαίους.
773 963 884 1048 Itaque
906 965 1014 1051 pergit
1028 964 1157 1029 dioere:
1183 963 1210 1027 οἱ
1231 961 1264 1026 δέ
1288 968 1378 1043 φασιν
1395 957 1421 1022 οθ

242 1081 329 1137 Tac
352 1072 453 1147 ςήλαε
476 1069 565 1134 sitiat
588 1078 649 1134 ΤΟ
674 1068 828 1153 συμφέρον
849 1065 925 1134 εἶναι
950 1072 985 1136 πθ
1010 1074 1110 1135 ποιοῶν
1134 1071 1189 1146 σὺν
1213 1069 1334 1152 φιλθαν.

289 1284 369 1372 Pag.
391 1281 467 1348 209.
494 1281 546 1348 19.
572 1283 597 1348 si
622 1283 666 1361 μὶν
692 1283 880 1360 ἐθελήσουσιν
901 1279 992 1361 ἄγειν
1015 1282 1129 1363 εἰρήνην
1153 1282 1178 1346 οἱ
1200 1275 1421 1357 Λακεδαιμόνιοι

244 1392 328 1466 δῆλον
360 1389 455 1464 δήπου
483 1392 578 1455 πῶσιν
607 1386 727 1455 ἔσονται
758 1392 819 1470 οὐχ
848 1385 897 1454 ἵνα
923 1387 1058 1453 Θεσπιαὶ
1083 1386 1295 1453 κατοικισθῶσι
1320 1381 1420 1470 [μόνον]

245 1497 415 1576 ποιούμενοι
438 1496 492 1571 τὴν
516 1496 665 1574 σπονδὴν,
687 1495 763 1562 ἀλλ’
787 1487 835 1561 ἵνα
860 1497 914 1560 ποῶ
936 1492 1072 1574 πολέμου
1085 1490 1297 1574 περιεςνκθπος
1314 1488 1423 1570 Θνβαθ·

246 1613 317 1670 010
348 1603 402 1678 rte
432 1599 660 1679 Πελοπθννκσον
691 1603 746 1683 ὑφ’
780 1601 899 1673 ἑαυτοῖς
923 1602 1120 1676 ποιήσωνται.
1168 1599 1327 1666 Additum
1349 1594 1423 1676 μθνον

244 1712 435 1777 sententiam
458 1709 521 1776 loei
543 1708 636 1795 plane
658 1710 829 1795 pervertit:
856 1728 893 1773 eo
913 1713 1070 1791 praetenta
1097 1704 1341 1772 Lacedaemonii
1367 1706 1423 1767 ute

243 1819 373 1884 bantur:
411 1815 564 1902 Thespias
598 1817 770 1881 instaurari
799 1813 846 1879 nil
878 1814 1102 1890 morabantur,
1135 1811 1190 1876 sed
1223 1809 1424 1895 Peloponneso

243 1926 341 2009 potiri
356 1923 536 2008 cupiebant.
560 1921 728 1988 Praeterea
746 1919 985 2008 corrigendum:
1003 1915 1215 1999 representare
1233 1917 1423 1994 elatiore,

243 2051 358 2116 nempe
388 2026 565 2109 πεοιεςθναι
595 2029 663 2093 sive
692 2027 817 2112 proprie
844 2027 912 2091 sive
944 2023 1080 2112 figurate
1110 2021 1270 2111 signifieat
1300 2024 1336 2086 ab
1359 2024 1426 2087 omni

237 2143 327 2220 parte
346 2137 486 2222 cingere,
508 2131 717 2210 circumdare,
730 2152 861 2219 urgere,
882 2132 1053 2196 imminere
1064 2128 1264 2194 οοαοοοθθοανν
1283 2126 1423 2214 postulat.

289 2347 368 2435 Pag.
394 2343 469 2411 210.
497 2344 527 2409 4.
553 2344 607 2410 εὀὶν
631 2344 688 2421 μὲν
712 2342 903 2423 ἀναιρεθῶσιν
917 2379 959 2390 -
973 2341 1027 2407 ἕθεν
1059 2343 1090 2407 δὲ
1114 2341 1244 2407 σωθῶσιν
1265 2345 1379 2417 ”ΑΡΑ,
1400 2339 1427 2402 et

245 2452 395 2518 similiter
418 2455 629 2538 postpauca:
654 2448 693 2514 θιν
717 2449 774 2528 μὲν
798 2449 1096 2528 καταπολεμηθῶσιν
1120 2449 1145 2513 οἱ
1171 2449 1307 2527 Θηβαῖοι
1327 2484 1372 2500 --
1393 2441 1426 2508 θον

244 2559 270 2623 δ’
290 2556 492 2634 ἀνενέγκωσιν
506 2559 623 2631 ”ΑΡΑ,
643 2557 810 2621 etiterum
828 2553 981 2620 θιν”ΛΡΑ
1003 2555 1145 2620 σωθῶσιν,
1167 2575 1279 2640 operae
1298 2553 1427 2641 pretium

244 2667 293 2729 est
326 2661 435 2728 videre
470 2683 567 2747 quam
597 2664 759 2726 notionem
791 2664 973 2746 appositum
1005 2657 1067 2741 ἄρα
1114 2662 1289 2726 sententies
1330 2657 1426 2725 addat.

244 2769 367 2852 Nempe
388 2766 552 2839 adiectum
576 2764 636 2847 θρα
661 2767 781 2833 indicat
804 2788 874 2832 rem
896 2769 1108 2852 perincertam
1131 2771 1163 2832 et
1186 2787 1301 2851 perum
1324 2765 1425 2851 proba

243 2871 344 2939 bilem
368 2892 434 2938 esse
454 2873 570 2951 videri,
597 2877 636 2938 ut
659 2872 712 2938 ε’θιν
737 2874 867 2940 σωθῶσιν
889 2871 950 2954 θρα
969 2870 1142 2960 significet:
1157 2874 1185 2937 si
1204 2871 1288 2939 salvi
1298 2872 1427 2944 fuerint,

244 2979 323 3065 qood
344 3000 393 3059 eqo
407 2978 554 3062 futorum
584 3001 644 3044 ιοοιν
674 2980 804 3044 αιθθθνον
826 2980 889 3044 aive
911 2980 991 3066 quod
1010 3001 1069 3043 ιοοιο
1093 2986 1136 3044 est
1158 2979 1222 3043 οοσθ
1244 2979 1341 3044 sinite
1350 2977 1429 3063 fore.

244 3083 406 3149 Ponamus
429 3105 481 3150 eos
503 3085 607 3152 salvos
625 3086 691 3152 fore
709 3109 880 3173 quamquam
900 3086 936 3150 id
956 3108 1015 3151 νοα
1040 3109 1100 3151 esee
1119 3085 1327 3170 αοοαοθοαοθανα
1349 3087 1429 3168 pato.

243 3190 415 3277 Propterea
438 3190 578 3258 addidit:
611 3191 665 3256 ε’θιν
696 3192 727 3256 δὲ
759 3194 890 3259 σωθῶσιν
917 3189 996 3274 ἄρα,
1021 3193 1059 3264 ῶς
1083 3191 1137 3268 ἤδη
1162 3215 1193 3256 πι
1215 3191 1268 3256 καὶ
1294 3191 1364 3270 παρ’
1387 3188 1430 3251 εἰι·

245 3298 339 3370 πθδας
364 3297 468 3378 ε’ἔθβν.

290 3510 328 3575 In
348 3509 400 3574 his
422 3512 501 3596 ipsis
526 3508 606 3575 latet
632 3508 762 3575 foedum
792 3508 951 3576 emblema
974 3531 1047 3598 pag.
1073 3508 1149 3575 210.
1178 3506 1231 3573 15.
1257 3505 1296 3574 θον
1317 3507 1344 3571 i'
1365 3507 1430 3571 atvs·

245 3614 391 3694 νέγκωσιν
422 3614 469 3694 ἄρ’
494 3616 519 3680 οἱ
551 3615 686 3694 Θηβαῖοι
719 3614 788 3701 [καὶ
825 3616 968 3705 σωθῶσιν]
1005 3618 1080 3682 ἀλλ’
1111 3609 1159 3680 οὖν
1191 3617 1371 3693 νἰσθενέςεοοι
1400 3609 1431 3688 γ’

246 3719 377 3786 ἔσονται.
423 3721 624 3787 Dissentiunt
653 3721 749 3787 libri:
780 3724 815 3787 in
846 3721 869 3788 S
900 3728 949 3788 est
980 3723 1033 3788 καὶ
1066 3723 1214 3799 σωθῶσιν,
1246 3724 1282 3786 in
1309 3718 1432 3786 caeteris

134 3883 136 3886 ,
244 3826 431 3894 melioribus
463 3826 515 3890 καὶ
541 3828 653 3892 σωθῶσι
685 3827 738 3893 καθ
771 3829 815 3907 μὴ
840 3829 984 3894 πέσωσιν.
1033 3828 1149 3894 Omnia
1177 3828 1254 3894 haee
1278 3827 1381 3912 spuria
1403 3825 1432 3886 et

245 3934 386 4000 insiticia
409 3936 493 3997 sunt.
541 3930 625 4011 Quid
648 3939 730 4000 esset
749 3935 950 4014 ἀνενέγκωσιν
972 3937 1006 4000 in
1025 3937 1171 4022 margine
1191 3930 1432 4019 interpretaban-

243 4044 298 4104 tur
336 4042 368 4103 et
399 4038 438 4102 de
472 4056 559 4102 more
592 4037 786 4126 glossemata
820 4043 898 4108 haee
939 4046 974 4107 in
1004 4045 1132 4106 textum
1162 4060 1195 4105 se
1226 4037 1431 4104 insinuarunt.

244 4142 428 4211 Praecedit:
460 4141 513 4206 ε’θον
544 4142 575 4207 δὲ
608 4147 737 4211 σωθῶσιν
768 4146 848 4229 ἄρα,
881 4151 1041 4233 sequitur:
1075 4146 1113 4212 θον
1146 4143 1206 4226 ἄρα
1240 4143 1379 4216 σωθῶσιν,
1403 4145 1433 4203 et

245 4249 415 4319 variandae
438 4249 589 4315 orationis
614 4271 708 4318 eausa
731 4257 907 4332 ἀνενεγκεῖν
934 4252 1102 4341 (emorque)
1126 4251 1238 4318 eodem
1261 4268 1350 4315 sensu
1372 4263 1432 4330 quo

245 4357 373 4430 σωθῆναι
397 4356 541 4441 positum
564 4360 621 4421 est.
657 4357 774 4442 Ecquis
791 4363 901 4446 igitur
920 4362 1002 4427 serio
1026 4358 1127 4424 eredit
1149 4355 1188 4422 θον
1207 4355 1234 4421 δ’
1254 4350 1432 4430 οὶνενθγκωσι
