3096 4972
779 185 844 264 552

213 403 288 472 pag.
318 381 395 449 731.
428 381 478 450 14.
503 383 532 449 ον’
549 384 679 468 ροουαίο
703 383 736 448 ia
759 384 876 450 aerario
897 406 957 450 νιοον
981 384 1039 475 crc't
1064 381 1196 471 (inquit)
1221 377 1256 448 οὔ
1281 376 1405 462 σιίνιριεν

215 487 268 553 καὶ
300 489 549 575 βουλευσόμεθα,
580 489 633 555 εὀίν
663 489 786 573 aldim
806 529 848 540 --
873 493 910 556 οὐ
944 480 1091 556 teudosi
1122 491 1171 555 ccl
1202 491 1408 569 δικαςιίρια

215 595 258 660 τοί
282 620 317 660 τε
339 595 404 662 ἴδια
427 596 479 662 nal
504 597 546 661 ccl
570 595 719 675 δημόσιος
740 635 781 644 -
799 598 851 661 οὐκ
876 596 998 662 εἴσεισιν
1023 599 1039 672 ἡ
1063 596 1161 674 βουλὴ
1187 596 1240 662 καὶ
1266 595 1406 670 διοικήσει

216 700 258 766 τοὶ
289 702 324 767 ἐκ
348 709 406 768 τῶν
431 704 546 783 κάτοινοι
572 706 746 769 etiterum
769 725 843 791 pag.
871 699 946 769 731.
971 701 1025 767 20.
1050 702 1139 768 οίλλοὶ
1164 705 1197 779 νὴ
1223 701 1275 768 Δί’
1299 700 1406 780 οίμισίὶ

215 813 320 873 ταῦτα
352 809 515 888 ποιήσομεν
523 829 532 889 ;
557 808 609 874 καί
634 815 697 882 πῶς
723 811 755 874 οὐ
779 807 870 874 δεινὸν
894 810 918 873 εί
938 846 979 858 -
998 805 1125 885 ἄμισθος
1151 809 1164 873 ὂ
1190 808 1285 887 δῆμος
1312 806 1364 872 καὶ
1390 809 1408 882 ἡ

215 913 314 992 βουλὴ
335 914 386 979 κα1
411 916 458 980 τὰ
483 915 683 994 δικατνίρια
704 912 771 984 ἔται
779 936 788 995 ;
814 915 851 980 In
871 914 1018 981 omnibus
1037 916 1203 1002 coniungit
1222 935 1263 979 ex
1282 916 1353 1000 ipsa
1363 916 1411 978 rei

214 1023 328 1086 natura
359 1020 410 1087 τίν
442 1046 478 1086 σε
508 1021 742 1096 ἔκκλιρσιαςικὸν
773 1023 879 1099 μισθὸν
903 1021 955 1086 καὶ
981 1019 1033 1084 τὸν
1057 1020 1256 1098 βουλευτικὸν
1279 1021 1332 1085 καί
1357 1019 1410 1085 τὸν

217 1125 392 1212 ἧλιοιτιιιίν,
413 1132 445 1193 et
463 1147 526 1193 non
544 1131 667 1213 poterat
687 1129 816 1192 omnino
837 1127 850 1191 ὂ
869 1127 1026 1204 ιὶλιαςικὸς
1045 1125 1151 1205 μισίός
1171 1127 1299 1209 omitti,
1313 1145 1411 1210 quem

215 1253 317 1297 unum
334 1234 478 1298 omnium
492 1235 721 1320 gravissimum
739 1232 837 1298 fuisse
852 1234 1055 1319 perspicuum
1072 1237 1136 1318 eet,
1149 1231 1411 1318 quandoquidem

215 1337 441 1422 Aristophanae
464 1340 498 1402 in
527 1338 629 1422 Vccoia
651 1339 690 1404 de
712 1337 857 1404 iudicum
881 1339 1026 1404 mercede
1047 1359 1151 1403 annua
1170 1339 1249 1403 dicit
1267 1359 1316 1404 vs.
1330 1335 1409 1402 663.

305 1442 452 1520 γίγνεται
478 1444 549 1521 ὑμῖν
573 1444 681 1508 ἑκατὸν
704 1445 799 1520 δήπου
824 1446 877 1508 καὶ
902 1447 1093 1520 πεντήκοντα
1117 1442 1275 1509 τοίλαντα.

214 1553 253 1612 ut
284 1569 338 1614 eax
366 1549 511 1614 iudicum
542 1549 646 1614 millia
676 1571 733 1635 per
764 1550 831 1615 dieo
862 1554 1018 1616 trecentos
1041 1571 1080 1616 ex
1104 1552 1224 1616 aerario
1249 1550 1410 1634 accipiant

214 1655 377 1733 τριώβολον
409 1663 464 1730 τῆς
497 1654 623 1736 ἡμέρας.
671 1655 783 1742 Itaque
812 1658 896 1742 apud
920 1656 1167 1723 Demosthenem
1191 1655 1410 1743 supplendum

214 1765 280 1826 est:
305 1760 347 1825 τοὶ
372 1761 434 1842 γαρ
457 1761 500 1835 εἷς
525 1760 584 1834 τοὶς
608 1762 775 1839 ἐκκλησίας
800 1763 864 1850 (καὶ
887 1764 929 1828 τοὶ
949 1763 1123 1851 δικαςνίρια)
1146 1762 1198 1827 κα1
1220 1764 1279 1834 τοὶς
1301 1759 1409 1835 θυσίας

216 1867 268 1932 καὶ
293 1867 349 1942 τὴν
371 1868 487 1945 βουλήν
512 1868 576 1932 κτὲ.

260 1972 297 2037 In
328 1971 389 2040 fine
418 1972 481 2039 loci
510 1974 780 2056 οτροΟευτορεῖσίαι
810 1974 1001 2041 mendosum
1032 1978 1080 2040 eet
1109 1991 1167 2059 pro
1189 1981 1409 2053 ΠΡΟευπορεί·

217 2082 298 2144 σθαι.
346 2078 437 2145 Libri
467 2080 615 2146 demere
639 2081 832 2148 dissentiunt
852 2081 907 2150 sed
929 2084 964 2146 in
987 2079 1107 2146 talibus
1128 2085 1241 2146 'eorum
1265 2081 1409 2145 testimo·

215 2187 269 2250 nia
297 2206 360 2251 non
391 2187 576 2271 accipimus.
623 2185 811 2252 Sohaefeiua
836 2186 1005 2274 vulgatam
1028 2191 1138 2250 tuetur
1161 2188 1235 2269 quia
1258 2207 1306 2251 vs.
1334 2184 1353 2251 5
1378 2191 1409 2252 et

217 2290 270 2355 11.
295 2294 438 2376 sequitur
462 2292 500 2356 de
525 2291 635 2360 eadem
658 2313 692 2357 re
716 2292 1081 2370 ΠΡΟΟιιαταβλήματα.
1118 2291 1175 2356 Bia
1197 2295 1309 2376 peceat
1333 2295 1408 2378 quia

214 2418 264 2462 ree
294 2399 364 2482 ipsa
395 2396 513 2462 clamat
544 2398 819 2479 ΠΡΟευτορεῖσίαι
852 2404 885 2468 et
915 2397 1247 2475 ΠΡΟκαταβλήματα
1270 2419 1408 2463 necessa-

213 2505 299 2567 rium
331 2507 364 2568 et
392 2523 504 2568 verum
529 2523 605 2568 esse.
653 2503 697 2568 Ut
721 2502 928 2585 προεισφέρειν
952 2509 985 2570 et
1009 2503 1194 2585 τροεισφοριί
1220 2504 1340 2569 dicitur
1364 2505 1407 2568 sio

214 2613 247 2674 et
270 2607 546 2691 τροκαταβοίλλειν
572 2614 604 2674 et
626 2609 886 2690 τροκατοίβλιραα
910 2611 948 2675 de
972 2613 1012 2674 iia
1036 2611 1093 2694 qui
1110 2627 1195 2674 Aaou
1215 2627 1296 2675 unm
1314 2610 1408 2674 ιοίοο-

215 2717 286 2780 οοοο
320 2719 353 2781 ο1
387 2718 432 2780 oio
468 2717 580 2782 aerarii
610 2718 752 2802 inopiam
783 2715 1009 2794 sublevabant,
1041 2719 1079 2779 ut
1108 2714 1229 2780 Midiae
1252 2713 1408 2802 gloriatur

214 2843 287 2910 pag.
321 2821 394 2886 564.
430 2820 459 2886 8.
495 2822 584 2901 ἡμεῖς
616 2823 641 2887 οἱ
673 2827 940 2904 λειτουργοῦντες,
975 2823 1063 2898 ἡμεῖς
1089 2823 1114 2886 οἱ
1139 2819 1404 2902 προεισφέροντες,

216 2930 305 3006 ἡμεῖς
336 2929 362 2992 οἱ
393 2927 532 2992 οτλοιίσιοί
563 2928 665 3006 ἐσμέν.
712 2927 849 3013 Liquido
879 2928 913 2993 id
940 2927 1105 3015 colligitur
1128 2947 1167 2991 ex
1189 2928 1269 3013 ipsis
1293 2926 1405 2992 Demo·

215 3033 335 3099 athenis
367 3033 472 3100 verbio
502 3055 576 3120 pag.
611 3031 687 3100 731.
723 3031 752 3096 4.
782 3035 813 3098 οὐ
846 3033 910 3114 γὰρ
942 3031 1032 3098 ὄντων
1065 3035 1174 3098 ἱκανῶν
1207 3039 1266 3096 τῶν
1292 3034 1326 3097 ε’κ
1348 3033 1406 3097 τῶν

213 3145 310 3204 τελῶν
331 3138 503 3220 χρημάτων
517 3131 565 3222 ’τῇ
590 3137 729 3212 διοικήσει
754 3138 797 3203 τὰ
820 3139 1154 3217 ΠΡΟκασαβλιίματα
1174 3176 1215 3186 -
1238 3136 1405 3216 καταβαλ-

211 3259 312 3310 λεται.
336 3248 510 3310 etiterum
534 3266 607 3333 pag.
636 3242 712 3311 731.
740 3244 771 3311 8.
797 3243 870 3310 ὅταν
896 3246 929 3310 αί
953 3245 1009 3322 μὲν
1027 3251 1085 3310 τῶν
1105 3251 1201 3310 τελῶν
1221 3244 1401 3324 καταβολαὶ

213 3353 258 3428 μὴ
282 3351 387 3416 ἱκαναὶ
409 3349 462 3416 ὦσι
485 3361 524 3434 τῇ
550 3351 690 3425 διοικίσει
711 3389 768 3435 -,
793 3351 836 3415 τοὶ
859 3350 890 3415 δὲ
914 3352 1248 3430 ΠΡΟκαταβλιίροατα
1271 3351 1338 3424 τοὺς
1358 3349 1402 3428 μὴ

211 3455 350 3531 τιθέντας
375 3458 419 3535 al
444 3453 575 3539 κυρίαῇ
601 3461 618 3533 ἡ
643 3457 742 3535 βουλὴ
767 3456 845 3536 μηδὲ
869 3457 911 3523 ccl
936 3456 1098 3536 δικαςνίρια
1122 3456 1226 3532 δῆσαι.

257 3666 337 3755 Peg.
376 3663 452 3731 732.
491 3664 543 3732 11.
580 3668 620 3732 ad
650 3665 738 3732 aliud
769 3667 977 3732 accusationis
1007 3669 1102 3750 ceput
1135 3666 1327 3731 transiturus
1356 3665 1401 3727 ita

212 3771 291 3838 dicit
322 3774 355 3838 οὐ
388 3772 485 3838 τοίνυν
514 3771 604 3851 ροίνον
628 3773 671 3837 τοὶ
695 3773 856 3853 δικαςήρια
880 3771 980 3854 ἄκυρα
1004 3779 1087 3837 τοιεῖ
1109 3779 1167 3838 τῶν
1191 3769 1400 3853 προστιμημά-

211 3902 285 3957 τοιν,
323 3863 445 3945 ΑΛΛΑ
480 3888 552 3943 ΚΑΙ
587 3886 650 3948 τοῖς
683 3877 819 3943 ἀδικοῦσι
849 3878 891 3942 τοὶ
924 3878 1015 3944 κοινοὶ·
1041 3878 1157 3944 δίδωσιν
1190 3878 1314 3956 ἄδειαν,
1344 3875 1398 3945 τοὶς

212 3983 285 4065 ὑπὲρ
317 3991 373 4059 τῆς
404 3984 521 4059 πόλεως
554 3984 700 4065 ςρατείας
732 3984 935 4062 λυμαίνεται,
970 3986 1024 4060 τὴν
1056 3983 1200 4058 διοίκησιν
1236 3981 1396 4064 καταλύει,

211 4097 275 4160 τοῖς
299 4087 479 4171 κακούργοις
503 4089 555 4154 καὶ
580 4098 642 4162 τοῖς
667 4091 869 4170 οὶςρατείτοις
892 4080 1063 4167 βοηθοῦντα
1088 4089 1205 4155 τέθεικε
1230 4091 1283 4156 τὸν
1307 4088 1394 4168 νόμον.

212 4193 375 4259 Dobraeue
400 4196 483 4261 vidit
507 4201 539 4261 et
560 4197 923 4281 unusquisquevidebit
947 4198 1003 4282 qui
1025 4196 1110 4261 huno
1133 4194 1244 4261 locum
1269 4195 1392 4282 diligen·

209 4307 258 4366 ter
292 4297 406 4388 legerit
437 4301 534 4366 verba
568 4301 657 4366 ἄλλα
695 4301 750 4366 καί
778 4306 902 4391 praeter
933 4299 1074 4368 Oratoria
1109 4305 1303 4372 sententiam
1336 4315 1392 4368 eote
