3052 4970
654 237 719 310 417

81 437 115 498 ut
147 431 255 498 solent
284 426 407 497 (lomici
438 429 583 496 hilariter
612 436 645 496 et
674 433 777 498 iocose
801 431 906 498 multa
931 434 1123 513 ὑποκοριςικοί
1147 438 1274 503 coniun-

81 559 163 626 gere.
214 536 453 603 Anaxandridea
476 537 632 601 Athenaei
653 558 726 625 pag.
753 535 826 603 105.
852 557 882 604 r.

401 642 452 708 καί
478 640 646 721 συμπαίζει
671 641 853 726 καριδαρίοις

402 748 487 825 μετὰ
511 748 667 829 περκιδίων
691 750 743 815 καὶ
770 749 960 834 θρᾳττιδίων,

403 852 456 917 καὶ
481 855 661 934 ψητταρίοις
683 856 768 933 μετίι
793 855 959 935 κωθαρίων,
1048 885 1051 891 ’

402 957 453 1023 καὶ
478 959 655 1039 σκινδαρίοις
679 962 765 1039 μετα
790 961 948 1040 κωβιδίων.

81 1068 124 1131 sio
148 1063 323 1138 Comicus,
347 1085 440 1150 quem
463 1064 598 1130 Plautus
618 1069 718 1133 vortit
736 1068 883 1152 barbare,
902 1069 1107 1134 coniunxerat
1127 1067 1273 1155 κκρθδια,

82 1171 239 1251 θερμίδια,
265 1170 396 1237 συκίδια.
443 1169 505 1236 Sed
529 1171 607 1236 haee
620 1172 741 1238 'obiten

125 1381 219 1447 Iliad.
244 1390 290 1446 M.
317 1379 393 1449 276.

492 1495 586 1559 νεῖκος
612 1487 846 1566 ἀπωσαμένους.

126 1591 308 1678 Didymus:
330 1591 526 1674 -Ἀρίςοορχος
558 1600 664 1664 νῖκος
697 1592 747 1658 διθι
775 1597 828 1666 τοῦ
854 1603 878 1657 Ι.
902 1598 1003 1671 reete,
1028 1599 1065 1658 ut
1088 1597 1216 1680 opinor,
1243 1601 1276 1662 et

82 1703 248 1784 receptum
269 1700 419 1784 oportuit.
455 1697 564 1763 Etiam
585 1718 669 1763 nunc
688 1699 843 1784 quaedam
864 1700 947 1783 apud
967 1698 1147 1765 Homerum
1167 1705 1276 1766 contra

82 1808 246 1889 receptum
277 1824 398 1869 morem
432 1813 470 1866 ΕΙ
501 1804 620 1869 habent
650 1824 707 1889 pro
739 1814 751 1867 Ι
782 1803 888 1890 longo.
921 1813 967 1869 M.
1000 1803 1074 1869 280.
1100 1804 1272 1886 Νθιφέμεν

81 1932 137 1996 pro
172 1909 311 1991 νιφέμεν.
343 1919 383 1974 Ψ.
417 1907 493 1973 346.
516 1910 653 1988 ’Λρείονα
676 1929 732 1995 pro
756 1910 887 1988 Ἀρίονα.
912 1919 948 1973 Φ.
974 1909 1048 1975 319.
1076 1911 1193 1976 elaios
1216 1932 1273 1997 pro

86 2017 191 2082 Ξλθσω.
239 2016 299 2081 Ad.
333 2014 392 2080 Od.
425 2039 456 2078 α.
489 2013 543 2079 22.
576 2016 724 2086 Αἰθίοπας
756 2015 920 2092 μετεκίαθε
945 2021 1114 2082 annotatur
1135 2019 1168 2081 in
1190 2016 1273 2082 Har-

83 2122 206 2188 leiano:
231 2146 266 2186 το
290 2131 359 2185 ΚΕΙ
385 2121 554 2203 δίφθογγον
579 2120 628 2185 διοὶ
652 2122 686 2185 τὸ
711 2119 828 2201 με’τρον.
864 2121 1051 2206 Perperam‚
1075 2126 1112 2187 ut
1134 2122 1234 2189 videa.

395 2363 565 2426 ‘enMeN
595 2397 611 2409 -
624 2361 768 2428 ‘GOssCl
795 2398 814 2411 -
826 2366 966 2428 ‘GAAN0

126 2543 299 2607 Perierunt
328 2542 362 2603 in
393 2541 479 2625 poesi
512 2538 684 2604 Homerica
715 2541 920 2623 perantiquae
943 2538 1113 2605 nonnullae
1136 2541 1274 2624 formae,

83 2668 161 2731 quas
194 2668 234 2712 ex
264 2645 440 2712 Aristarchi
471 2646 673 2710 annotatione
699 2665 783 2709 nunc
806 2646 922 2710 vitiata
943 2647 978 2708 in
999 2644 1106 2710 lucem
1128 2668 1274 2714 revocare

82 2755 193 2837 possis.

125 2858 222 2924 Iliad.
247 2865 288 2940 N.
315 2855 390 2922 315.

267 2959 298 3027 οἵ
315 2987 369 3040 μιν
393 2960 469 3038 ἄδην
493 2960 560 3027 εἀθ
567 2985 634 3026 ωσι
660 2961 711 3026 καί
740 2960 905 3039 ε’σσιίμενον
929 2961 1082 3040 πολέμοιο.

126 3069 309 3156 Didymus:
333 3072 403 3133 κατ’
428 3067 492 3135 ἔνια
516 3074 574 3132 τῶν
600 3068 828 3144 ὑπομνκμοίτων

445 3172 476 3239 οἵ
492 3199 545 3253 μιν
570 3172 644 3248 ι’ίδκν
668 3176 870 3239 ’GACOTCL

83 3277 101 3344 θ
123 3283 173 3350 ἐςι
199 3279 441 3358 κορέσουσιν.
467 3281 518 3345 καί
543 3280 593 3344 ἐπὶ
618 3284 672 3344 τοῦ
696 3278 894 3352 Ποσειδῶνος·

223 3388 298 3452 αλλ’
323 3383 367 3450 έτι
391 3385 448 3464 μέν
471 3387 525 3466 μίν
546 3392 631 3466 Φκμι
653 3383 727 3459 ἄδην
749 3383 881 3449 ἐλαίαν
906 3384 1084 3460 κακθτκτοε.

83 3496 136 3561 διθι
161 3499 221 3558 τῶν
246 3493 296 3558 δθο
318 3503 347 3557 Α
371 3493 531 3573 παρέκειτο
556 3491 695 3558 ‘GAAN.
720 3501 871 3572 μαρτυρεῖ
891 3493 922 3558 δέ
945 3497 995 3560 τὸ·

359 3595 445 3663 ἄσειν
468 3600 498 3662 ἕν
521 3598 612 3681 Τροίρ
635 3587 758 3677 ταχέας
782 3598 886 3669 κύνας.

81 3706 181 3778 οὕτως
204 3705 398 3785 Ἀρίεαρχοο.

129 3810 348 3897 comparandi
371 3814 445 3875 sunt
465 3811 506 3875 ad
528 3809 715 3875 eliciendam
735 3829 774 3874 ex
793 3809 845 3873 his
863 3807 1043 3874 Aristarchi
1062 3829 1194 3874 manum
1213 3809 1276 3876 duo

81 3921 140 3987 alii
166 3940 205 3984 ex
228 3916 327 3982 Iliade
349 3916 429 3982 loci:
481 3927 483 3931 ’

129 4034 174 4089 Τ.
201 4021 277 4087 402.
303 4022 372 4086 ἕποι’
394 4024 430 4103 χ’
454 4021 548 4099 ἐῶμεν
572 4020 726 4098 πολέμοιο.

128 4129 297 4196 Scholion:
340 4127 502 4192 δασυντέον
545 4127 579 4191 τὸ
615 4129 749 4204 ἐῶμεν.
789 4123 832 4194 ἔτι
869 4126 931 4206 γὰρ
967 4125 1065 4204 θδνν
1098 4125 1273 4212 ἔχωμεν,

81 4237 350 4318 κορεσθῶμεν.
397 4233 580 4322 Hesychius
602 4235 677 4299 hinc
700 4235 816 4297 sumsit
838 4252 951 4298 suum:

364 4343 525 4417 Ἐὥμενε
551 4336 625 4413 ἄδην
649 4335 786 4417 ἔχωμεν,
811 4340 1004 4420 κορεσθῶμεν.

1099 4447 1129 4492 νο
