3034 4968
672 211 732 280 71·

113 403 157 472 18.
188 445 228 454 -
257 404 469 484 φενακισμοὺς
501 401 542 476 οἷς
575 404 788 483 ’ἐπαχθέντες
819 442 859 449 -
886 403 1021 480 προεῖσθε
1054 402 1195 481 Φωκέας,
1228 403 1285 467 ubi

110 513 212 598 reliqui
236 533 346 578 omnes
370 517 497 577 servant
518 532 628 576 veram
650 510 820 574 lectionem
843 507 1066 589 ’Τπαχίέντες.

148 723 225 810 Peg.
254 721 327 787 180.
356 721 408 787 12.
433 723 542 802 νομίζω
566 724 617 786 τὸν
641 723 698 798 μὲν
723 721 858 799 πόλεμον
879 720 1024 800 χαλεπὸν
1047 732 1085 802 τῇ
1107 719 1195 786 πόλει
1205 769 1214 798 ,
1234 723 1286 788 τὸν

110 829 132 893 δ’
162 833 267 906 άῳῶνα
303 830 354 892 τὸν
390 829 424 891 ἐκ
458 831 511 907 τοῦ
543 827 679 904 πολέμου
711 830 808 912 ῥηίδιον
840 827 877 894 άν
908 828 1090 905 συμβάντα.
1139 829 1217 908 Quia
1240 830 1286 893 ita

110 933 263 1020 loquitur?
299 932 377 1014 Quis
410 934 505 1001 verbo
536 933 665 1014 νομίζειν
681 935 879 1018 participium
902 937 947 1000 eie
971 935 1045 1000 addi
1067 954 1156 1019 posse
1181 935 1290 998 existi-

109 1039 187 1106 mat?
219 1039 311 1105 Nihil
341 1045 388 1105 eat
418 1039 579 1124 reliquum
610 1061 706 1124 quam
733 1046 772 1104 ut
794 1041 1002 1106 rescribatur:
1026 1039 1124 1124 ῥηίδιον
1148 1038 1186 1105 a
1208 1063 1285 1116 συμ-

110 1146 240 1222 tanai.
289 1146 377 1211 Haec
407 1148 476 1230 ipsa
507 1149 663 1230 scriptura
693 1150 728 1209 in
755 1143 870 1211 Codice
893 1145 916 1211 S
939 1149 1095 1231 reperitur
1118 1148 1181 1210 nisi
1203 1144 1287 1230 quod

110 1254 202 1317 scriba
233 1253 377 1317 ordinem
398 1253 570 1317 verborum
594 1252 752 1325 turbavit;
776 1252 934 1330 συμβῆναι
960 1252 1058 1336 ῥηίδιον
1081 1250 1118 1315 άν
1144 1252 1231 1316 dedit
1255 1256 1287 1316 et

110 1357 219 1422 oblitus
243 1363 292 1424 eet
314 1380 428 1426 verum
455 1359 598 1424 ordinem
620 1358 764 1442 lincolie,
788 1363 825 1422 ut
848 1358 945 1436 solet,
970 1358 1118 1423 indicare.

147 1569 222 1657 Pag.
244 1567 319 1634 181.
340 1569 393 1634 14.
407 1569 488 1636 οὐδὲν
501 1565 549 1635 οὖν
561 1572 635 1635 άλλ’
648 1571 665 1645 ή
677 1571 903 1653 ῥαψῳδήσουσιν
915 1571 940 1634 ol
954 1567 1098 1649 πρέσβεις
1112 1566 1286 1647 περιϊόντες.

109 1674 171 1738 τίτε
193 1677 244 1752 δὲ,
270 1675 307 1740 av
331 1673 390 1753 άρα
414 1673 435 1740 ά
462 1680 512 1740 νῦν
535 1676 646 1752 οἰόμεθ’
672 1677 760 1752 ήμεῖς
785 1684 1055 1751 ΠΡΑΤΤΗΤΑΙ,
1077 1675 1171 1744 οὐδεὶς
1192 1673 1287 1748 δήπου

110 1787 158 1844 τῶν
183 1780 307 1845 πάντων
336 1779 490 1852 Ἑλλήνων
521 1785 699 1854 τηλικοῦτον
723 1781 775 1861 ἐφ’
799 1781 882 1860 αὐτῷ
908 1786 1013 1860 φρονεῖ
1035 1776 1096 1852 άςις
1123 1780 1191 1858 ὁρῶν
1217 1778 1287 1856 ὑμῖν

108 1890 218 1964 χιλίους
254 1887 311 1964 μὲν
347 1884 481 1960 ἱππέας,
515 1886 648 1958 ὁπλίτας
683 1887 713 1950 δὲ
749 1883 834 1959 ὅσους
869 1884 907 1950 a
939 1883 1025 1966 ε’ίέλη
1054 1908 1117 1961 τις,
1150 1889 1222 1956 ναῦς
1255 1885 1285 1950 δὲ

106 1995 294 2070 τριακοσίας,
326 1994 385 2070 οὐχ
418 1989 481 2065 ήξει
512 1994 564 2056 καί
597 1991 749 2067 δεήσεται.
796 1992 847 2079 Ad
872 1991 1097 2071 ῥαψῳδήσουσιν
1121 1993 1286 2056 annotavit

106 2097 280 2164 Dobraeus:
308 2097 372 2174 „eie
394 2098 554 2174 εἰσήγημα
578 2105 605 2162 et
629 2099 748 2174 ποίημα
769 2121 872 2181 oppon.
894 2097 1017 2160 Iaceret.
1040 2097 1176 2180 apaan
1196 2095 1221 2161 1.
1235 2095 1286 2161 2.”

106 2203 171 2269 Hoc
195 2205 325 2289 quidem
348 2203 493 2267 Atticum
519 2204 668 2284 ῥαψῳδεῖν
688 2204 772 2269 nihil
791 2225 865 2268 cum
886 2205 973 2288 patei
992 2224 1160 2269 commune
1179 2203 1284 2268 habet.

106 2309 266 2374 Fortinum
289 2314 321 2373 et
343 2311 484 2373 iocosum
507 2310 641 2376 verbum
665 2308 841 2397 significat:
864 2310 1061 2396 nequidquam
1084 2311 1199 2392 ίσιιροια
1220 2333 1285 2374 ονο-

106 2417 207 2480 te'ooem
229 2416 336 2478 tabere
360 2420 391 2478 et
413 2417 509 2480 ναυίίο
531 2418 619 2480 verbo
635 2417 764 2499 perdere
785 2416 850 2479 ενίιο
872 2417 935 2478 υίίυ
948 2416 1080 2500 fructa,
1105 2423 1142 2480 ut
1165 2416 1199 2479 in
1219 2435 1286 2480 ora-

106 2525 186 2586 tione
209 2523 278 2584 κατ’
303 2521 540 2599 Ἀριςογείτονος
563 2543 636 2609 pag.
664 2519 739 2588 770.
766 2519 819 2587 10.
844 2517 943 2598 ἔγωγ’
970 2519 1184 2597 ὑπολαμβάνω
1199 2521 1285 2584 -εί

105 2628 158 2702 μέν
189 2629 260 2690 εἰσιν
291 2628 372 2702 ὑμῶν
403 2629 427 2690 οῖ
460 2630 581 2700 πλείους
612 2624 663 2693 οἷοι
696 2628 765 2700 τοὺς
798 2628 938 2706 πονηροὺς
961 2633 1066 2705 φιλεῖν
1094 2625 1159 2713 [καί
1183 2624 1285 2705 σώζειν

105 2732 178 2818 del]
210 2732 312 2810 μάτην
345 2733 596 2813 ἐρραψῳδηκότας
626 2736 710 2809 ήμῖος
737 2732 878 2808 ἔσεσθαι,
904 2733 930 2796 εί
955 2732 979 2796 δ’
1004 2727 1055 2797 οἷοι
1079 2739 1179 2808 μισεῖν
1202 2732 1286 2805 δίκην

105 2843 205 2904 τοῦτον
229 2839 344 2904 δώσειν.

146 2944 182 3008 In
204 2966 269 3031 sqq.
294 2947 424 3012 haerent
446 2946 636 3030 Interpretes
659 2946 694 3008 in
718 2941 906 3023 πράττηται.
941 2943 1119 3009 Dobraeus:
1146 2944 1285 3023 „metim

105 3047 125 3114 ά
160 3057 206 3114 νῦν
242 3050 364 3127 οἰόμεθα
401 3053 509 3127 ἡμεῖς,
547 3049 727 3129 πράττηΤΕ
765 3072 829 3112 eam
863 3049 939 3116 Mea.
972 3048 1158 3128 πράττητΑΙ
1191 3050 1289 3134 inepte

105 3156 269 3221 Reicitur?
315 3156 434 3244 Relege
463 3157 570 3222 locum
600 3158 645 3221 aie
675 3158 848 3240 scriptum:
880 3154 919 3218 άν
950 3153 1009 3233 άρα
1043 3147 1065 3219 ά
1097 3159 1147 3218 νῦν
1176 3156 1286 3233 οἰόμεθ’

107 3263 191 3337 ἡμεῖς
233 3261 413 3342 πράττητε,
457 3268 489 3327 et
522 3261 626 3326 multo
662 3264 761 3327 etiam
795 3264 901 3350 magia
935 3263 1088 3326 haerebis.
1143 3261 1289 3350 Intelligi

104 3374 238 3451 poterat:
275 3367 313 3434 άν
348 3369 409 3447 άρα
434 3407 475 3416 -
502 3376 676 3443 ΓΕΝηται,
712 3368 746 3431 id
781 3373 828 3432 est
864 3367 915 3432 ε’άν
948 3365 1008 3446 άρα
1039 3367 1192 3444 βασιλεὺς
1224 3377 1287 3441 τοῖς

104 3471 248 3549 Ἕλλησιν
283 3475 489 3548 ἐπιβουλεύων
524 3475 655 3555 Φανερὸς
691 3473 837 3549 γίνηται,
874 3474 928 3539 aad
960 3476 1151 3558 quicumque
1182 3479 1289 3540 totum

65 3628 68 3633 .
105 3578 207 3644 locum
242 3580 414 3668 diligenter
450 3580 695 3646 consideraverit
728 3582 842 3644 sentiet
877 3600 914 3645 ea
945 3583 1051 3645 omnia
1084 3578 1121 3643 ῖιν
1154 3578 1213 3659 άρα
1246 3618 1286 3630 -

107 3685 279 3760 πράττηται
315 3689 456 3751 insiticia
490 3707 557 3751 esee
592 3691 623 3750 et
657 3686 835 3750 resecanda.
883 3684 1093 3770 Opponuntur
1122 3689 1206 3751 inter
1238 3706 1288 3752 ee:

107 3799 194 3855 NTN
217 3793 272 3870 μὲν
296 3801 423 3856 καλεῖτε
448 3791 519 3870 πρὸς
546 3793 627 3868 ὑμαῖς
655 3791 766 3862 αὐτοὺς
791 3791 861 3862 τοὺς
883 3792 1061 3867 Ἕλληνας.
1083 3793 1137 3858 aed
1157 3794 1290 3878 perditio

109 3914 247 3979 operam,
278 3919 373 3963 nemo
403 3899 496 3964 uobis
528 3897 736 3982 obtemperat.
780 3905 899 3961 ΤΟΤΕ
934 3897 964 3962 δὲ
998 3898 1091 3968 οὐδεὶς
1114 3898 1209 3973 δήπου
1233 3907 1291 3963 τῶν

110 4001 227 4068 πάντων
250 4005 405 4077 Ἑλλήνων
428 4005 491 4068 κτὲ.
517 4003 571 4068 sed
591 4024 692 4087 quum
711 4001 789 4066 haec
807 4001 950 4090 longiore
966 4002 1135 4069 intervallo
1156 4005 1292 4070 diremta

111 4114 225 4185 essent,
258 4115 386 4174 exortus
417 4115 464 4174 eet
495 4110 600 4173 nescio
630 4110 702 4193 quie
733 4110 789 4192 qui
820 4108 911 4173 nobie
942 4114 1082 4174 narraret
1112 4109 1189 4193 quid
1211 4115 1293 4174 esset

112 4209 183 4276 τότε
203 4215 243 4279 δέ.
289 4214 380 4279 Idem
405 4217 587 4300 aequiorum
610 4235 699 4279 more
724 4213 900 4294 πράττηται
926 4215 1009 4278 dixit
1031 4235 1087 4300 pro
1112 4213 1249 4290 γένηται.

160 4321 247 4404 Apud
273 4327 395 4387 veteres
418 4323 522 4401 λέγειν
546 4326 579 4384 et
602 4320 767 4401 πράττειν,
792 4322 834 4386 τά
858 4318 1016 4398 λεγόμενα
1040 4327 1072 4385 et
1096 4321 1137 4384 τά
1162 4319 1294 4402 προστί-
