3026 4970
792 172 858 258 tbi

225 373 358 450 crimine
381 383 544 459 tenentur,
569 377 754 463 similesque
778 383 853 445 sunt
875 376 1048 465 philologis
1071 377 1263 463 quibusdam
1283 371 1315 442 in
1333 371 1397 444 Gal-

225 489 271 556 lia
299 489 514 554 festivissimis
543 485 608 551 illis
639 484 769 571 quidem
801 490 833 550 et
865 484 1111 572 elegantissimis
1145 486 1224 550 viris
1254 484 1304 549 sed
1330 484 1399 548 citio

227 594 366 660 ἐπαΐουσι
394 599 450 656 τῶν
483 591 623 657 τοιούτων
654 590 738 669 aior,
765 593 820 676 qui
845 590 1010 678 digamma
1032 611 1088 674 per
1109 589 1226 654 ludum
1247 593 1400 676 iocumque

226 721 283 786 pro
305 699 434 766 Aeolico
456 699 667 763 Britannicam
691 697 929 781 appellitabant.
966 695 1107 760 Fuerunt
1131 695 1187 760 alii
1211 700 1266 781 qui
1287 699 1319 760 in
1341 717 1400 761 oon-

225 807 364 870 trarium
394 824 530 869 errorem
561 823 593 868 se
625 803 810 867 inducerent
841 808 873 868 et
902 802 966 868 fero
992 802 1110 887 ubique
1140 800 1207 869 levi
1241 805 1401 887 suspicione

228 911 318 976 ducti
339 911 505 997 digamma
527 909 721 973 infarcirent.
757 907 922 973 Beklrerus
946 912 984 972 ut
1008 912 1075 972 erat
1097 910 1131 971 in
1148 911 1237 972 omni
1254 929 1289 974 re
1304 912 1401 973 cautus

228 1020 260 1080 et
283 1018 396 1080 anxins
417 1013 559 1079 mediam
579 1013 753 1098 quamdam
772 1016 861 1080 mam
881 1015 1001 1091 tenuit,
1022 1015 1069 1078 ita
1087 1019 1196 1078 tamen
1212 1013 1401 1079 utinmultis

228 1122 394 1196 erraverit,
425 1140 665 1204 nonnumquam
699 1119 754 1185 sed
784 1139 910 1204 perraro
935 1123 1042 1184 tamen
1067 1119 1101 1182 τὸ
1125 1119 1278 1197 δίναμςια
1300 1123 1402 1204 impor-

227 1233 305 1291 tune
346 1229 502 1300 inserens,
537 1225 632 1313 longe
667 1227 791 1310 saepius
826 1227 1038 1290 necessarium
1073 1223 1259 1311 negligens,
1295 1229 1348 1290 aut
1375 1226 1403 1288 in

229 1331 433 1397 emendandis
454 1329 533 1396 locis
552 1331 609 1394 ubi
628 1329 797 1395 hominum
817 1331 959 1396 socordia
979 1333 1109 1414 antiqua
1128 1330 1258 1396 litorula
1275 1333 1403 1417 periisset

228 1457 342 1522 parum
367 1436 444 1500 felix
467 1441 523 1501 aut
546 1437 747 1502 festinantior
769 1436 878 1521 paullo
903 1441 935 1502 st
957 1437 1226 1503 inconsideratior.
1262 1438 1311 1502 Er
1330 1437 1402 1501 bisce

230 1563 376 1608 errorum
402 1543 573 1628 generibus
596 1541 751 1607 nonnulla
774 1541 908 1608 subinde
931 1541 1078 1627 exempla
1100 1547 1211 1627 paucis
1232 1543 1403 1630 redarguere

230 1651 330 1716 iuvat.

275 1754 404 1820 Faciam
434 1755 568 1818 initium
591 1754 630 1818 ab
654 1773 690 1819 eo
712 1753 798 1831 loco,
821 1753 879 1818 ubi
899 1757 1114 1820 necessarium
1137 1759 1169 1820 et
1193 1757 1359 1821 sentent-iae
1377 1757 1402 1816 ot

134 1923 138 1928 ,
229 1864 334 1926 metro
358 1860 508 1938 δίναμμα
530 1859 615 1946 apud
634 1859 771 1944 reliquos
790 1879 899 1924 omnes
918 1862 1074 1925 amissum
1094 1881 1113 1926 a
1132 1861 1279 1927 Bekkero
1298 1878 1402 1946 quoque

230 1965 416 2053 neglectum
442 1971 498 2031 est.
1096 2041 1098 2046 Ι

276 2071 470 2138 Pronomina
500 2073 601 2136 trium
623 2092 829 2157 personarum
852 2071 971 2136 habent
994 2063 1214 2140 accusativum
1237 2072 1399 2139 encliticam

231 2202 296 2256 με,
319 2203 353 2242 σε
378 2184 410 2243 et
432 2187 484 2244 Fe.
530 2177 617 2242 Elisa
640 2178 742 2245 vocali
766 2171 907 2262 superest
929 2181 964 2257 μ’
989 2182 1021 2244 et
1045 2182 1091 2242 c':
1115 2181 1149 2243 in
1172 2182 1269 2245 tertia
1294 2185 1398 2251 auton,

233 2286 307 2368 quia
326 2293 353 2350 F
371 2304 434 2349 non
455 2282 620 2368 scribitur,
639 2286 836 2369 pronominis
859 2304 917 2348 neo
939 2284 1013 2350 vola
1035 2306 1092 2350 nec
1114 2289 1291 2374 vestigium
1313 2300 1400 2368 super·

232 2393 290 2454 est.
336 2388 396 2454 Vel
418 2392 463 2454 sic
486 2395 593 2454 tamen
617 2392 651 2454 in
674 2393 777 2456 vitam
801 2411 837 2455 ac
860 2390 966 2455 lucem
989 2393 1107 2475 poterit
1129 2395 1288 2478 revocari,
1311 2395 1344 2454 ut
1362 2387 1400 2452 lu·

232 2493 359 2560 oulento
383 2495 528 2579 exemplo
552 2495 764 2561 ostendemus.

278 2598 387 2666 Habet
415 2601 474 2666 hoc
506 2601 635 2688 linguae
661 2602 777 2686 Epicae
802 2600 993 2686 simplicitas
1016 2608 1053 2667 ut
1076 2623 1156 2686 quas
1179 2605 1251 2687 quis
1272 2599 1401 2668 mandata

234 2704 274 2770 ad
298 2705 439 2790 aliquem
458 2705 580 2772 dederit
598 2707 798 2792 perferenda,
821 2728 857 2772 ea
876 2709 980 2771 iisdem
1000 2708 1105 2775 verbis
1125 2711 1269 2795 repetitis
1288 2707 1323 2773 ad
1340 2723 1400 2770 enm

232 2811 430 2896 perforantur
461 2816 555 2877 tertia
577 2816 706 2878 tantum
729 2833 861 2897 persona
882 2815 917 2878 in
940 2815 1111 2880 secundam
1132 2819 1268 2880 mutata.
1311 2811 1401 2877 Pauca

232 2903 379 3003 exempla
401 2917 479 2982 haec
502 2919 585 2985 vide.
633 2917 724 2984 Iliad.
750 2929 783 2982 Β.
810 2918 863 2983 11.

393 3023 524 3103 θωρῆξαί
546 3025 581 3088 ‘e
606 3021 807 3105 adiacenciis
832 3023 1008 3102 κομόωντας
1034 3025 1187 3109 Ἀχαιούς

392 3130 562 3214 πασσυδίῃ·
587 3135 636 3196 νῦν
660 3129 723 3213 γάρ
748 3157 798 3199 κεν
822 3129 904 3198 ἕλΟΙ
930 3133 1018 3198 πόλιν
1044 3133 1243 3215 εὐρυάγυιαν.

234 3239 265 3300 et
288 3255 335 3302 vs.
360 3233 413 3300 28.
439 3242 472 3302 et
496 3235 549 3302 65.

392 3341 522 3423 θωρῆξαί
547 3343 581 3409 C'
606 3343 727 3408 ἐκέλευε
752 3341 1028 3425 καρηκομόωντας
1053 3346 1206 3427 Ἀχαιούς

393 3447 563 3531 πασσυδίῃ·
587 3453 637 3516 νῦν
661 3448 723 3531 γάρ
747 3474 797 3516 κεν
821 3447 930 3517 itote
953 3450 1042 3517 adaco
1057 3441 1263 3531 'sopvdycaa

279 3552 370 3620 Iliad.
397 3565 435 3619 Θ.
463 3553 539 3620 402.

392 3658 513 3740 γυιώσω
536 3659 594 3739 μέν
617 3665 715 3744 σφωϊν
739 3662 793 3745 ὑφ’
816 3658 951 3742 ἅρμασιν
977 3661 1072 3735 ὠκέας
1095 3658 1223 3743 ἵσσους,

393 3766 494 3840 αὐτας
517 3765 545 3832 δ’
571 3767 605 3831 ἐκ
628 3767 735 3851 δίφρου
759 3767 867 3848 βαλέω
891 3767 975 3834 κατα
1001 3769 1026 3833 θ’
1049 3767 1182 3849 ἅρματα
1206 3768 1261 3848 τιέξ
1283 3813 1288 3832 .

235 3876 338 3939 atvs.
364 3870 441 3937 416.

393 3974 534 4056 γυιώσειν
557 3978 614 4056 μὲν
638 3983 735 4063 σφωϊν
759 3980 813 4064 ὑφ’
837 3977 979 4061 ἅρμασιν
995 3979 1091 4054 ὠκέας
1112 3979 1242 4066 litoreos,

395 4083 495 4154 αὐτὰς
519 4084 545 4148 δ’
569 4085 603 4148 ἐκ
626 4084 732 4167 δίφρον
755 4086 884 4166 βαλέειν
909 4085 994 4153 acroi
1019 4087 1043 4152 θ’
1067 4086 1199 4170 ἅρματα
1222 4083 1317 4165 rolicti·

281 4187 373 4255 Iliad.
399 4198 439 4254 0.
465 4188 541 4256 160.

317 4313 329 4318 “
380 4295 595 4374 παυσάμενόν
619 4322 670 4377 μιν
695 4295 811 4380 ἄνωχθι
834 4299 945 4383 paxae
971 4299 1021 4374 ἠδὲ
1044 4299 1210 4382 πτολέμοιο
1234 4330 1273 4350 -··
