3034 4968
662 344 665 349 ι
790 235 855 306 116

274 427 402 498 Samo
425 452 497 520 pag.
523 427 599 495 121.
623 423 696 510 ὅπερ
719 427 789 496 είπε
815 427 1008 508 Δημοσθένης
1034 429 1084 494 ἐπὶ
1108 435 1167 495 τῶν
1188 429 1255 510 περί
1271 431 1415 496 ’Ὄλυνθον

230 536 393 622 (πόλεων),
417 534 455 607 ἃς
481 534 573 606 οὕτως
598 536 766 614 ἠφανίσθαι
790 535 884 615 <barb
910 532 968 604 ὅτε
991 536 1063 614 μηδ’
1086 537 1111 600 εί
1138 535 1262 601 ποίποτε
1288 537 1416 619 ebrleta-

231 667 289 708 ταν
319 650 432 720 γνῶναι
464 642 502 706 ἄν
525 665 595 706 τινα
619 643 789 706 ε’πελθόντα
850 641 1042 708 Mendosum
1068 647 1116 706 est
1142 641 1322 722 ᾠκίσθησαν.
1360 643 1418 709 De-

228 749 409 815 mosthenes
440 771 514 836 pag.
548 746 624 813 117.
656 747 710 814 20.
745 748 794 813 δύο
823 752 875 811 καί
901 748 1062 827 τριάκοντα
1087 747 1191 820 πόλεις
1219 748 1270 812 ε’πί
1297 751 1417 833 Θρᾴκης

232 857 283 934 ro,
316 848 354 941 θος
387 853 518 926 οόποίοας
547 850 639 925 οὕτως
674 855 760 930 ὠμῶς
793 855 938 935 οίνρθρνρκεν
973 855 1001 936 (b
1026 854 1193 940 Φίλιππος)
1219 851 1276 922 ὅτε
1299 856 1372 932 μηδ’
1395 855 1417 920 εί

231 962 349 1027 πώποτ’
381 961 549 1042 ᾧκΗθνοαν
581 959 774 1040 προσελθόντ’
804 955 881 1024 εἶναι
907 960 1004 1044 ῥοίδιον
1028 961 1135 1025 είπεῖν.
1172 957 1305 1045 Saepius
1328 963 1418 1026 utin

227 1067 365 1134 aliorum
396 1067 488 1132 libris
518 1068 564 1131 sic
595 1071 627 1131 et
657 1066 742 1151 apud
773 1063 961 1133 Strabonem
996 1074 1023 1130 H
1053 1070 1086 1131 et
1109 1075 1149 1130 lc
1172 1065 1418 1131 confunduntur.

230 1174 296 1240 vid.
320 1171 462 1238 Mainek.
494 1170 610 1236 Vindio.
635 1193 708 1260 pag.
733 1170 785 1236 60.
811 1172 868 1237 ubi
891 1177 975 1237 recte
998 1172 1293 1254 ννμφοτολΗθείοας
1318 1193 1419 1238 emen·

232 1279 322 1344 davit
344 1298 401 1364 pro
424 1279 745 1361 rvaooroalctrtrar.

277 1488 405 1554 §basso
434 1508 507 1577 pag.
534 1487 609 1554 135.
635 1489 678 1554 τόν
702 1487 728 1555 θ’
753 1488 895 1554 ἐπίκοινα
920 1526 963 1538 -
988 1489 1088 1555 οὐκέτι
1110 1493 1255 1571 χρήσιμα
1279 1491 1321 1571 τῷ
1346 1515 1419 1570 γεω·

231 1595 344 1678 νροίφῳ
369 1596 442 1664 ἒςίν.
467 1596 481 1660 ό
505 1594 536 1659 δὲ
558 1592 744 1673 βουλόμενος
769 1594 820 1660 καί
845 1601 951 1660 ταῦτα
971 1597 1080 1672 μαθεῖν
1103 1597 1155 1661 καί
1174 1592 1232 1661 όοα
1253 1594 1340 1662 ἄλλα
1363 1603 1417 1664 τῶν

234 1701 373 1782 οὐρανίων
402 1698 579 1780 Ἵππαρχος
607 1701 663 1777 μὲν
696 1701 828 1781 είρνρνιεν,
862 1703 951 1778 ἡμεῖς
981 1702 1012 1766 δὲ
1044 1701 1280 1781 παραλείπομεν
1313 1703 1365 1769 δια
1387 1705 1418 1768 τὸ

230 1816 491 1874 ΤΡΑΝΟΤΕΡΑ
533 1803 610 1872 εἶναι
654 1813 709 1881 τῆς
749 1813 798 1872 νῦν
832 1807 1028 1886 προκειμένας
1063 1809 1309 1888 πραγματείας,
1347 1812 1416 1890 παρ’

233 1915 344 1980 ἐκείνου
375 1913 580 1992 λαμβανέτω.
627 1910 693 1978 Gur
722 1934 756 1978 se
788 1912 901 1978 Strabo
933 1917 1144 1979 astronomica
1173 1914 1251 1980 haec
1273 1918 1418 1982 omittere

235 2017 367 2086 scribit?
397 2020 448 2085 An
476 2019 527 2084 θοοὶ
551 2019 585 2083 τὸ
609 2017 774 2098 τρανότερα
798 2015 893 2096 εἶναι,
919 2017 971 2086 vel
993 2018 1181 2099 οότρανότερα
1208 2026 1264 2086 aut
1286 2020 1418 2102 οίμανρό-

236 2145 329 2206 τερα,
361 2129 399 2190 ut
428 2124 597 2212 Madvig‘io
627 2125 756 2191 videtur
786 2127 907 2189 Adsero.
931 2125 1015 2191 ῶνα.
1039 2146 1112 2214 pag.
1138 2123 1225 2190 531?
1247 2127 1339 2192 Nihil
1362 2129 1417 2192 mi·

236 2252 316 2307 nus,
340 2231 395 2296 sed
418 2233 492 2315 quia
515 2231 554 2295 ad
577 2251 645 2295 rem
669 2251 761 2296 snam
784 2230 867 2295 nihil
889 2231 1063 2296 faciebant:
1088 2231 1188 2296 οὐκέτι
1211 2235 1356 2314 χρήσιμα
1377 2233 1416 2312 τῷ

236 2337 415 2416 γεωγροίφῳ
440 2337 512 2404 ἐςίν.
538 2340 570 2401 et
592 2340 663 2421 post
686 2354 802 2421 pauca:
828 2335 911 2401 οὐδὲν
928 2335 1018 2407 όντας
1038 2337 1110 2417 πρὸς
1131 2339 1185 2413 rba
1204 2339 1416 2421 γεωγραφίαν.

233 2443 346 2529 Itaque
381 2442 621 2529 corrigendum:
657 2441 708 2506 aa
742 2442 777 2505 τὸ
809 2443 1046 2507 ἈΛΛΟΤΡΙΛ
1075 2437 1169 2520 εἶναι,
1201 2445 1275 2529 quia
1303 2453 1372 2510 rant
1400 2467 1418 2508 ο

229 2554 381 2636 proposito
403 2571 464 2612 ναοο
487 2565 619 2637 sarasar

281 2655 430 2722 Recurrit
459 2656 546 2719 idem
576 2655 729 2720 mendum
750 2658 784 2720 in
806 2656 939 2720 vicinis:
963 2663 1224 2722 ΤΡΛΝΟΤΕΡΑ
1247 2657 1274 2722 δ’
1298 2656 1344 2725 ε’ςί
1368 2656 1417 2720 καὶ

234 2763 277 2828 τόν
314 2761 380 2839 περί
416 2763 475 2824 τῶν
506 2762 664 2838 περοοκίων
699 2761 750 2825 καί
783 2760 962 2842 οίμΦνοκίαν
993 2759 1045 2825 καί
1077 2761 1269 2839 ἓτεροοκίων,
1299 2761 1417 2844 ἄφορον

236 2867 445 2943 Ποσειδώνιος,
476 2864 621 2931 “OMnc
649 2891 688 2947 γε
718 2867 771 2932 καί
801 2866 915 2931 τούτων
947 2864 984 2930 τό
1006 2891 1046 2943 γε
1066 2871 1206 2933 τοσοῦτον
1230 2867 1416 2946 ε’πνμννρςέον.

233 2973 322 3040 Haec
352 2993 476 3059 quoqne
506 2994 525 3038 a
556 2970 720 3040 Strabonis
748 2971 879 3038 consilio
909 2973 1119 3038 οθίιοοοοθοννθτ
1147 2973 1368 3054 Ἀλλότρνα
1394 2971 1418 3037 δ’

236 3081 300 3149 tcta
317 3117 374 3142 ·—.
391 3076 470 3156 ὅμως
496 3103 535 3158 νε
560 3079 624 3144 uri.

281 3186 392 3254 Scriba
421 3184 500 3252 alias
523 3206 572 3251 res
596 3205 692 3272 agens
714 3182 808 3249 facile
831 3185 937 3269 potuit
959 3190 1247 3252 ΤΟΑΛΛΟΤΡΙΛ
1271 3191 1304 3252 at
1327 3195 1419 3254 ΤΡΛ·
1508 3237 1509 3240 .

235 3302 410 3361 ΝΟΤΕΡΑ
433 3294 517 3358 inter
538 3311 571 3357 se
594 3297 785 3376 permutare.

283 3505 364 3593 Pag.
396 3499 471 3571 137.
504 3501 571 3585 ἔχει
603 3501 634 3566 δὲ
665 3501 776 3571 cablon
807 3498 1026 3583 ἑξακισχιλίων
1056 3501 1131 3578 θμοῦ
1163 3503 1198 3568 τὸ
1229 3512 1337 3581 μῆκος.
1378 3502 1419 3569 Ut

238 3615 416 3679 constanter
446 3610 557 3689 σχεδόν
587 3631 617 3672 το
649 3607 764 3674 Strabo
795 3607 923 3683 scribit,
955 3608 1000 3672 sic
1032 3611 1064 3671 et
1093 3607 1168 3684 θμοῦ
1201 3632 1231 3673 τι
1261 3611 1319 3676 ubi
1333 3611 1418 3698 sare,

230 3716 440 3803 proponendam
469 3713 610 3800 postulat
641 3716 807 3779 sententia.
855 3711 955 3798 Saepe
992 3712 1066 3790 όμοῡ
1101 3735 1131 3777 το
1163 3715 1197 3778 in
1227 3715 1319 3782 libris
1342 3723 1419 3784 rocta

237 3824 375 3911 legitur,
408 3821 533 3906 saepius
556 3843 586 3885 τν
609 3820 811 3908 negliganter
833 3825 871 3884 ut
893 3819 925 3883 h.
950 3817 972 3884 l.
997 3821 1154 3886 omissum
1178 3825 1236 3886 est.
1260 3823 1326 3888 vid.
1351 3842 1418 3910 pag.

242 3927 308 3994 190
332 3933 364 3993 st
387 3925 463 3991 358.

284 4133 412 4203 Salasso
441 4155 515 4222 pag.
548 4133 623 4199 138.
654 4134 731 4200 θθενν
760 4135 785 4200 θ’
810 4136 862 4200 οὐκ
885 4130 962 4201 εἶναι
981 4132 1110 4212 νίμνμον
1135 4135 1202 4200 οὐδὲ
1227 4135 1339 4219 νόκταρ
1361 4138 1419 4201 ἕπο-

240 4247 418 4327 βΑΙΝΕΙΝ
449 4243 502 4304 τοῦ
535 4239 648 4305 τόπου·
672 4279 715 4290 -
739 4241 827 4305 οίλλοὶ
859 4241 928 4314 τοὺς
960 4239 1009 4305 ἐπί
1042 4239 1112 4305 θίαν
1135 4238 1263 4317 ἥκοντας
1288 4244 1318 4306 ἒν
1341 4243 1419 4318 κοίμθ

241 4347 368 4425 πλησίον
403 4346 589 4428 νυκτερεύειν
621 4342 680 4411 εἶτ’
715 4347 959 4424 ε’πνβΑΛΛΕΙΝ
991 4347 1118 4428 ἡμέρας.
1165 4341 1347 4436 Absnrdum
1375 4349 1417 4412 est
