3034 4970
810 241 873 311 lac

287 432 367 521 Peg.
397 433 473 499 540.
520 433 659 500 Romani
688 430 889 518 Cappadoces
914 434 1031 500 liberos
1059 453 1126 500 esse
1148 435 1323 513 iusserunt;
1349 435 1371 499 εί
1392 432 1417 497 δὲ

243 538 505 617 πρεσβευσάμενοι
538 527 605 614 τίον
624 541 680 610 μὲν
712 541 881 619 ἐλευθερίαν
913 545 1117 624 παρῃτοῦντο,
1155 577 1198 588 -
1235 541 1367 619 βασιλέα
1393 537 1415 602 δ1

244 643 342 720 ἠξίουν
373 648 478 718 αὐτοῖς
510 646 743 726 ἀποδειχθῆναι.
793 649 832 712 Oi
859 647 890 712 δὲ
914 648 1164 724 θαυμείσανΤΕΟ
1187 647 1216 710 εί
1240 670 1316 718 τινες
1339 642 1417 716 οὕτος

243 747 302 816 είεν
333 751 533 833 ἀπειρηκότες
561 754 632 831 πρὸς
657 755 711 828 τίρν
738 753 923 832 ἐλευθερίαν,
949 755 1124 831 ἐπέτρεψαν
1148 752 1175 816 δ’
1200 749 1250 817 οὖν
1275 754 1371 822 αὐτοῖς
1392 748 1418 825 ἕξ

244 859 357 927 ἑαυτῶν
388 857 522 924 ἑλέσθαι.
570 858 658 924 Male
689 861 864 944 composite
887 860 964 924 haec
987 881 1053 926 esse
1077 859 1175 926 vides.
1225 857 1334 943 Itaque
1354 877 1417 922 non-

244 963 328 1030 nulli
352 966 377 1030 δ’
402 962 451 1031 οὖν
474 970 706 1050 expunxerunt.
752 965 861 1031 Multo
884 965 1011 1031 facilius
1032 982 1178 1050 repones:
1199 965 1225 1029 εί
1243 963 1268 1030 δ’
1291 964 1417 1040 elatura

244 1093 302 1136 σαν
329 1109 370 1120 --
396 1070 570 1152 ἐπέτρεψαν
595 1071 620 1136 δ’
645 1067 693 1136 οὗν
718 1071 782 1134 ιιτὲ.

290 1278 371 1367 Peg.
405 1277 482 1346 549.
513 1275 584 1345 είτα
608 1278 716 1356 Σείίει,
741 1286 814 1360 παρ’
838 1277 880 1354 οίς
904 1281 999 1365 φησίν
1022 1279 1211 1363 Ἀρχίλοχος
1235 1281 1290 1354 τίεν
1312 1278 1417 1344 είσπίδιι

246 1387 345 1465 ῥίψειε.
626 1399 628 1404 “

383 1492 518 1577 [είσπιδα
541 1494 599 1571 μὲν
622 1493 722 1559 Σαΐων
745 1517 791 1566 τις
815 1493 975 1571 οίνείλετο,
1000 1497 1054 1568 τὴν
1077 1494 1163 1572 παρὰ
1188 1493 1292 1573 θοίμνιρ

432 1599 513 1672 ἔντος
538 1601 706 1678 οίμιδμντου
728 1603 881 1667 κοίλλιπεν
906 1603 957 1665 οὐκ
981 1601 1114 1684 ἐθέλειν]

291 1703 425 1771 Delendi
444 1710 519 1771 sunt
536 1707 720 1773 Archilochi
739 1707 889 1774 versiculi
908 1707 947 1773 ab
967 1707 1190 1793 interpolatore
1209 1726 1250 1773 ex
1269 1725 1341 1792 pag.
1354 1699 1417 1768 457.

245 1813 366 1878 inserti.
412 1812 623 1880 Archilochus
646 1813 786 1879 dixerat:

470 1921 577 1984 είσπίδι
603 1921 659 1997 μὲν
683 1920 785 1987 Σαΐων
810 1943 857 1992 τις
881 1918 1138 1999 είχείλλετ-αι.

246 2029 279 2088 et
301 2023 491 2091 Strabonem
513 2025 629 2090 fefellit
651 2027 821 2103 memoria,
850 2027 906 2111 qni
929 2026 1114 2091 substituit:

472 2131 592 2197 οίσπίδα
615 2133 672 2210 μὲν
696 2133 798 2198 Σαΐων
821 2155 868 2205 τις
892 2131 1081 2197 ἀνείλετε
1105 2132 1159 2206 τίεν
1185 2132 1249 2195 xri.

292 2336 371 2426 Peg.
403 2338 479 2406 550.
511 2341 573 2406 duo
602 2342 701 2408 verba
729 2343 890 2426 perierunt
920 2345 965 2407 sic
988 2340 1181 2428 supplenda:
1206 2344 1220 2408 t
1244 2345 1276 2410 δὲ
1299 2344 1417 2421 Σκήψιοι

247 2443 316 2510 οὔτε
349 2449 404 2523 τὴν
434 2449 542 2513 τούτου
570 2447 660 2524 δόξαν
694 2450 791 2538 (OC)
825 2448 917 2514 ἔοικεν
949 2445 1178 2525 ἀποδεξάμενος
1213 2451 1283 2516 οὔτε
1318 2449 1417 2538 (ΤΗΝ)

247 2557 304 2616 τῶν
338 2552 404 2634 περὶ
435 2553 490 2628 τὴν
520 2557 686 2631 Παλλήνην
717 2555 787 2627 τοὺς
811 2553 990 2636 Ἀλιζιθνους
1018 2554 1238 2633 ὑπολαβόντων
1264 2595 1304 2606 -—
1327 2552 1417 2634 ὁμοίως

247 2656 386 2739 διαπορεῖ
405 2660 470 2726 κτέ.
1270 2663 1273 2672 ’

289 2869 369 2958 Peg.
403 2869 479 2936 550.
510 2871 729 2958 fragmentum
752 2872 905 2940 Hecataei
928 2871 1051 2937 Milesii
1074 2873 1120 2962 sic
1143 2873 1343 2940 scribendum
1363 2875 1417 2937 est:

246 2976 317 3054 „irrl
351 2977 377 3041 δ’
408 2976 539 3060 Ἀλαζίρ
569 2978 642 3043 πθλι
673 2978 814 3057 ποταμίς
850 2987 946 3044 eorl
980 2978 1148 3066 Ὀδρύσης,
1177 2981 1249 3045 “OC
1281 2981 1348 3062 ρ’ίαν
1376 2975 1417 3041 διδ

247 3083 421 3161 Μυγδονίης
454 3087 557 3150 πεδίου
588 3085 651 3150 εὶπδ
683 3085 780 3156 δύσιος
805 3085 839 3148 ἕκ
861 3095 916 3160 τῆς
941 3085 1052 3164 λίμνας
1077 3094 1132 3162 τῆς
1157 3087 1375 3158 Δασκυλίτιδος
1395 3083 1418 3152 ἕι

247 3190 407 3256 Ῥυνδακὸν
433 3190 616 3268 θσβείλλει.”
662 3191 793 3257 Editur:
819 3191 955 3276 Ἀλαζίρι
980 3229 1021 3240 -
1046 3194 1189 3269 ποσοιμδι
1214 3193 1245 3258 δὲ
1267 3193 1419 3275 Ὀδριίσσνι

247 3296 329 3377 ῥέων.
377 3292 414 3362 In
445 3296 535 3363 libris
564 3303 628 3363 est:
662 3299 802 3375 ποταμθς
834 3298 865 3362 δὲ
895 3299 909 3362 θ
939 3299 1031 3380 ῥύμος
1059 3298 1125 3383 (vel
1147 3299 1271 3382 θρυμος)
1296 3298 1419 3381 dicuin

94 3415 98 3422 '
191 3397 195 3403 ’
247 3422 309 3486 quo
340 3424 404 3468 non
429 3409 558 3470 tantum
589 3403 712 3483 θδρθσιρς
742 3401 880 3488 latebat,
913 3405 968 3471 sed
990 3400 1112 3486 θδριίσες
1133 3403 1215 3470 ‘'Oc.
1263 3406 1420 3472 Notissima

247 3506 286 3573 de
309 3529 403 3575 causa
426 3509 458 3576 δέ
482 3515 514 3576 et
537 3511 582 3578 ἔτι
605 3509 713 3577 locum
740 3511 824 3575 inter
846 3531 879 3576 se
902 3516 1039 3576 mutant.

292 3719 399 3786 Nimis
427 3721 650 3787 formidolosus
681 3719 856 3788 Kramerus
882 3718 1032 3805 plurimis
1062 3716 1141 3782 locis
1168 3721 1270 3784 certas
1294 3713 1419 3784 emenda-

248 3830 351 3892 tiones
380 3830 413 3891 in
440 3831 525 3894 notis
554 3831 712 3894 memorat
743 3833 776 3892 et
805 3825 1049 3892 absurdissimas
1078 3825 1250 3910 scripturas
1284 3828 1318 3889 in
1346 3823 1419 3888 textu

247 3935 372 3999 retinet.
419 3931 530 3998 Edidit
559 3953 633 4020 pag.
665 3931 741 3996 552.
772 3933 789 4008 ii
814 3931 1063 4007 πολεμήσλυτας
1086 3933 1143 4008 μὲν
1167 3927 1201 4005 ἦν
1226 3932 1349 3996 δυνατδν
1369 3928 1419 3992 διε·

248 4040 367 4121 βαίνειν
398 4041 432 4106 εἰι
462 4046 520 4104 τῶν
551 4043 651 4105 τόπων
682 4039 796 4104 τούτων
830 4076 872 4088 -
903 4040 1190 4118 συμμαχίσΑντας
1217 4039 1244 4102 δ’
1268 4037 1417 4103 είδείνατοις

248 4143 377 4212 Clamat
407 4149 563 4212 sententia
585 4167 699 4212 verum
723 4166 790 4211 esse
814 4147 1063 4221 πολεμήσοντας
1087 4144 1129 4206 ad
1150 4140 1418 4225 bellumpratum

249 4259 282 4322 et
311 4256 597 4334 συμμαχήσοντας
628 4255 671 4318 cd
697 4252 846 4344 οασίίίυοι
867 4251 1044 4337 ferendum.
1091 4250 1211 4318 Auctor
1242 4256 1291 4319 est
1323 4244 1418 4316 Curtii

248 4368 286 4431 ut
304 4364 351 4428 ita
369 4360 512 4452 legatur,
535 4361 644 4444 „idque
662 4382 734 4424 acne
752 4357 887 4423 πείθεθ’
905 4357 1061 4424 Kramero
1080 4354 1136 4422 sed
1154 4356 1305 4448 putidum
1316 4353 1417 4424 vitium
