3052 4970
665 245 731 318 389

106 437 245 506 Homeri
272 440 398 506 imitari
426 443 529 525 putet.
583 439 754 527 Ecquando
783 441 941 532 philologi
970 464 1078 531 sapere
1109 448 1298 514 audebimus

108 551 140 610 et
164 547 222 611 hes
252 549 486 631 poitastrorum
514 567 618 634 nugas
648 551 680 612 et
701 549 837 633 ineptias
859 555 1059 616 contemnere
1081 556 1113 617 et
1136 551 1298 619 deridere?

108 651 215 733 Quem
238 654 281 716 sit
303 652 381 718 haec
403 651 520 718 stolide
541 657 573 718 et
596 653 732 719 absurda
759 654 888 742 lingua,
912 677 975 741 qua
996 656 1131 724 Homeri
1153 661 1299 725 imitator

108 759 232 824 scilieet
259 762 385 843 ertatem,
414 777 478 823 uno
506 759 627 846 insigni
649 759 794 846 exemplo
817 763 979 828 ostendere
1000 765 1102 830 iuvat.
1148 763 1299 830 Versetur

107 864 273 951 inlepido
299 868 332 929 et
360 865 463 929 iocoso
493 868 683 952 argumento
713 865 770 932 lib.
794 866 855 933 HI.
883 890 929 935 rs.
955 867 1009 934 91.
1033 891 1100 957 sqq.
1148 869 1299 951 Queritur

107 969 217 1036 Venus
240 970 279 1035 de
309 967 385 1054 iiiii,
415 967 601 1055 Cupidinis,
630 975 838 1056 protervitate
867 978 899 1039 et
922 979 1132 1042 contumacia.
1180 976 1297 1065 Propo-

107 1097 184 1141 nam
208 1074 317 1141 locum
339 1073 452 1163 lingua
473 1075 619 1160 populari
642 1078 816 1162 seriptum,
841 1077 953 1144 deiude
976 1080 1073 1147 verbe
1095 1086 1206 1166 potitae
1225 1085 1299 1149 sub-

107 1184 230 1248 iiciam.
251 1177 272 1244 ὦ
290 1181 372 1259 Ἥρα
394 1180 445 1246 καί
467 1182 600 1260 Ἀθηνά,
620 1184 744 1267 inquit,
764 1183 835 1262 ὑμῖν
853 1189 977 1262 μᾶλλον
997 1184 1034 1252 ἀν
1055 1188 1168 1254 τίθοιτο
1183 1188 1200 1264 ἢ
1213 1189 1283 1268 ἐμοί
1288 1212 1296 1229 ·

109 1288 193 1368 ὑμῶν
213 1286 271 1366 μὲν
290 1286 353 1367 χθιρ
374 1288 457 1368 αὐτῷ
479 1287 590 1368 καίτερ
610 1288 806 1372 ἀναισχύντῳ
824 1287 885 1355 ὄντι
906 1293 997 1370 ὀλίγη
1018 1291 1058 1371 γέ
1081 1316 1127 1366 τις
1154 1295 1244 1367 σιίδθνς
1268 1296 1298 1361 ἕν

108 1395 286 1477 ὀφθαλμοῖς
307 1391 391 1470 ἔται,
414 1395 487 1470 ἐμοῦ
509 1394 541 1459 δὲ
562 1393 643 1458 οὐδὲν
663 1395 828 1478 Φροντίζει.
853 1399 929 1462 ἀλλ’
949 1399 997 1462 ἀεί
1017 1406 1180 1479 φιλονικῶν
1199 1424 1299 1466 κοντα-

108 1505 224 1582 φρονεῖ.
250 1499 304 1575 ἤδη
327 1497 358 1564 δὲ
384 1498 435 1564 καί
462 1497 710 1582 ὑσεραλγησασα
731 1504 773 1584 τῷ
792 1501 960 1583 τράγματι
984 1505 1139 1582 ἠπείλησα
1158 1505 1201 1570 τθι
1221 1505 1296 1583 τόξα

108 1607 193 1687 αὐτῷ
226 1605 277 1670 καί
310 1607 379 1676 τοὺς
410 1606 509 1678 discis
539 1607 769 1683 κατακλάσειν,
802 1613 817 1673 ο”
848 1609 880 1674 δὲ
903 1610 1050 1691 ὀργισθείς
1073 1613 1299 1687 deversitores

107 1708 152 1778 θτι
186 1714 213 1777 εί
245 1713 290 1790 μη
321 1711 437 1790 καθέξω
469 1713 510 1776 τίν
541 1720 649 1793 χεῖρε,
687 1709 741 1786 ἕως
774 1712 818 1779 ἔτι
850 1720 902 1780 τοῦ
934 1717 1029 1796 θνμοῖι
1061 1726 1185 1799 κρατεῖ,
1218 1721 1299 1795 αὕτη

106 1819 249 1899 ἕμιιντην
283 1816 476 1897 αίτιάσομαι.
531 1817 621 1884 Haec
650 1821 753 1907 igitur
786 1820 976 1907 Apollonius
1011 1825 1057 1888 sic
1091 1823 1301 1911 grandiloque

106 1927 249 1991 oratione
272 1926 361 2010 epioe
382 1925 532 1992 vestivit:

289 2031 366 2112 Ἥρη
392 2029 538 2105 Ἀθηναίη
559 2055 616 2108 τε,
641 2031 757 2098 τίθοιτθ
780 2057 830 2098 κεν
854 2033 935 2114 θμμι
961 2033 1085 2113 μάλιςα

292 2136 309 2212 ἢ
333 2136 401 2216 ἐμοί
408 2159 416 2177 ·
441 2138 551 2216 ὑμείων
574 2137 637 2219 χάρ
661 2139 813 2221 ἀναιδήτῳ
837 2164 893 2220 τερ
920 2139 998 2206 ε’θντι

290 2245 382 2320 τντθη
406 2247 441 2322 γ’
464 2243 555 2318 aitte
580 2241 680 2309 ἔσσετ’
703 2246 734 2309 ἐν
757 2244 911 2325 ὄμμασιν·
935 2246 1037 2328 αὐτθιρ
1061 2249 1145 2327 ε’μείο

291 2351 345 2415 οὐκ
367 2349 488 2428 ὄθεται,
506 2348 600 2431 μάλα
623 2350 649 2415 δ’
669 2351 735 2416 αίὲν
759 2352 935 2434 ἐριδμαίνων
957 2353 1095 2437 ἀθερίζει.

291 2457 342 2522 καί
367 2457 402 2532 δθ
424 2459 450 2522 οί
472 2457 604 2537 μενέηνα
628 2460 834 2538 περισχομένη
859 2458 1009 2537 κακότητι

290 2566 426 2628 αὐτοῖσιν
448 2563 560 2642 τθξοισι
583 2563 741 2644 δυσηχέας
764 2560 841 2642 ἀξαι
866 2564 968 2640 θ’ίτοιίς

291 2670 448 2751 ἀμφαδίη.
473 2678 551 2736 τοῖον
573 2670 637 2750 νάρ
661 2671 851 2746 ἕτητείλησε
873 2672 1050 2755 χαλεφθείς

291 2778 316 2842 εί
337 2778 382 2856 μη
405 2775 507 2852 τηνιθθι
531 2785 640 2858 χεῖρας
665 2773 719 2850 ἕως
742 2777 787 2844 ἔτι
813 2779 906 2858 θνμδν
929 2777 1027 2860 ἐρύκει

291 2879 347 2958 ἔξω
371 2883 450 2961 ε’μάς
474 2882 649 2962 μετέντειτοί
673 2883 706 2959 γ’
730 2884 929 2964 ἀτεμβοίμην
953 2885 998 2949 ici
1019 2885 1108 2964 αὐτῇ.

148 2985 283 3054 Scatent
310 2989 388 3055 haee
420 2992 527 3075 vitiis,
558 3011 695 3075 quorum
726 3010 827 3075 pauca
857 2989 953 3054 verbo
979 2988 1120 3054 indicare
1142 2990 1218 3054 setis
1241 2993 1299 3054 est.

99 3096 293 3162 Absurdum
315 3116 381 3166 esse
404 3097 493 3163 vides
516 3094 598 3173 ὔμμι
623 3094 749 3173 μοίλιςα
772 3095 789 3172 ἢ
815 3094 900 3173 ἐμοί,
925 3113 982 3179 pro
1006 3098 1147 3172 μᾶλλον,
1171 3094 1298 3168 ἀναίδη-

100 3226 153 3273 τος
187 3223 246 3289 pro
276 3202 422 3279 ἀναιδής,
457 3201 560 3276 τηλθθι
594 3210 704 3283 χεῖρας
736 3199 819 3284 ἔχειν
852 3222 908 3287 pro
939 3200 1087 3281 κατέχειν
1118 3201 1158 3264 τθν
1189 3207 1297 3282 χεῖρε,

99 3307 306 3388 ἀτεμβοίμην
337 3312 453 3375 omisso
484 3303 548 3384 ίτι,
572 3331 630 3395 pro
653 3310 778 3394 futuro,
803 3328 859 3395 pro
883 3306 1055 3389 μέμφομαι
1079 3309 1242 3393 positum,
1267 3312 1300 3372 et

99 3417 332 3500 turpissimum
362 3417 508 3481 omnium
540 3417 584 3480 ἑοῖ
611 3436 667 3502 pro
699 3415 776 3493 ε’μσί.
823 3416 948 3500 Nempe
977 3414 1012 3478 hi
1042 3415 1231 3500 podtrastri,
1262 3417 1300 3478 ut

97 3525 222 3588 notum
252 3525 317 3598 est,
346 3524 446 3591 trium
473 3543 678 3608 personarum
708 3523 896 3606 pronomine
925 3524 957 3585 et
987 3521 1164 3604 possessiva
1184 3539 1300 3604 susque

98 3628 209 3713 deque
231 3627 350 3693 hebent
374 3632 407 3693 et
427 3629 596 3708 σφοίσερος
622 3634 672 3708 (ut
690 3628 749 3692 hoo
769 3627 853 3712 uter)
874 3630 997 3712 ponunt
1015 3644 1071 3711 pro
1092 3647 1188 3709 mccc,
1212 3632 1301 3704 θοαο,

97 3756 198 3811 σακε,
222 3739 339 3818 certer,
363 3740 476 3819 νοσθον,
501 3737 590 3820 quasi
612 3734 695 3800 nihil
718 3734 893 3819 quidquem
911 3733 1104 3797 discriminis
1121 3733 1205 3797 inter
1223 3732 1301 3798 haec

98 3841 217 3906 omnia
245 3841 467 3907 intercederet:
500 3845 532 3907 et
563 3840 681 3907 licebat
708 3842 749 3905 iis
778 3839 909 3924 quidem
932 3837 1021 3922 loqui
1044 3857 1101 3901 suo
1125 3838 1299 3924 arbitratu,

97 3948 159 4014 sed
188 3946 228 4010 ub
250 3943 390 4013 Homero
420 3949 598 4013 obstineant
616 3967 749 4018 monum
769 3949 801 4010 et
824 3947 859 4008 iu
883 3945 958 4008 crisi
981 3945 1161 4008 carminum
1179 3942 1300 4010 Home·

97 4057 250 4120 ricorum
280 4056 377 4119 testes
406 4075 446 4120 ne
477 4053 701 4139 producentur.
736 4051 875 4123 Infames
896 4051 983 4116 enim
1006 4069 1115 4115 omnes
1138 4050 1303 4117 intestabi-

97 4160 223 4244 lesque
244 4164 326 4224 sunt.
