3086 4968
732 220 798 287 443

579 417 640 475 tam
661 433 781 480 σννκονοο
803 420 915 479 carosi.

133 557 136 562 ·
213 515 389 586 Menander
411 515 528 584 dixisse
552 517 701 584 uidetur:

557 621 651 687 ἔπειθ’
674 622 688 686 ὃ
711 623 802 703 πυρὸς
823 624 935 703 τίμιος.

167 731 206 794 nt
230 727 434 794 Pherecrates
457 728 541 813 apud
565 726 655 794 Suro.
679 750 712 796 v.
736 727 832 806 ἀξιος.

400 835 414 898 ὁ
438 835 464 900 δ’
489 831 534 902 ἔπ’
558 835 609 914 ἐφ’
633 831 666 899 οὖ
689 837 758 900 ποτ’
782 831 814 910 ἦν
839 838 853 902 ὃ
877 837 968 920 πυρὸς
991 837 1086 916 ἀξιος.

216 939 402 1006 Promisoue
424 939 542 1005 dieitur
565 941 599 1004 in
621 961 658 1006 ea
680 962 714 1006 re
738 941 752 1005 ὃ
776 943 866 1023 πυρός
891 949 924 1010 st
947 946 972 1010 oi
997 969 1055 1027 πνρ
1072 946 1092 1011 i.

216 1044 307 1112 Sitne
337 1045 412 1127 ποορ’
445 1048 518 1126 ἡμῖν
549 1067 589 1112 an
622 1046 710 1112 aliud
741 1049 818 1134 quid
848 1050 1062 1136 supplendum
1093 1054 1164 1138 quis
1194 1072 1251 1138 pro
1276 1057 1360 1118 oerto

172 1150 312 1218 dixerit?

217 1364 272 1432 Vs.
294 1363 347 1432 23.

582 1468 620 1535 ἀν
643 1470 742 1549 τίμιος
766 1470 884 1536 Austro
909 1497 956 1550 σε,

169 1581 210 1644 ut
234 1576 319 1663 apud
340 1576 586 1662 Aristophanem
608 1577 643 1642 in
672 1577 773 1661 Vangio
797 1577 882 1643 253:

355 1685 387 1748 οὐ
412 1681 476 1764 μάρ
502 1681 602 1748 δάκνει
626 1688 654 1746 σ’
678 1679 752 1748 ἀπονν
778 1685 829 1766 δέχ
851 1685 950 1762 τίμιον
974 1685 1134 1767 πρίοοσθοοι.

217 1892 273 1960 Vs.
294 1891 349 1959 29.

425 2001 561 2076 εἰσῆλθες
585 2001 670 2073 εὐθὺς
696 1999 734 2066 ἀν
757 2001 904 2084 κοπιάσρς
929 2001 972 2067 πά
997 2003 1104 2078 σκέλη.

165 2118 208 2178 ut
236 2109 347 2176 Alexis
371 2107 455 2193 apud
477 2107 655 2194 Diogenem
678 2107 844 2174 Laertium
868 2109 924 2174 ΙΙΙ.
949 2107 1003 2175 26.

380 2215 421 2286 εἰς
447 2212 548 2294 κοιιρον
572 2211 671 2291 ἥκεις,
695 2217 733 2287 ἀς
759 2212 855 2293 ἔγωγ’
879 2214 1068 2295 ἀπορουμένη

379 2319 439 2384 ἀνω
464 2318 549 2385 κάτοι
573 2344 608 2385 σε
633 2320 836 2402 περιποοτοῡσ’
861 2319 960 2403 ὥσπερ
985 2321 1117 2388 Πλάσοον

380 2426 475 2510 σοφὸν
501 2427 582 2492 οὐδὲν
607 2425 704 2510 εὕρηκ’
727 2429 816 2494 ἀλλά
840 2435 931 2494 κοπιῶ
956 2427 999 2493 πά
1022 2428 1129 2503 σκέλν.

215 2640 273 2708 Vs.
310 2635 363 2704 30.
392 2643 545 2718 μκκοικῶς
577 2637 710 2716 εἰιούσω,
741 2642 779 2702 ut
813 2637 1048 2724 Theophrastus
1083 2637 1220 2703 Οάσνσοο.
1252 2638 1294 2705 ΙΙ.
1323 2643 1362 2714 ὡς

163 2751 328 2831 μοολκκάς
352 2743 467 2818 ἐσθίεις.
523 2820 526 2830 Ι

220 2953 277 3021 Vs.
297 2952 350 3021 32.

516 3058 551 3124 τὸ
575 3057 671 3141 πέρονς
695 3058 787 3125 κιοκὸν
813 3056 897 3141 ἔχεις
923 3057 1016 3124 οὐδέν.

222 3165 333 3234 Alexis
362 3166 446 3251 apud
473 3166 675 3232 Athenaeum
704 3187 778 3254 pag.
812 3164 887 3232 558.
916 3175 954 3231 E.
977 3169 1012 3230 in
1034 3163 1185 3232 mulieres
1208 3167 1254 3232 sio
1275 3168 1363 3232 inve·

165 3275 280 3341 nitur:

359 3375 396 3443 ἀν
420 3379 474 3444 οὐκ
497 3379 591 3460 ἐχρῆν
613 3375 775 3458 ἀρχοοσιν,
800 3375 837 3443 ὧν
863 3380 888 3443 δ’
912 3377 1020 3460 ἀρχειν
1043 3379 1135 3460 ἐχρῆν

358 3487 541 3562 ἀμελοῦσιν,
566 3485 767 3563 ἐπιορκοῦσιν,
792 3485 856 3550 οὐδὲ
882 3477 911 3550 ἓν
935 3485 1029 3551 κοοκάν

358 3587 463 3670 ἔχουσι
487 3589 539 3655 κοά
565 3589 692 3669 κάμνειν
714 3575 839 3668 λέχονσ’
864 3590 1004 3660 ἓκάςοπε.

163 3703 205 3768 et
227 3697 428 3783 Antiphanes
451 3697 607 3762 Athenaei
630 3718 704 3784 pag.
730 3695 805 3763 123.
830 3716 860 3762 n.

790 3803 819 3868 ἐν
842 3801 946 3888 χάπρρο
968 3804 1000 3869 δέ
1023 3829 1072 3882 μοι

492 3906 571 3981 ὅπως
592 3907 666 3989 ὕδωρ
689 3907 805 3992 ἕψονποο
829 3909 934 3988 μηδέν’
958 3909 1085 3993 ἀψομκι.

494 4017 527 4080 οά
551 4015 614 4096 γάρ
639 4017 731 4082 κκκον
757 4015 820 4097 ἔχω
845 4016 917 4094 μηδ’
943 4014 1057 4097 ἔχοιμι.

212 4122 431 4207 Perspicuum
455 4125 502 4186 est
525 4121 618 4186 κοοκόν
641 4145 671 4186 σι
693 4119 776 4202 ἔχειν
796 4122 882 4187 idem
901 4142 966 4187 esse
986 4122 1069 4207 quod
1089 4123 1232 4210 κάμνειν,
1253 4135 1363 4206 νοσεῖν,

158 4233 329 4305 ἀσθενεῖν,
366 4227 518 4308 ἀρροςεῖν.
579 4226 665 4292 Hine
700 4228 904 4316 paedagogus
937 4249 1031 4293 senex
1065 4237 1161 4318 negat
1198 4231 1365 4296 alumnum

156 4359 269 4413 suum
293 4331 360 4422 (πον
383 4330 544 4415 τρόφιμον)
568 4338 746 4421 aegrotare:
769 4335 861 4400 κοινὸν
887 4331 971 4416 ἔχεις
995 4332 1096 4410 οὐδέν,
1122 4339 1239 4421 inquit,
1264 4341 1313 4401 et:
1338 4336 1366 4402 ri
