3034 4968
659 259 701 333 97

102 456 174 518 inest
194 455 228 518 in
250 454 371 518 verbis:
404 453 678 530 ἀπολαμβάνοντα
709 454 792 527 ἐντὸς
824 454 867 519 τὰ
891 456 963 534 πρὸς
986 464 1024 535 τῇ
1048 457 1276 540 Πελοποννήσῳ.

101 558 263 644 interpres:
293 560 396 635 ,intuo
418 565 528 624 coercet
539 568 643 642 partes
664 579 704 624 en
728 579 979 626 Puuorouuusuro
996 560 1096 626 eitce.”
1127 561 1279 629 Fideliter

101 669 188 729 vertit
211 663 345 742 Graeca;
378 666 411 733 id
441 669 547 750 ipsum
573 668 659 730 enim
683 665 841 754 significat
865 669 907 730 cir
932 677 1041 732 [lPOc
1064 677 1103 747 τῇ
1127 678 1279 734 Πελοπον-

102 771 187 855 νήσῳ,
217 773 271 840 aed
301 792 428 858 prorsus
458 772 492 835 id
522 772 662 836 alienum
693 779 740 839 est
771 793 789 837 a
822 771 984 838 Strabonis
1016 777 1186 850 sententia,
1223 775 1279 859 qui

102 881 213 945 dixerat
234 879 284 943 ria
309 877 414 952 ἰσθμὸν
442 883 547 941 τοῦτον
576 881 609 942 in
640 899 673 943 se
704 881 862 945 continere
894 885 1009 943 tertiam
1039 880 1278 966 paeninsulam,

99 987 198 1052 idest
225 983 496 1068 Peloponnesum.
529 983 744 1070 Megaridem,
777 987 935 1054 Atticam.
968 985 1147 1052 Bouorreu.
1195 985 1279 1066 Quid

99 1088 208 1177 igitur?
243 1089 399 1184 Exporge
435 1090 513 1154 duas
550 1089 694 1154 literulas
730 1095 763 1154 et
804 1095 912 1156 omnia
945 1091 1108 1156 habebunt
1142 1094 1274 1176 optime.

99 1195 200 1262 Deleto
227 1195 361 1261 articulo
389 1193 432 1259 rei
463 1195 681 1259 scribendum:
718 1196 992 1274 οὶπολαμβοένοντα
1017 1197 1098 1268 ἐντὸς
1130 1197 1202 1276 πρὸς
1237 1206 1277 1279 τῇ

99 1303 303 1380 Πελοποννήσῳ
328 1301 382 1373 τήν
411 1325 445 1364 πε
470 1300 637 1380 Μεγαρνῒα
662 1301 713 1365 καὶ
739 1302 793 1375 τὴν
823 1302 987 1378 Ἀττικήν,
1014 1302 1047 1366 id
1071 1308 1136 1368 eet:
1162 1320 1278 1380 „Pm-

99 1427 153 1472 rue
180 1409 409 1492 Peloponnesum
440 1431 542 1490 aprum
574 1396 777 1488 Μοραοεαοονα
805 1431 917 1494 quoquc
947 1415 976 1472 ct
1007 1407 1180 1474 Atticam.”
1225 1406 1278 1474 Sic

99 1516 190 1578 omnis
212 1520 260 1579 est
283 1513 409 1578 sublata
432 1511 611 1578 difficultas.

137 1619 282 1705 Superest
308 1618 438 1696 lacuna,
472 1639 568 1702 quam
599 1619 688 1684 nullo
710 1615 838 1706 neg‘otio
863 1623 947 1685 certo
971 1618 1192 1704 supplemento
1215 1639 1278 1686 sar·

98 1727 151 1790 cire
172 1727 271 1811 poesis
294 1726 455 1808 optimum
477 1725 608 1799 ducem,
633 1723 821 1789 Strabonem
843 1727 969 1810 ipsum,
994 1731 1129 1789 secutus.
1164 1723 1278 1792 Strabo

98 1835 170 1896 enim
191 1829 461 1918 quemadmodum
485 1850 558 1917 pag.
585 1829 660 1894 595.
687 1830 813 1894 scribit:
842 1831 982 1908 πρότερον
1006 1831 1036 1894 δὲ
1062 1829 1277 1908 interemor

96 1941 156 2009 τοὺς
179 1941 291 2007 πόπους
316 1938 378 2000 aare
403 1943 457 2010 τῆς
483 1937 640 2015 παραλίας
667 1935 854 2015 ἀρξομένους
885 1939 945 2016 ἀφ’
977 1933 1071 2013 ἧσπερ
1091 1937 1276 2014 Ἐλίπομεν,

95 2045 132 2107 sio
152 2044 184 2108 h.
208 2044 230 2110 l.
263 2043 409 2111 dederat:
439 2041 669 2128 οὶναλα(βο’ντες
702 2039 866 2119 ἀρξάμενον
902 2043 963 2107 ἀπὸ
995 2051 1051 2117 τῆς
1083 2043 1274 2125 π)αραλίας,

96 2147 147 2226 ἄρ’
169 2147 262 2227 ἧσπερ
294 2150 532 2223 ἈΠελίπομεν,
567 2169 647 2233 quae
673 2147 799 2212 litterae
830 2149 1028 2213 exactissime
1055 2147 1187 2214 lacunae
1209 2169 1279 2234 epa·

94 2256 168 2320 tium
189 2241 336 2342 implent.
372 2255 493 2320 Eadem
517 2274 610 2338 opera
632 2252 689 2318 illo
712 2252 781 2318 loco
802 2258 950 2319 restitus:
976 2256 1035 2332 aa·
1060 2251 1153 2334 ἥνπερ
1172 2255 1275 2322 ’Ans-

94 2360 233 2439 λίπομεν,
260 2361 345 2447 quod
369 2368 416 2425 est
440 2381 475 2425 eo
499 2381 592 2425 sensu
615 2361 847 2437 necessarium,
871 2381 934 2425 non
958 2360 1115 2440 ἐλίπομεν.

135 2571 221 2638 Nunc
252 2573 359 2639 locum
393 2571 598 2636 emendatum
630 2570 801 2658 diligenter
826 2569 1040 2657 inspiciamus,
1089 2571 1159 2654 Quo
1182 2574 1276 2641 refer·

93 2682 157 2742 tur:
175 2679 243 2757 ὅπερ
259 2675 344 2743 εἶπον
362 2680 391 2743 ἕν
409 2685 472 2749 τοῖς
489 2674 635 2756 erpo'cdro?
656 2677 727 2742 Non
748 2679 786 2742 ad
806 2676 925 2742 librum
938 2677 1023 2743 VIII.
1043 2679 1100 2742 ubi
1111 2700 1184 2768 pag.
1196 2677 1272 2747 334.

92 2787 180 2849 tertia
209 2783 423 2851 Chersonesus
454 2805 519 2848 esse
551 2784 668 2847 dicitur
698 2785 715 2858 ἡ
740 2783 793 2847 καὶ
825 2785 942 2858 ταύτην
969 2783 1273 2869 (rotundomonte

93 2889 218 2968 ἔχοντα.
250 2889 282 2967 ἧς
315 2891 420 2962 ἰσθμὸς
455 2890 517 2953 απὸ
548 2895 600 2953 τοῦ
633 2895 736 2966 μυχοῦ
773 2894 824 2953 ποῦ
856 2891 998 2965 Κρισαίου
1031 2889 1145 2954 κόλπου
1177 2891 1272 2974 μέχρι

94 3004 306 3074 Θερμοπυλῶν,
331 2996 385 3061 sed
408 3017 448 3060 ne
470 2996 567 3087 uerbo
590 2995 718 3079 quidem
742 3001 900 3059 memorat
923 2995 1028 3072 ἰσθμὸν
1051 2995 1193 3073 γενέσθαι
1216 2998 1272 3073 τὴν

93 3103 226 3166 Βοιωτίαν
261 3101 507 3182 οὶμΦνθοέλαππον
539 3098 630 3166 οὖσαν
697 3099 759 3166 Sed
795 3101 917 3165 dixerat
954 3100 1014 3166 hoc
1050 3104 1084 3166 in
1117 3101 1193 3168 libri
1224 3103 1272 3167 IX

91 3209 194 3276 initio,
216 3229 312 3296 quem
335 3208 442 3273 locum
465 3228 584 3295 magna
606 3207 720 3273 lacuna
743 3207 898 3272 absorbsit
919 3209 953 3282 ¹).

137 3312 199 3394 Quo
209 3315 359 3379 refertur:
373 3313 536 3391 οέρξοὶμενον
549 3315 612 3378 eiad
625 3321 679 3386 πῆς
694 3313 864 3388 παραλίας,
874 3309 935 3392 oo’
951 3309 1044 3388 ἧσπερ
1057 3311 1272 3384 aretinense?

92 3416 162 3484 Sine
190 3422 401 3487 controversia
432 3420 471 3484 ad
498 3419 739 3504 descriptionem
763 3439 834 3483 orae
853 3421 1053 3502 maritimae,
1078 3439 1158 3504 quas
1179 3419 1272 3484 initio

89 3522 161 3590 libri
175 3539 244 3612 post
263 3529 533 3591 enumerationem
552 3524 810 3610 paeninsularum
826 3524 929 3589 fuerat
944 3527 1092 3589 instituta
1113 3532 1145 3588 et
1160 3525 1272 3590 deinde

88 3631 267 3718 interrupta.
316 3631 508 3696 Pervenerat
529 3634 563 3696 in
587 3652 623 3696 ea
646 3632 853 3715 descriptione
875 3651 975 3713 usque
998 3630 1038 3694 ad
1063 3637 1270 3708 Kouriandra:

88 3735 191 3819 itaque
212 3740 427 3803 intermissam
449 3741 661 3802 narrationem
686 3739 730 3800 sio
755 3734 950 3799 redorditur:
976 3735 1061 3812 μετα
1087 3745 1144 3801 ΔΗ
1170 3746 1270 3815 Κρομ·

89 3846 189 3912 μυῶνα
212 3845 274 3908 uri.
322 3841 371 3906 Ex
401 3842 460 3908 hao
488 3845 556 3927 ipsa
580 3841 742 3927 deperdita
765 3861 836 3906 orae
860 3843 1042 3907 maritimae
1064 3843 1271 3929 descriptione

87 3949 189 4012 tenuis
210 3947 366 4035 particula
389 3956 512 4014 servata
536 3955 583 4014 est
613 3948 707 4013 haec:
732 3943 790 4014 ἶν’ςε
813 3946 865 4012 τὸν
889 3953 1079 4028 Κρομμυῶνα
1100 3949 1272 4029 Μεγαρέων

89 4087 278 4103 ——

128 4172 154 4236 l)
176 4177 228 4226 Non
244 4181 308 4240 fugit
325 4179 350 4228 id
366 4179 545 4237 Gasanbonnm,
563 4179 604 4243 qui
621 4179 650 4226 ad
666 4174 721 4240 &nep
742 4174 807 4227 εἶπον
826 4175 849 4228 ἒν
868 4180 920 4235 τοῖς
938 4177 1038 4240 πρόσθεν
1053 4181 1189 4228 insomnii:
1213 4179 1273 4229 Udi?

90 4255 150 4303 Non
164 4261 218 4308 enim
234 4278 261 4310 eo
277 4267 328 4310 loco
345 4262 385 4310 ubi
402 4261 485 4310 dicirit
507 4262 631 4311 Graeciam
649 4261 674 4309 ia
688 4263 836 4324 pertinacitas.
862 4263 924 4311 Nam
941 4262 975 4310 ibi
991 4266 1058 4336 ἰοννρο
1074 4262 1144 4310 aliter
1160 4260 1274 4310 οἰοοοοίὂο·

89 4337 162 4385 hatur
176 4341 235 4390 lineo
250 4343 357 4391 isthmum
374 4344 444 4390 huius
460 4344 544 4392 tertiae
559 4345 698 4420 porrina-uiae
716 4343 826 4406 efficiam.
860 4343 922 4390 Sane
938 4343 961 4390 ai
976 4343 1021 4392 Ιιοο
1037 4358 1111 4405 cupra
1126 4342 1214 4391 dictam
1226 4342 1277 4404 suit

91 4429 173 4465 rocus
188 4434 264 4472 nomn
281 4424 485 4475 puerperarum&

1120 4505 1132 4550 7
