3034 4968
764 224 830 296 114

204 419 256 489 his
275 420 478 490 Aristotelem
501 419 644 486 fabulam
664 418 703 484 da
724 416 889 484 Atlantide
909 421 1013 483 totam
1033 413 1316 483 aPlatonefietam
1329 433 1406 478 esse

174 510 176 518 '
207 531 390 594 existimare
413 547 547 611 eamque
569 533 607 590 ut
630 525 694 590 alia
716 525 871 609 quaedam
894 522 1038 589 Platonis
1058 523 1269 602 reperissem
1290 521 1408 584 suavi-

206 640 256 698 ter
279 633 398 708 ridere,
424 638 457 696 et
480 631 612 707 dixisse,
638 630 908 716 quemadmodum
931 627 1092 694 Homerus
1114 632 1148 692 τὸ
1172 634 1231 692 τῶν
1255 624 1407 704 Ἀχαιῶν

206 747 313 821 τεῖχος
346 737 473 807 πλάσαι
508 735 676 813 idcircone,
709 737 754 801 sic
784 734 950 800 Platonem
976 735 1151 801 Atlantidis
1175 732 1315 798 insulam
1330 733 1408 815 fira-

207 846 287 909 οἰιισ
309 844 442 928 primm
467 841 506 907 ds
528 842 631 907 nihilo
655 848 687 907 ct
709 841 823 906 deinde
836 841 983 925 fiuctibus
1005 842 1146 906 obruisse.
1192 839 1304 905 Utrius
1327 858 1408 902 sen-

207 952 309 1016 tentia
331 952 375 1015 sit
397 951 518 1026 sanior,
543 946 708 1013 Posidonii
732 967 772 1013 nn
795 945 993 1026 Aristotelis,
1021 967 1084 1014 non
1106 946 1198 1012 credo
1218 963 1284 1012 esse
1301 943 1410 1011 valde

209 1057 390 1123 obscurum.

255 1267 424 1353 Sequitur:
458 1265 572 1349 εἰκάζει
605 1266 636 1332 δὲ
666 1266 718 1331 αα)
750 1268 806 1342 τὴν
828 1271 888 1330 τῶν
913 1264 1059 1346 Κίμβρον
1082 1264 1134 1329 καὶ
1158 1269 1218 1329 τῶν
1240 1269 1411 1342 συγγενῶν

211 1373 399 1449 ἔξανοίςασιν
433 1373 467 1437 ἔα
497 1379 552 1446 τῆς
583 1372 698 1443 οἰκείας
729 1370 871 1450 γενέσθαι
902 1371 988 1437 κατὰ
1019 1369 1178 1446 θαλάττης
1209 1369 1316 1449 ἔφοδον
1346 1372 1410 1435 οὐκ

206 1479 321 1559 ‚sapsas
341 1478 524 1557 condeiaco.
575 1477 638 1559 Qui
660 1478 745 1542 bunc
762 1476 870 1542 locum
889 1481 1113 1563 compararunt
1132 1497 1207 1543 cum
1227 1498 1301 1565 pag.
1322 1474 1410 1542 293.

213 1585 307 1652 obliti
338 1592 413 1650 sunt
443 1585 481 1650 da
506 1605 567 1670 qua
591 1605 624 1649 re
649 1591 773 1670 agatur.
820 1581 1010 1648 Posidonius
1032 1584 1146 1649 multis
1170 1583 1326 1669 exemplis
1350 1583 1412 1649 de-

212 1690 346 1764 claravit
378 1711 469 1776 saepe
498 1688 567 1756 ficri
598 1696 655 1756 aut
685 1697 787 1754 terrae
815 1693 908 1754 motu
939 1694 995 1754 aut
1022 1688 1183 1755 similibus
1207 1689 1410 1775 quibusdam

213 1800 316 1863 causis
346 1803 385 1862 ut
418 1799 557 1862 terrain
582 1795 684 1861 altum
707 1792 894 1865 extollatur,
920 1794 973 1859 rel
997 1795 1156 1872 considat,
1180 1795 1233 1861 rel
1257 1795 1411 1861 huiusce-

212 1903 301 1969 modi
331 1924 468 1990 magnae
491 1904 686 1968 mutationes
709 1905 741 1965 et
764 1919 872 1964 rerum
895 1902 1112 1966 conversiones
1134 1898 1221 1966 fiant.
1257 1897 1412 1965 Comme-

213 2015 319 2073 morat
348 2007 492 2073 Platonis
516 2006 732 2082 Atlantidem,
758 2025 855 2090 quam
879 2006 959 2070 dicit
980 2026 1043 2071 non
1065 2027 1132 2071 esse
1155 2005 1312 2071 dissimile
1336 2009 1411 2071 veri
1515 2005 1516 2072 l

214 2113 365 2178 fluctibus
393 2114 590 2178 submersam
615 2118 647 2176 et
669 2111 762 2196 plene
785 2111 932 2176 obrutam
957 2111 1063 2177 fuisso.
1110 2111 1232 2178 Deinde
1255 2112 1293 2177 dc
1317 2107 1411 2176 Cim-

214 2219 280 2282 bris
310 2214 472 2303 loquitur,
505 2238 620 2302 nempe
650 2223 687 2281 ut
710 2223 818 2302 pateat
839 2219 995 2304 migrasse
1019 2237 1071 2283 eos
1094 2237 1133 2283 ax
1156 2220 1254 2284 avitis
1276 2217 1411 2283 sedibus

215 2326 314 2387 maris
345 2326 509 2408 repentino
535 2326 660 2408 impetu
685 2327 816 2387 coactos.
865 2321 935 2403 Quo
958 2329 1050 2407 pacto
1073 2325 1175 2410 igitur
1197 2325 1232 2387 in
1254 2324 1313 2388 hac
1337 2343 1410 2388 sen·

216 2431 390 2494 tantiarmn
411 2431 630 2494 coniunctione
650 2429 784 2493 scribere
804 2431 911 2512 potuit
929 2428 962 2492 id
983 2429 1066 2514 quod
1088 2429 1173 2494 docti
1184 2431 1408 2514 suspicantur,

87 2621 90 2630 Α
214 2529 361 2599 Gimbros
394 2554 457 2598 non
492 2536 561 2600 vim
596 2554 750 2619 aquarum
786 2533 951 2621 effugisse,
984 2535 1038 2599 sed
1068 2535 1280 2600 latrocinandi
1309 2554 1410 2600 causa

214 2641 360 2726 regiones
393 2638 488 2726 longe
523 2639 650 2704 dissitas
683 2641 844 2724 petivisse.
898 2639 1028 2727 Pugnat
1060 2641 1094 2705 id
1129 2663 1205 2708 cum
1239 2639 1408 2706 Strabonis

215 2745 385 2810 manifesta
415 2747 579 2810 sententia.
621 2743 722 2810 Aliud
750 2746 853 2832 igitur
884 2747 1110 2830 quaerendum.
1146 2745 1184 2812 In
1206 2747 1297 2814 libris
1320 2746 1408 2832 qnod

216 2855 282 2928 est,
305 2850 420 2916 lacuna
441 2849 564 2917 laborat
587 2853 632 2916 sic
657 2850 721 2916 fere
745 2850 939 2936 supplenda:

625 2956 767 3034 γενέσθαι
820 2963 906 3021 κατα
953 2958 991 3020 δα

624 3059 745 3135 λάττης
776 3057 883 3138 ἔφοδον
913 3063 946 3127 οὐ
977 3088 996 3128 ιο

627 3165 706 3254 (cerel
729 3168 764 3232 τὸ
788 3167 886 3239 εἰωθὸς
909 3169 997 3255 ἀλλ’)

628 3271 737 3352 sitrico
812 3275 995 3351 συμβᾶσαν.

215 3381 293 3447 haec
327 3380 459 3445 demum
494 3398 569 3443 cum
604 3376 768 3445 Strabonis
803 3382 1080 3467 argumentatione
1115 3381 1194 3447 bene
1229 3386 1342 3447 coeunt
1372 3387 1408 3446 et

216 3489 396 3552 coniectura
428 3484 591 3550 Posidonii
620 3505 695 3572 pag.
726 3483 791 3550 293
817 3485 880 3580 alio
903 3491 1041 3571 spectat,
1064 3508 1180 3573 nempe
1200 3491 1240 3552 ut
1263 3487 1408 3553 ostendat

215 3591 285 3663 robe
310 3591 463 3670 Κίμβρους
488 3595 520 3656 et
543 3589 613 3663 σοὺς
637 3591 820 3667 Κιμμερίους
844 3590 914 3664 τοὺς
939 3593 1005 3673 περὶ
1025 3595 1081 3667 τὴν
1104 3599 1246 3660 Μαιῶτιν
1266 3613 1408 3659 ιιοιιοεεθ

218 3697 358 3763 diversos
380 3699 508 3762 nomine
530 3700 658 3762 tantum
680 3696 795 3762 leviter
818 3701 955 3764 mutato.

263 3906 326 3974 Sed
355 3909 585 3996 gravissimum.
615 3910 760 3975 omnium
791 3911 911 3975 vitium
943 3910 1066 3976 obsidet
1093 3933 1235 3998 eaquae
1258 3915 1408 3980 continuo

217 4021 419 4112 sequuntun
447 4013 544 4080 Ponit
566 4014 601 4080 σο
624 4021 678 4087 τῆς
703 4015 876 4094 οἰκουμένης
899 4024 996 4093 μῆκος
1021 4037 1088 4083 esse
1110 4017 1192 4082 imai
1217 4042 1275 4084 που
1296 4017 1409 4096 μυριά-

218 4121 273 4187 δων
304 4120 415 4188 retica
440 4157 484 4168 -
507 4117 564 4188 diss
596 4120 716 4206 (Φνσὶν)
750 4123 812 4187 aiud
845 4132 900 4204 τῆς
934 4122 1045 4193 δύσεαι
1081 4132 1211 4188 ΕΎΡΩΙ
1244 4126 1341 4190 πλέον
1371 4124 1409 4188 ἐν

217 4226 386 4296 τοσαύταις
409 4223 551 4304 μυριάσιν
576 4225 655 4290 ἔλθοι
678 4225 716 4292 ἂν
741 4229 783 4300 εἰς
806 4227 926 4301 Ἰνδούς.
973 4228 1164 4314 interpretes
1182 4232 1229 4296 nil
1248 4232 1409 4317 suspican—

218 4339 272 4400 tur
301 4331 382 4398 mali
412 4337 444 4397 et
473 4331 554 4398 bona
581 4329 643 4400 fide
665 4337 811 4398 vertunt:
839 4334 960 4420 „itaque
982 4336 1019 4400 cd
1043 4357 1147 4400 συσσια
1169 4341 1409 4418 concertante
